[
    {
        "date": "2011-09-30", 
        "operating_revenue": 10102957, 
        "accumulated_operating_revenue": 10102957, 
        "long_term_average": 10102957, 
        "short_term_average": 10102957
    }, 
    {
        "date": "2011-10-31", 
        "operating_revenue": 10433363, 
        "accumulated_operating_revenue": 20536320, 
        "long_term_average": 10268160, 
        "short_term_average": 10268160
    }, 
    {
        "date": "2011-11-30", 
        "operating_revenue": 10017952, 
        "accumulated_operating_revenue": 30554272, 
        "long_term_average": 10184757, 
        "short_term_average": 10184757
    }, 
    {
        "date": "2011-12-31", 
        "operating_revenue": 10191578, 
        "accumulated_operating_revenue": 40745850, 
        "long_term_average": 10186462, 
        "short_term_average": 10214297
    }, 
    {
        "date": "2012-01-31", 
        "operating_revenue": 7125036, 
        "accumulated_operating_revenue": 7125036, 
        "long_term_average": 9574177, 
        "short_term_average": 9111522
    }, 
    {
        "date": "2012-02-29", 
        "operating_revenue": 7983023, 
        "accumulated_operating_revenue": 15108059, 
        "long_term_average": 9308984, 
        "short_term_average": 8433212
    }, 
    {
        "date": "2012-03-31", 
        "operating_revenue": 10183718, 
        "accumulated_operating_revenue": 25291777, 
        "long_term_average": 9433946, 
        "short_term_average": 8430592
    }, 
    {
        "date": "2012-04-30", 
        "operating_revenue": 9913393, 
        "accumulated_operating_revenue": 35205170, 
        "long_term_average": 9493877, 
        "short_term_average": 9360044
    }, 
    {
        "date": "2012-05-31", 
        "operating_revenue": 9992244, 
        "accumulated_operating_revenue": 45197414, 
        "long_term_average": 9549251, 
        "short_term_average": 10029785
    }, 
    {
        "date": "2012-06-30", 
        "operating_revenue": 9363821, 
        "accumulated_operating_revenue": 54561235, 
        "long_term_average": 9530708, 
        "short_term_average": 9756486
    }, 
    {
        "date": "2012-07-31", 
        "operating_revenue": 9766416, 
        "accumulated_operating_revenue": 64327651, 
        "long_term_average": 9552136, 
        "short_term_average": 9707493
    }, 
    {
        "date": "2012-08-31", 
        "operating_revenue": 9581097, 
        "accumulated_operating_revenue": 73908748, 
        "long_term_average": 9554549, 
        "short_term_average": 9570444
    }, 
    {
        "accumulated_operating_revenue_yoy": 725.4738587920349, 
        "accumulated_operating_revenue": 83397269, 
        "long_term_average": 9503346, 
        "date": "2012-09-30", 
        "operating_revenue": 9488521, 
        "short_term_average": 9612011
    }, 
    {
        "accumulated_operating_revenue_yoy": 358.6578121104463, 
        "accumulated_operating_revenue": 94191436, 
        "long_term_average": 9533413, 
        "date": "2012-10-31", 
        "operating_revenue": 10794167, 
        "short_term_average": 9954595
    }, 
    {
        "accumulated_operating_revenue_yoy": 239.84935068981517, 
        "accumulated_operating_revenue": 103838495, 
        "long_term_average": 9502506, 
        "date": "2012-11-30", 
        "operating_revenue": 9647059, 
        "short_term_average": 9976582
    }, 
    {
        "accumulated_operating_revenue_yoy": 178.94163454683115, 
        "accumulated_operating_revenue": 113657140, 
        "long_term_average": 9471428, 
        "date": "2012-12-31", 
        "operating_revenue": 9818645, 
        "short_term_average": 10086623
    }, 
    {
        "accumulated_operating_revenue_yoy": 28.20236978451758, 
        "accumulated_operating_revenue": 9134465, 
        "long_term_average": 9638880, 
        "date": "2013-01-31", 
        "operating_revenue": 9134465, 
        "short_term_average": 9533389
    }, 
    {
        "accumulated_operating_revenue_yoy": -2.8676615573185145, 
        "accumulated_operating_revenue": 14674811, 
        "long_term_average": 9435324, 
        "date": "2013-02-28", 
        "operating_revenue": 5540346, 
        "short_term_average": 8164485
    }, 
    {
        "accumulated_operating_revenue_yoy": -4.582497307326409, 
        "accumulated_operating_revenue": 24132782, 
        "long_term_average": 9374845, 
        "date": "2013-03-31", 
        "operating_revenue": 9457971, 
        "short_term_average": 8044260
    }, 
    {
        "accumulated_operating_revenue_yoy": -3.275425171927873, 
        "accumulated_operating_revenue": 34052051, 
        "long_term_average": 9375335, 
        "date": "2013-04-30", 
        "operating_revenue": 9919269, 
        "short_term_average": 8305862
    }, 
    {
        "accumulated_operating_revenue_yoy": -3.543523529908149, 
        "accumulated_operating_revenue": 43595833, 
        "long_term_average": 9337963, 
        "date": "2013-05-31", 
        "operating_revenue": 9543782, 
        "short_term_average": 9640340
    }, 
    {
        "accumulated_operating_revenue_yoy": -2.653480992503194, 
        "accumulated_operating_revenue": 53113463, 
        "long_term_average": 9350780, 
        "date": "2013-06-30", 
        "operating_revenue": 9517630, 
        "short_term_average": 9660227
    }, 
    {
        "accumulated_operating_revenue_yoy": -2.0804428254344307, 
        "accumulated_operating_revenue": 62989351, 
        "long_term_average": 9359903, 
        "date": "2013-07-31", 
        "operating_revenue": 9875888, 
        "short_term_average": 9645766
    }, 
    {
        "accumulated_operating_revenue_yoy": -1.4670171384854198, 
        "accumulated_operating_revenue": 72824494, 
        "long_term_average": 9381073, 
        "date": "2013-08-31", 
        "operating_revenue": 9835143, 
        "short_term_average": 9742887
    }, 
    {
        "accumulated_operating_revenue_yoy": -0.6136891604927734, 
        "accumulated_operating_revenue": 82885469, 
        "long_term_average": 9428778, 
        "date": "2013-09-30", 
        "operating_revenue": 10060975, 
        "short_term_average": 9924002
    }, 
    {
        "accumulated_operating_revenue_yoy": -0.6920905208409818, 
        "accumulated_operating_revenue": 93539546, 
        "long_term_average": 9417104, 
        "date": "2013-10-31", 
        "operating_revenue": 10654077, 
        "short_term_average": 10183398
    }, 
    {
        "accumulated_operating_revenue_yoy": 0.8687905193541181, 
        "accumulated_operating_revenue": 104740634, 
        "long_term_average": 9546606, 
        "date": "2013-11-30", 
        "operating_revenue": 11201088, 
        "short_term_average": 10638713
    }, 
    {
        "accumulated_operating_revenue_yoy": 2.1997306988368703, 
        "accumulated_operating_revenue": 116157291, 
        "long_term_average": 9679774, 
        "date": "2013-12-31", 
        "operating_revenue": 11416657, 
        "short_term_average": 11090607
    }, 
    {
        "accumulated_operating_revenue_yoy": 7.304489097062608, 
        "accumulated_operating_revenue": 9801691, 
        "long_term_average": 9735376, 
        "date": "2014-01-31", 
        "operating_revenue": 9801691, 
        "short_term_average": 10806478
    }, 
    {
        "accumulated_operating_revenue_yoy": 8.277762487026239, 
        "accumulated_operating_revenue": 15889557, 
        "long_term_average": 9781003, 
        "date": "2014-02-28", 
        "operating_revenue": 6087866, 
        "short_term_average": 9102071
    }, 
    {
        "accumulated_operating_revenue_yoy": 10.739184566454046, 
        "accumulated_operating_revenue": 26724446, 
        "long_term_average": 9895746, 
        "date": "2014-03-31", 
        "operating_revenue": 10834889, 
        "short_term_average": 8908148
    }, 
    {
        "accumulated_operating_revenue_yoy": 12.434590210146226, 
        "accumulated_operating_revenue": 38286284, 
        "long_term_average": 10032627, 
        "date": "2014-04-30", 
        "operating_revenue": 11561838, 
        "short_term_average": 9494864
    }, 
    {
        "accumulated_operating_revenue_yoy": 12.19363786442617, 
        "accumulated_operating_revenue": 48911751, 
        "long_term_average": 10122767, 
        "date": "2014-05-31", 
        "operating_revenue": 10625467, 
        "short_term_average": 11007398
    }, 
    {
        "accumulated_operating_revenue_yoy": 10.310419789423259, 
        "accumulated_operating_revenue": 58589684, 
        "long_term_average": 10136126, 
        "date": "2014-06-30", 
        "operating_revenue": 9677933, 
        "short_term_average": 10621746
    }, 
    {
        "accumulated_operating_revenue_yoy": 9.411324145886184, 
        "accumulated_operating_revenue": 68917483, 
        "long_term_average": 10173785, 
        "date": "2014-07-31", 
        "operating_revenue": 10327799, 
        "short_term_average": 10210399
    }, 
    {
        "accumulated_operating_revenue_yoy": 8.299572943136413, 
        "accumulated_operating_revenue": 78868616, 
        "long_term_average": 10183451, 
        "date": "2014-08-31", 
        "operating_revenue": 9951133, 
        "short_term_average": 9985621
    }, 
    {
        "accumulated_operating_revenue_yoy": 6.996608778313121, 
        "accumulated_operating_revenue": 88684641, 
        "long_term_average": 10163038, 
        "date": "2014-09-30", 
        "operating_revenue": 9816025, 
        "short_term_average": 10031652
    }, 
    {
        "accumulated_operating_revenue_yoy": 5.959419559295274, 
        "accumulated_operating_revenue": 99113960, 
        "long_term_average": 10144308, 
        "date": "2014-10-31", 
        "operating_revenue": 10429319, 
        "short_term_average": 10065492
    }, 
    {
        "accumulated_operating_revenue_yoy": 3.505785538781444, 
        "accumulated_operating_revenue": 108412616, 
        "long_term_average": 9985772, 
        "date": "2014-11-30", 
        "operating_revenue": 9298656, 
        "short_term_average": 9848000
    }, 
    {
        "accumulated_operating_revenue_yoy": 1.8668410577860326, 
        "accumulated_operating_revenue": 118325763, 
        "long_term_average": 9860480, 
        "date": "2014-12-31", 
        "operating_revenue": 9913147, 
        "short_term_average": 9880374
    }, 
    {
        "accumulated_operating_revenue_yoy": -8.977757001317425, 
        "accumulated_operating_revenue": 8921719, 
        "long_term_average": 9787149, 
        "date": "2015-01-31", 
        "operating_revenue": 8921719, 
        "short_term_average": 9377840
    }, 
    {
        "accumulated_operating_revenue_yoy": -13.496411511032058, 
        "accumulated_operating_revenue": 13745037, 
        "long_term_average": 9681770, 
        "date": "2015-02-28", 
        "operating_revenue": 4823318, 
        "short_term_average": 7886061
    }, 
    {
        "accumulated_operating_revenue_yoy": -19.77328921991498, 
        "accumulated_operating_revenue": 21440144, 
        "long_term_average": 9420121, 
        "date": "2015-03-31", 
        "operating_revenue": 7695107, 
        "short_term_average": 7146714
    }, 
    {
        "accumulated_operating_revenue_yoy": -21.881972144384658, 
        "accumulated_operating_revenue": 29908490, 
        "long_term_average": 9162330, 
        "date": "2015-04-30", 
        "operating_revenue": 8468346, 
        "short_term_average": 6995590
    }, 
    {
        "accumulated_operating_revenue_yoy": -22.516654535635006, 
        "accumulated_operating_revenue": 37898461, 
        "long_term_average": 8942706, 
        "date": "2015-05-31", 
        "operating_revenue": 7989971, 
        "short_term_average": 8051141
    }, 
    {
        "accumulated_operating_revenue_yoy": -20.729536619449938, 
        "accumulated_operating_revenue": 46444314, 
        "long_term_average": 8848366, 
        "date": "2015-06-30", 
        "operating_revenue": 8545853, 
        "short_term_average": 8334723
    }, 
    {
        "accumulated_operating_revenue_yoy": -20.63744550856566, 
        "accumulated_operating_revenue": 54694675, 
        "long_term_average": 8675246, 
        "date": "2015-07-31", 
        "operating_revenue": 8250361, 
        "short_term_average": 8262061
    }, 
    {
        "accumulated_operating_revenue_yoy": -21.271482689641722, 
        "accumulated_operating_revenue": 62092092, 
        "long_term_average": 8462436, 
        "date": "2015-08-31", 
        "operating_revenue": 7397417, 
        "short_term_average": 8064543
    }, 
    {
        "accumulated_operating_revenue_yoy": -22.062822580518763, 
        "accumulated_operating_revenue": 69118306, 
        "long_term_average": 8229952, 
        "date": "2015-09-30", 
        "operating_revenue": 7026214, 
        "short_term_average": 7557997
    }
]