[
    {
        "date": "2012-01-31", 
        "operating_revenue": 3880184, 
        "accumulated_operating_revenue": 3880184, 
        "long_term_average": 3880184, 
        "short_term_average": 3880184
    }, 
    {
        "date": "2012-02-29", 
        "operating_revenue": 3612692, 
        "accumulated_operating_revenue": 7492876, 
        "long_term_average": 3746438, 
        "short_term_average": 3746438
    }, 
    {
        "date": "2012-03-31", 
        "operating_revenue": 5711687, 
        "accumulated_operating_revenue": 13204563, 
        "long_term_average": 4401521, 
        "short_term_average": 4401521
    }, 
    {
        "date": "2012-04-30", 
        "operating_revenue": 5704976, 
        "accumulated_operating_revenue": 18909539, 
        "long_term_average": 4727384, 
        "short_term_average": 5009785
    }, 
    {
        "date": "2012-05-31", 
        "operating_revenue": 5320424, 
        "accumulated_operating_revenue": 24229963, 
        "long_term_average": 4845992, 
        "short_term_average": 5579029
    }, 
    {
        "date": "2012-06-30", 
        "operating_revenue": 5702143, 
        "accumulated_operating_revenue": 29932106, 
        "long_term_average": 4988684, 
        "short_term_average": 5575847
    }, 
    {
        "date": "2012-07-31", 
        "operating_revenue": 5500097, 
        "accumulated_operating_revenue": 35432203, 
        "long_term_average": 5061743, 
        "short_term_average": 5507554
    }, 
    {
        "date": "2012-08-31", 
        "operating_revenue": 5494106, 
        "accumulated_operating_revenue": 40926309, 
        "long_term_average": 5115788, 
        "short_term_average": 5565448
    }, 
    {
        "date": "2012-09-30", 
        "operating_revenue": 5435641, 
        "accumulated_operating_revenue": 46361950, 
        "long_term_average": 5151327, 
        "short_term_average": 5476614
    }, 
    {
        "date": "2012-10-31", 
        "operating_revenue": 5697622, 
        "accumulated_operating_revenue": 52059572, 
        "long_term_average": 5205957, 
        "short_term_average": 5542456
    }, 
    {
        "date": "2012-11-30", 
        "operating_revenue": 5982277, 
        "accumulated_operating_revenue": 58041849, 
        "long_term_average": 5276531, 
        "short_term_average": 5705180
    }, 
    {
        "date": "2012-12-31", 
        "operating_revenue": 5799782, 
        "accumulated_operating_revenue": 63841631, 
        "long_term_average": 5320135, 
        "short_term_average": 5826560
    }, 
    {
        "accumulated_operating_revenue_yoy": 55.101227158299714, 
        "accumulated_operating_revenue": 6018213, 
        "long_term_average": 5498305, 
        "date": "2013-01-31", 
        "operating_revenue": 6018213, 
        "short_term_average": 5933424
    }, 
    {
        "accumulated_operating_revenue_yoy": 14.382915185037092, 
        "accumulated_operating_revenue": 8570570, 
        "long_term_average": 5409943, 
        "date": "2013-02-28", 
        "operating_revenue": 2552357, 
        "short_term_average": 4790117
    }, 
    {
        "accumulated_operating_revenue_yoy": 6.018843637612241, 
        "accumulated_operating_revenue": 13999325, 
        "long_term_average": 5386366, 
        "date": "2013-03-31", 
        "operating_revenue": 5428755, 
        "short_term_average": 4666441
    }, 
    {
        "accumulated_operating_revenue_yoy": 5.396926916092455, 
        "accumulated_operating_revenue": 19930073, 
        "long_term_average": 5405180, 
        "date": "2013-04-30", 
        "operating_revenue": 5930748, 
        "short_term_average": 4637286
    }, 
    {
        "accumulated_operating_revenue_yoy": 8.005732406607471, 
        "accumulated_operating_revenue": 26169749, 
        "long_term_average": 5481784, 
        "date": "2013-05-31", 
        "operating_revenue": 6239676, 
        "short_term_average": 5866393
    }, 
    {
        "accumulated_operating_revenue_yoy": 7.317884682086853, 
        "accumulated_operating_revenue": 32122503, 
        "long_term_average": 5502669, 
        "date": "2013-06-30", 
        "operating_revenue": 5952754, 
        "short_term_average": 6041059
    }, 
    {
        "accumulated_operating_revenue_yoy": 7.430144831807381, 
        "accumulated_operating_revenue": 38064867, 
        "long_term_average": 5539524, 
        "date": "2013-07-31", 
        "operating_revenue": 5942364, 
        "short_term_average": 6044931
    }, 
    {
        "accumulated_operating_revenue_yoy": 7.146173382016932, 
        "accumulated_operating_revenue": 43850974, 
        "long_term_average": 5563858, 
        "date": "2013-08-31", 
        "operating_revenue": 5786107, 
        "short_term_average": 5893741
    }, 
    {
        "accumulated_operating_revenue_yoy": 7.265479558129026, 
        "accumulated_operating_revenue": 49730368, 
        "long_term_average": 5600837, 
        "date": "2013-09-30", 
        "operating_revenue": 5879394, 
        "short_term_average": 5869288
    }, 
    {
        "accumulated_operating_revenue_yoy": 7.970611053045154, 
        "accumulated_operating_revenue": 56209038, 
        "long_term_average": 5665924, 
        "date": "2013-10-31", 
        "operating_revenue": 6478670, 
        "short_term_average": 6048057
    }, 
    {
        "accumulated_operating_revenue_yoy": 8.704347099624618, 
        "accumulated_operating_revenue": 63094013, 
        "long_term_average": 5741149, 
        "date": "2013-11-30", 
        "operating_revenue": 6884975, 
        "short_term_average": 6414346
    }, 
    {
        "accumulated_operating_revenue_yoy": 9.987924650609255, 
        "accumulated_operating_revenue": 70218085, 
        "long_term_average": 5851507, 
        "date": "2013-12-31", 
        "operating_revenue": 7124072, 
        "short_term_average": 6829239
    }, 
    {
        "accumulated_operating_revenue_yoy": -0.029427339976169007, 
        "accumulated_operating_revenue": 6016442, 
        "long_term_average": 5851359, 
        "date": "2014-01-31", 
        "operating_revenue": 6016442, 
        "short_term_average": 6675163
    }, 
    {
        "accumulated_operating_revenue_yoy": 7.222833487154297, 
        "accumulated_operating_revenue": 9189608, 
        "long_term_average": 5903093, 
        "date": "2014-02-28", 
        "operating_revenue": 3173166, 
        "short_term_average": 5437893
    }, 
    {
        "accumulated_operating_revenue_yoy": 16.206209942265072, 
        "accumulated_operating_revenue": 16268085, 
        "long_term_average": 6040570, 
        "date": "2014-03-31", 
        "operating_revenue": 7078477, 
        "short_term_average": 5422695
    }, 
    {
        "accumulated_operating_revenue_yoy": 15.423009238350508, 
        "accumulated_operating_revenue": 23003890, 
        "long_term_average": 6107658, 
        "date": "2014-04-30", 
        "operating_revenue": 6735805, 
        "short_term_average": 5662482
    }, 
    {
        "accumulated_operating_revenue_yoy": 16.89915329336938, 
        "accumulated_operating_revenue": 30592215, 
        "long_term_average": 6220045, 
        "date": "2014-05-31", 
        "operating_revenue": 7588325, 
        "short_term_average": 7134202
    }, 
    {
        "accumulated_operating_revenue_yoy": 16.715173160696725, 
        "accumulated_operating_revenue": 37491835, 
        "long_term_average": 6298951, 
        "date": "2014-06-30", 
        "operating_revenue": 6899620, 
        "short_term_average": 7074583
    }, 
    {
        "accumulated_operating_revenue_yoy": 15.95936483897343, 
        "accumulated_operating_revenue": 44139778, 
        "long_term_average": 6357749, 
        "date": "2014-07-31", 
        "operating_revenue": 6647943, 
        "short_term_average": 7045296
    }, 
    {
        "accumulated_operating_revenue_yoy": 15.782281141577382, 
        "accumulated_operating_revenue": 50771658, 
        "long_term_average": 6428230, 
        "date": "2014-08-31", 
        "operating_revenue": 6631880, 
        "short_term_average": 6726481
    }, 
    {
        "accumulated_operating_revenue_yoy": 15.177768240122413, 
        "accumulated_operating_revenue": 57278328, 
        "long_term_average": 6480503, 
        "date": "2014-09-30", 
        "operating_revenue": 6506670, 
        "short_term_average": 6595497
    }, 
    {
        "accumulated_operating_revenue_yoy": 13.941332708807433, 
        "accumulated_operating_revenue": 64045327, 
        "long_term_average": 6504531, 
        "date": "2014-10-31", 
        "operating_revenue": 6766999, 
        "short_term_average": 6635183
    }, 
    {
        "accumulated_operating_revenue_yoy": 11.809145821807213, 
        "accumulated_operating_revenue": 70544877, 
        "long_term_average": 6472412, 
        "date": "2014-11-30", 
        "operating_revenue": 6499550, 
        "short_term_average": 6591073
    }, 
    {
        "accumulated_operating_revenue_yoy": 10.744163700847153, 
        "accumulated_operating_revenue": 77762431, 
        "long_term_average": 6480202, 
        "date": "2014-12-31", 
        "operating_revenue": 7217554, 
        "short_term_average": 6828034
    }, 
    {
        "accumulated_operating_revenue_yoy": 13.885000470377676, 
        "accumulated_operating_revenue": 6851825, 
        "long_term_average": 6549817, 
        "date": "2015-01-31", 
        "operating_revenue": 6851825, 
        "short_term_average": 6856309
    }, 
    {
        "accumulated_operating_revenue_yoy": 10.245953907936007, 
        "accumulated_operating_revenue": 10131171, 
        "long_term_average": 6558666, 
        "date": "2015-02-28", 
        "operating_revenue": 3279346, 
        "short_term_average": 5782908
    }, 
    {
        "accumulated_operating_revenue_yoy": -5.301761086200373, 
        "accumulated_operating_revenue": 15405590, 
        "long_term_average": 6408328, 
        "date": "2015-03-31", 
        "operating_revenue": 5274419, 
        "short_term_average": 5135196
    }, 
    {
        "accumulated_operating_revenue_yoy": -7.9572454919580995, 
        "accumulated_operating_revenue": 21173414, 
        "long_term_average": 6327662, 
        "date": "2015-04-30", 
        "operating_revenue": 5767824, 
        "short_term_average": 4773863
    }, 
    {
        "accumulated_operating_revenue_yoy": -12.405404446850286, 
        "accumulated_operating_revenue": 26797127, 
        "long_term_average": 6163945, 
        "date": "2015-05-31", 
        "operating_revenue": 5623713, 
        "short_term_average": 5555318
    }, 
    {
        "accumulated_operating_revenue_yoy": -13.81147655216129, 
        "accumulated_operating_revenue": 32313659, 
        "long_term_average": 6048687, 
        "date": "2015-06-30", 
        "operating_revenue": 5516532, 
        "short_term_average": 5636023
    }, 
    {
        "accumulated_operating_revenue_yoy": -13.773245529236691, 
        "accumulated_operating_revenue": 38060298, 
        "long_term_average": 5973579, 
        "date": "2015-07-31", 
        "operating_revenue": 5746639, 
        "short_term_average": 5628961
    }, 
    {
        "accumulated_operating_revenue_yoy": -14.179058324232782, 
        "accumulated_operating_revenue": 43572715, 
        "long_term_average": 5880290, 
        "date": "2015-08-31", 
        "operating_revenue": 5512417, 
        "short_term_average": 5591862
    }
]