[
    {
        "date": "2012-01-31", 
        "operating_revenue": 355452, 
        "accumulated_operating_revenue": 355452, 
        "long_term_average": 355452, 
        "short_term_average": 355452
    }, 
    {
        "date": "2012-02-29", 
        "operating_revenue": 325619, 
        "accumulated_operating_revenue": 681071, 
        "long_term_average": 340535, 
        "short_term_average": 340535
    }, 
    {
        "date": "2012-03-31", 
        "operating_revenue": 320899, 
        "accumulated_operating_revenue": 1001970, 
        "long_term_average": 333990, 
        "short_term_average": 333990
    }, 
    {
        "date": "2012-04-30", 
        "operating_revenue": 373101, 
        "accumulated_operating_revenue": 1375071, 
        "long_term_average": 343767, 
        "short_term_average": 339873
    }, 
    {
        "date": "2012-05-31", 
        "operating_revenue": 365841, 
        "accumulated_operating_revenue": 1740912, 
        "long_term_average": 348182, 
        "short_term_average": 353280
    }, 
    {
        "date": "2012-06-30", 
        "operating_revenue": 597677, 
        "accumulated_operating_revenue": 2338589, 
        "long_term_average": 389764, 
        "short_term_average": 445539
    }, 
    {
        "date": "2012-07-31", 
        "operating_revenue": 332006, 
        "accumulated_operating_revenue": 2670595, 
        "long_term_average": 381513, 
        "short_term_average": 431841
    }, 
    {
        "date": "2012-08-31", 
        "operating_revenue": 202149, 
        "accumulated_operating_revenue": 2872744, 
        "long_term_average": 359093, 
        "short_term_average": 377277
    }, 
    {
        "date": "2012-09-30", 
        "operating_revenue": 208505, 
        "accumulated_operating_revenue": 3081249, 
        "long_term_average": 342361, 
        "short_term_average": 247553
    }, 
    {
        "date": "2012-10-31", 
        "operating_revenue": 347682, 
        "accumulated_operating_revenue": 3428931, 
        "long_term_average": 342893, 
        "short_term_average": 252778
    }, 
    {
        "date": "2012-11-30", 
        "operating_revenue": 309917, 
        "accumulated_operating_revenue": 3738848, 
        "long_term_average": 339895, 
        "short_term_average": 288701
    }, 
    {
        "date": "2012-12-31", 
        "operating_revenue": 1034098, 
        "accumulated_operating_revenue": 4772946, 
        "long_term_average": 397745, 
        "short_term_average": 563899
    }, 
    {
        "accumulated_operating_revenue_yoy": -18.848395845289943, 
        "accumulated_operating_revenue": 288455, 
        "long_term_average": 392162, 
        "date": "2013-01-31", 
        "operating_revenue": 288455, 
        "short_term_average": 544156
    }, 
    {
        "accumulated_operating_revenue_yoy": -33.17980063752531, 
        "accumulated_operating_revenue": 455093, 
        "long_term_average": 378914, 
        "date": "2013-02-28", 
        "operating_revenue": 166638, 
        "short_term_average": 496397
    }, 
    {
        "accumulated_operating_revenue_yoy": -26.026827150513487, 
        "accumulated_operating_revenue": 741189, 
        "long_term_average": 376013, 
        "date": "2013-03-31", 
        "operating_revenue": 286096, 
        "short_term_average": 247063
    }, 
    {
        "accumulated_operating_revenue_yoy": -19.53920924810428, 
        "accumulated_operating_revenue": 1106393, 
        "long_term_average": 375355, 
        "date": "2013-04-30", 
        "operating_revenue": 365204, 
        "short_term_average": 272646
    }, 
    {
        "accumulated_operating_revenue_yoy": -14.470461459281111, 
        "accumulated_operating_revenue": 1488994, 
        "long_term_average": 376752, 
        "date": "2013-05-31", 
        "operating_revenue": 382601, 
        "short_term_average": 344633
    }, 
    {
        "accumulated_operating_revenue_yoy": -23.35823011226, 
        "accumulated_operating_revenue": 1792336, 
        "long_term_average": 352224, 
        "date": "2013-06-30", 
        "operating_revenue": 303342, 
        "short_term_average": 350382
    }, 
    {
        "accumulated_operating_revenue_yoy": -21.86123317088514, 
        "accumulated_operating_revenue": 2086770, 
        "long_term_average": 349093, 
        "date": "2013-07-31", 
        "operating_revenue": 294434, 
        "short_term_average": 326792
    }, 
    {
        "accumulated_operating_revenue_yoy": -15.660497419888442, 
        "accumulated_operating_revenue": 2422858, 
        "long_term_average": 360255, 
        "date": "2013-08-31", 
        "operating_revenue": 336088, 
        "short_term_average": 311288
    }, 
    {
        "accumulated_operating_revenue_yoy": -11.158721674230158, 
        "accumulated_operating_revenue": 2737421, 
        "long_term_average": 369093, 
        "date": "2013-09-30", 
        "operating_revenue": 314563, 
        "short_term_average": 315028
    }, 
    {
        "accumulated_operating_revenue_yoy": -7.632903665894706, 
        "accumulated_operating_revenue": 3167204, 
        "long_term_average": 375934, 
        "date": "2013-10-31", 
        "operating_revenue": 429783, 
        "short_term_average": 360144
    }, 
    {
        "accumulated_operating_revenue_yoy": -1.6613940978611594, 
        "accumulated_operating_revenue": 3676731, 
        "long_term_average": 392569, 
        "date": "2013-11-30", 
        "operating_revenue": 509527, 
        "short_term_average": 417957
    }, 
    {
        "accumulated_operating_revenue_yoy": -10.571542187990394, 
        "accumulated_operating_revenue": 4268372, 
        "long_term_average": 355697, 
        "date": "2013-12-31", 
        "operating_revenue": 591641, 
        "short_term_average": 510317
    }, 
    {
        "accumulated_operating_revenue_yoy": 54.68825293373316, 
        "accumulated_operating_revenue": 446206, 
        "long_term_average": 368843, 
        "date": "2014-01-31", 
        "operating_revenue": 446206, 
        "short_term_average": 515791
    }, 
    {
        "accumulated_operating_revenue_yoy": 35.083158826877145, 
        "accumulated_operating_revenue": 614754, 
        "long_term_average": 369002, 
        "date": "2014-02-28", 
        "operating_revenue": 168548, 
        "short_term_average": 402131
    }, 
    {
        "accumulated_operating_revenue_yoy": 37.535230555229504, 
        "accumulated_operating_revenue": 1019396, 
        "long_term_average": 378881, 
        "date": "2014-03-31", 
        "operating_revenue": 404642, 
        "short_term_average": 339798
    }, 
    {
        "accumulated_operating_revenue_yoy": 27.001345814733103, 
        "accumulated_operating_revenue": 1405134, 
        "long_term_average": 380592, 
        "date": "2014-04-30", 
        "operating_revenue": 385738, 
        "short_term_average": 319642
    }, 
    {
        "accumulated_operating_revenue_yoy": 13.26163839478198, 
        "accumulated_operating_revenue": 1686459, 
        "long_term_average": 372153, 
        "date": "2014-05-31", 
        "operating_revenue": 281325, 
        "short_term_average": 357235
    }, 
    {
        "accumulated_operating_revenue_yoy": 6.503635479061962, 
        "accumulated_operating_revenue": 1908903, 
        "long_term_average": 365411, 
        "date": "2014-06-30", 
        "operating_revenue": 222444, 
        "short_term_average": 296502
    }, 
    {
        "accumulated_operating_revenue_yoy": 3.3002199571586712, 
        "accumulated_operating_revenue": 2155638, 
        "long_term_average": 361436, 
        "date": "2014-07-31", 
        "operating_revenue": 246735, 
        "short_term_average": 250168
    }, 
    {
        "accumulated_operating_revenue_yoy": 2.394155992633493, 
        "accumulated_operating_revenue": 2480865, 
        "long_term_average": 360531, 
        "date": "2014-08-31", 
        "operating_revenue": 325227, 
        "short_term_average": 264802
    }, 
    {
        "accumulated_operating_revenue_yoy": 2.940395357528126, 
        "accumulated_operating_revenue": 2817912, 
        "long_term_average": 362405, 
        "date": "2014-09-30", 
        "operating_revenue": 337047, 
        "short_term_average": 303003
    }, 
    {
        "accumulated_operating_revenue_yoy": 0.9926105170364775, 
        "accumulated_operating_revenue": 3198642, 
        "long_term_average": 358317, 
        "date": "2014-10-31", 
        "operating_revenue": 380730, 
        "short_term_average": 347668
    }, 
    {
        "accumulated_operating_revenue_yoy": -2.4222332283759678, 
        "accumulated_operating_revenue": 3587672, 
        "long_term_average": 348276, 
        "date": "2014-11-30", 
        "operating_revenue": 389030, 
        "short_term_average": 368935
    }, 
    {
        "accumulated_operating_revenue_yoy": -7.7340259939855285, 
        "accumulated_operating_revenue": 3938255, 
        "long_term_average": 328187, 
        "date": "2014-12-31", 
        "operating_revenue": 350583, 
        "short_term_average": 373447
    }, 
    {
        "accumulated_operating_revenue_yoy": -30.462611439559307, 
        "accumulated_operating_revenue": 310280, 
        "long_term_average": 316860, 
        "date": "2015-01-31", 
        "operating_revenue": 310280, 
        "short_term_average": 349964
    }, 
    {
        "accumulated_operating_revenue_yoy": -23.4484037517446, 
        "accumulated_operating_revenue": 470604, 
        "long_term_average": 316175, 
        "date": "2015-02-28", 
        "operating_revenue": 160324, 
        "short_term_average": 273729
    }, 
    {
        "accumulated_operating_revenue_yoy": -34.145023131344445, 
        "accumulated_operating_revenue": 671323, 
        "long_term_average": 299181, 
        "date": "2015-03-31", 
        "operating_revenue": 200719, 
        "short_term_average": 223774
    }, 
    {
        "accumulated_operating_revenue_yoy": -32.785841065691955, 
        "accumulated_operating_revenue": 944449, 
        "long_term_average": 289797, 
        "date": "2015-04-30", 
        "operating_revenue": 273126, 
        "short_term_average": 211389
    }, 
    {
        "accumulated_operating_revenue_yoy": -24.990053123141447, 
        "accumulated_operating_revenue": 1265012, 
        "long_term_average": 293067, 
        "date": "2015-05-31", 
        "operating_revenue": 320563, 
        "short_term_average": 264802
    }, 
    {
        "accumulated_operating_revenue_yoy": -26.20206474608715, 
        "accumulated_operating_revenue": 1408731, 
        "long_term_average": 286506, 
        "date": "2015-06-30", 
        "operating_revenue": 143719, 
        "short_term_average": 245802
    }, 
    {
        "accumulated_operating_revenue_yoy": -26.50310488124629, 
        "accumulated_operating_revenue": 1584327, 
        "long_term_average": 280578, 
        "date": "2015-07-31", 
        "operating_revenue": 175596, 
        "short_term_average": 213292
    }, 
    {
        "accumulated_operating_revenue_yoy": -28.717846396317416, 
        "accumulated_operating_revenue": 1768414, 
        "long_term_average": 268817, 
        "date": "2015-08-31", 
        "operating_revenue": 184087, 
        "short_term_average": 167800
    }
]