[
    {
        "date": "2012-01-31", 
        "operating_revenue": 318999, 
        "accumulated_operating_revenue": 318999, 
        "long_term_average": 318999, 
        "short_term_average": 318999
    }, 
    {
        "date": "2012-02-29", 
        "operating_revenue": 374052, 
        "accumulated_operating_revenue": 693051, 
        "long_term_average": 346525, 
        "short_term_average": 346525
    }, 
    {
        "date": "2012-03-31", 
        "operating_revenue": 459409, 
        "accumulated_operating_revenue": 1152460, 
        "long_term_average": 384153, 
        "short_term_average": 384153
    }, 
    {
        "date": "2012-04-30", 
        "operating_revenue": 412920, 
        "accumulated_operating_revenue": 1565380, 
        "long_term_average": 391345, 
        "short_term_average": 415460
    }, 
    {
        "date": "2012-05-31", 
        "operating_revenue": 400124, 
        "accumulated_operating_revenue": 1965504, 
        "long_term_average": 393100, 
        "short_term_average": 424151
    }, 
    {
        "date": "2012-06-30", 
        "operating_revenue": 321313, 
        "accumulated_operating_revenue": 2286817, 
        "long_term_average": 381136, 
        "short_term_average": 378119
    }, 
    {
        "date": "2012-07-31", 
        "operating_revenue": 408931, 
        "accumulated_operating_revenue": 2695748, 
        "long_term_average": 385106, 
        "short_term_average": 376789
    }, 
    {
        "date": "2012-08-31", 
        "operating_revenue": 338855, 
        "accumulated_operating_revenue": 3034603, 
        "long_term_average": 379325, 
        "short_term_average": 356366
    }, 
    {
        "date": "2012-09-30", 
        "operating_revenue": 444328, 
        "accumulated_operating_revenue": 3478931, 
        "long_term_average": 386547, 
        "short_term_average": 397371
    }, 
    {
        "date": "2012-10-31", 
        "operating_revenue": 465013, 
        "accumulated_operating_revenue": 3943944, 
        "long_term_average": 394394, 
        "short_term_average": 416065
    }, 
    {
        "date": "2012-11-30", 
        "operating_revenue": 436422, 
        "accumulated_operating_revenue": 4380366, 
        "long_term_average": 398215, 
        "short_term_average": 448587
    }, 
    {
        "date": "2012-12-31", 
        "operating_revenue": 445968, 
        "accumulated_operating_revenue": 4826334, 
        "long_term_average": 402194, 
        "short_term_average": 449134
    }, 
    {
        "accumulated_operating_revenue_yoy": 52.502358941564076, 
        "accumulated_operating_revenue": 486481, 
        "long_term_average": 416151, 
        "date": "2013-01-31", 
        "operating_revenue": 486481, 
        "short_term_average": 456290
    }, 
    {
        "accumulated_operating_revenue_yoy": 13.460769842334836, 
        "accumulated_operating_revenue": 786341, 
        "long_term_average": 409968, 
        "date": "2013-02-28", 
        "operating_revenue": 299860, 
        "short_term_average": 410769
    }, 
    {
        "accumulated_operating_revenue_yoy": 8.296426774031202, 
        "accumulated_operating_revenue": 1248073, 
        "long_term_average": 410162, 
        "date": "2013-03-31", 
        "operating_revenue": 461732, 
        "short_term_average": 416024
    }, 
    {
        "accumulated_operating_revenue_yoy": 4.939631271640113, 
        "accumulated_operating_revenue": 1642704, 
        "long_term_average": 408638, 
        "date": "2013-04-30", 
        "operating_revenue": 394631, 
        "short_term_average": 385407
    }, 
    {
        "accumulated_operating_revenue_yoy": 4.267455064960438, 
        "accumulated_operating_revenue": 2049381, 
        "long_term_average": 409184, 
        "date": "2013-05-31", 
        "operating_revenue": 406677, 
        "short_term_average": 421013
    }, 
    {
        "accumulated_operating_revenue_yoy": 7.807008606285505, 
        "accumulated_operating_revenue": 2465349, 
        "long_term_average": 417072, 
        "date": "2013-06-30", 
        "operating_revenue": 415968, 
        "short_term_average": 405758
    }, 
    {
        "accumulated_operating_revenue_yoy": 8.272212387804794, 
        "accumulated_operating_revenue": 2918746, 
        "long_term_average": 420777, 
        "date": "2013-07-31", 
        "operating_revenue": 453397, 
        "short_term_average": 425347
    }, 
    {
        "accumulated_operating_revenue_yoy": 9.1394492129613, 
        "accumulated_operating_revenue": 3311949, 
        "long_term_average": 425306, 
        "date": "2013-08-31", 
        "operating_revenue": 393203, 
        "short_term_average": 420856
    }, 
    {
        "accumulated_operating_revenue_yoy": 8.097573651216422, 
        "accumulated_operating_revenue": 3760640, 
        "long_term_average": 425670, 
        "date": "2013-09-30", 
        "operating_revenue": 448691, 
        "short_term_average": 431763
    }, 
    {
        "accumulated_operating_revenue_yoy": 8.573676502506121, 
        "accumulated_operating_revenue": 4282085, 
        "long_term_average": 430372, 
        "date": "2013-10-31", 
        "operating_revenue": 521445, 
        "short_term_average": 454446
    }, 
    {
        "accumulated_operating_revenue_yoy": 8.664686923421467, 
        "accumulated_operating_revenue": 4759911, 
        "long_term_average": 433823, 
        "date": "2013-11-30", 
        "operating_revenue": 477826, 
        "short_term_average": 482654
    }, 
    {
        "accumulated_operating_revenue_yoy": 9.321319245622039, 
        "accumulated_operating_revenue": 5276212, 
        "long_term_average": 439684, 
        "date": "2013-12-31", 
        "operating_revenue": 516301, 
        "short_term_average": 505190
    }, 
    {
        "accumulated_operating_revenue_yoy": 5.3138765953860485, 
        "accumulated_operating_revenue": 512332, 
        "long_term_average": 441838, 
        "date": "2014-01-31", 
        "operating_revenue": 512332, 
        "short_term_average": 502153
    }, 
    {
        "accumulated_operating_revenue_yoy": 7.719551695765578, 
        "accumulated_operating_revenue": 847043, 
        "long_term_average": 444742, 
        "date": "2014-02-28", 
        "operating_revenue": 334711, 
        "short_term_average": 454448
    }, 
    {
        "accumulated_operating_revenue_yoy": 10.503231782115309, 
        "accumulated_operating_revenue": 1379161, 
        "long_term_average": 450608, 
        "date": "2014-03-31", 
        "operating_revenue": 532118, 
        "short_term_average": 459720
    }, 
    {
        "accumulated_operating_revenue_yoy": 14.37440951017347, 
        "accumulated_operating_revenue": 1878833, 
        "long_term_average": 459361, 
        "date": "2014-04-30", 
        "operating_revenue": 499672, 
        "short_term_average": 455500
    }, 
    {
        "accumulated_operating_revenue_yoy": 14.95397878676537, 
        "accumulated_operating_revenue": 2355845, 
        "long_term_average": 465223, 
        "date": "2014-05-31", 
        "operating_revenue": 477012, 
        "short_term_average": 502934
    }, 
    {
        "accumulated_operating_revenue_yoy": 15.016048437766823, 
        "accumulated_operating_revenue": 2835547, 
        "long_term_average": 470534, 
        "date": "2014-06-30", 
        "operating_revenue": 479702, 
        "short_term_average": 485462
    }, 
    {
        "accumulated_operating_revenue_yoy": 13.990014889956164, 
        "accumulated_operating_revenue": 3327079, 
        "long_term_average": 473712, 
        "date": "2014-07-31", 
        "operating_revenue": 491532, 
        "short_term_average": 482748
    }, 
    {
        "accumulated_operating_revenue_yoy": 14.106376638046056, 
        "accumulated_operating_revenue": 3779145, 
        "long_term_average": 478617, 
        "date": "2014-08-31", 
        "operating_revenue": 452066, 
        "short_term_average": 474433
    }, 
    {
        "accumulated_operating_revenue_yoy": 12.808617682096665, 
        "accumulated_operating_revenue": 4242326, 
        "long_term_average": 479824, 
        "date": "2014-09-30", 
        "operating_revenue": 463181, 
        "short_term_average": 468926
    }, 
    {
        "accumulated_operating_revenue_yoy": 11.689749269339586, 
        "accumulated_operating_revenue": 4782650, 
        "long_term_average": 481398, 
        "date": "2014-10-31", 
        "operating_revenue": 540324, 
        "short_term_average": 485190
    }, 
    {
        "accumulated_operating_revenue_yoy": 10.666922133628129, 
        "accumulated_operating_revenue": 5267647, 
        "long_term_average": 481995, 
        "date": "2014-11-30", 
        "operating_revenue": 484997, 
        "short_term_average": 496167
    }, 
    {
        "accumulated_operating_revenue_yoy": 10.304589732179071, 
        "accumulated_operating_revenue": 5819904, 
        "long_term_average": 484992, 
        "date": "2014-12-31", 
        "operating_revenue": 552257, 
        "short_term_average": 525859
    }, 
    {
        "accumulated_operating_revenue_yoy": 1.6013054035274001, 
        "accumulated_operating_revenue": 520536, 
        "long_term_average": 485675, 
        "date": "2015-01-31", 
        "operating_revenue": 520536, 
        "short_term_average": 519263
    }, 
    {
        "accumulated_operating_revenue_yoy": 1.065353234723621, 
        "accumulated_operating_revenue": 856067, 
        "long_term_average": 485744, 
        "date": "2015-02-28", 
        "operating_revenue": 335531, 
        "short_term_average": 469441
    }, 
    {
        "accumulated_operating_revenue_yoy": -3.753151372464854, 
        "accumulated_operating_revenue": 1327399, 
        "long_term_average": 480678, 
        "date": "2015-03-31", 
        "operating_revenue": 471332, 
        "short_term_average": 442466
    }, 
    {
        "accumulated_operating_revenue_yoy": -5.515285286132402, 
        "accumulated_operating_revenue": 1775210, 
        "long_term_average": 476356, 
        "date": "2015-04-30", 
        "operating_revenue": 447811, 
        "short_term_average": 418224
    }, 
    {
        "accumulated_operating_revenue_yoy": -8.867943349413904, 
        "accumulated_operating_revenue": 2146930, 
        "long_term_average": 467582, 
        "date": "2015-05-31", 
        "operating_revenue": 371720, 
        "short_term_average": 430287
    }, 
    {
        "accumulated_operating_revenue_yoy": -9.780511485085594, 
        "accumulated_operating_revenue": 2558216, 
        "long_term_average": 461881, 
        "date": "2015-06-30", 
        "operating_revenue": 411286, 
        "short_term_average": 410272
    }, 
    {
        "accumulated_operating_revenue_yoy": -10.701489204193829, 
        "accumulated_operating_revenue": 2971032, 
        "long_term_average": 455321, 
        "date": "2015-07-31", 
        "operating_revenue": 412816, 
        "short_term_average": 398607
    }, 
    {
        "accumulated_operating_revenue_yoy": -11.431845033731175, 
        "accumulated_operating_revenue": 3347119, 
        "long_term_average": 448989, 
        "date": "2015-08-31", 
        "operating_revenue": 376087, 
        "short_term_average": 400063
    }, 
    {
        "accumulated_operating_revenue_yoy": -11.114940247402014, 
        "accumulated_operating_revenue": 3770794, 
        "long_term_average": 445697, 
        "date": "2015-09-30", 
        "operating_revenue": 423675, 
        "short_term_average": 404192
    }
]