[
    {
        "date": "2012-01-31", 
        "operating_revenue": 286229, 
        "accumulated_operating_revenue": 286229, 
        "long_term_average": 286229, 
        "short_term_average": 286229
    }, 
    {
        "date": "2012-02-29", 
        "operating_revenue": 283916, 
        "accumulated_operating_revenue": 570145, 
        "long_term_average": 285072, 
        "short_term_average": 285072
    }, 
    {
        "date": "2012-03-31", 
        "operating_revenue": 378268, 
        "accumulated_operating_revenue": 948413, 
        "long_term_average": 316137, 
        "short_term_average": 316137
    }, 
    {
        "date": "2012-04-30", 
        "operating_revenue": 345557, 
        "accumulated_operating_revenue": 1293970, 
        "long_term_average": 323492, 
        "short_term_average": 335913
    }, 
    {
        "date": "2012-05-31", 
        "operating_revenue": 388303, 
        "accumulated_operating_revenue": 1682273, 
        "long_term_average": 336454, 
        "short_term_average": 370709
    }, 
    {
        "date": "2012-06-30", 
        "operating_revenue": 318707, 
        "accumulated_operating_revenue": 2000980, 
        "long_term_average": 333496, 
        "short_term_average": 350855
    }, 
    {
        "date": "2012-07-31", 
        "operating_revenue": 363010, 
        "accumulated_operating_revenue": 2363990, 
        "long_term_average": 337712, 
        "short_term_average": 356673
    }, 
    {
        "date": "2012-08-31", 
        "operating_revenue": 294049, 
        "accumulated_operating_revenue": 2658039, 
        "long_term_average": 332254, 
        "short_term_average": 325255
    }, 
    {
        "date": "2012-09-30", 
        "operating_revenue": 346773, 
        "accumulated_operating_revenue": 3004812, 
        "long_term_average": 333868, 
        "short_term_average": 334610
    }, 
    {
        "date": "2012-10-31", 
        "operating_revenue": 423484, 
        "accumulated_operating_revenue": 3428296, 
        "long_term_average": 342829, 
        "short_term_average": 354768
    }, 
    {
        "date": "2012-11-30", 
        "operating_revenue": 360542, 
        "accumulated_operating_revenue": 3788838, 
        "long_term_average": 344439, 
        "short_term_average": 376933
    }, 
    {
        "date": "2012-12-31", 
        "operating_revenue": 401176, 
        "accumulated_operating_revenue": 4190014, 
        "long_term_average": 349167, 
        "short_term_average": 395067
    }, 
    {
        "accumulated_operating_revenue_yoy": 68.32745808426121, 
        "accumulated_operating_revenue": 481802, 
        "long_term_average": 365465, 
        "date": "2013-01-31", 
        "operating_revenue": 481802, 
        "short_term_average": 414506
    }, 
    {
        "accumulated_operating_revenue_yoy": 33.07807662962931, 
        "accumulated_operating_revenue": 758738, 
        "long_term_average": 364883, 
        "date": "2013-02-28", 
        "operating_revenue": 276936, 
        "short_term_average": 386638
    }, 
    {
        "accumulated_operating_revenue_yoy": 26.912537048732986, 
        "accumulated_operating_revenue": 1203655, 
        "long_term_average": 370438, 
        "date": "2013-03-31", 
        "operating_revenue": 444917, 
        "short_term_average": 401218
    }, 
    {
        "accumulated_operating_revenue_yoy": 21.00040959218529, 
        "accumulated_operating_revenue": 1565709, 
        "long_term_average": 371812, 
        "date": "2013-04-30", 
        "operating_revenue": 362054, 
        "short_term_average": 361302
    }, 
    {
        "accumulated_operating_revenue_yoy": 15.741796961610868, 
        "accumulated_operating_revenue": 1947093, 
        "long_term_average": 371236, 
        "date": "2013-05-31", 
        "operating_revenue": 381384, 
        "short_term_average": 396118
    }, 
    {
        "accumulated_operating_revenue_yoy": 15.703405331387621, 
        "accumulated_operating_revenue": 2315202, 
        "long_term_average": 375353, 
        "date": "2013-06-30", 
        "operating_revenue": 368109, 
        "short_term_average": 370515
    }, 
    {
        "accumulated_operating_revenue_yoy": 16.530695984331576, 
        "accumulated_operating_revenue": 2754774, 
        "long_term_average": 381733, 
        "date": "2013-07-31", 
        "operating_revenue": 439572, 
        "short_term_average": 396355
    }, 
    {
        "accumulated_operating_revenue_yoy": 17.902295639755476, 
        "accumulated_operating_revenue": 3133889, 
        "long_term_average": 388822, 
        "date": "2013-08-31", 
        "operating_revenue": 379115, 
        "short_term_average": 395598
    }, 
    {
        "accumulated_operating_revenue_yoy": 17.187065280623216, 
        "accumulated_operating_revenue": 3521251, 
        "long_term_average": 392204, 
        "date": "2013-09-30", 
        "operating_revenue": 387362, 
        "short_term_average": 402016
    }, 
    {
        "accumulated_operating_revenue_yoy": 15.85991991356639, 
        "accumulated_operating_revenue": 3972021, 
        "long_term_average": 394478, 
        "date": "2013-10-31", 
        "operating_revenue": 450770, 
        "short_term_average": 405749
    }, 
    {
        "accumulated_operating_revenue_yoy": 16.89444098692, 
        "accumulated_operating_revenue": 4428941, 
        "long_term_average": 402509, 
        "date": "2013-11-30", 
        "operating_revenue": 456920, 
        "short_term_average": 431684
    }, 
    {
        "accumulated_operating_revenue_yoy": 16.218943421191433, 
        "accumulated_operating_revenue": 4869590, 
        "long_term_average": 405799, 
        "date": "2013-12-31", 
        "operating_revenue": 440649, 
        "short_term_average": 449446
    }, 
    {
        "accumulated_operating_revenue_yoy": 5.184702429628769, 
        "accumulated_operating_revenue": 506782, 
        "long_term_average": 407880, 
        "date": "2014-01-31", 
        "operating_revenue": 506782, 
        "short_term_average": 468117
    }, 
    {
        "accumulated_operating_revenue_yoy": -1.1575800869338297, 
        "accumulated_operating_revenue": 749955, 
        "long_term_average": 405067, 
        "date": "2014-02-28", 
        "operating_revenue": 243173, 
        "short_term_average": 396868
    }, 
    {
        "accumulated_operating_revenue_yoy": 1.0787144156755881, 
        "accumulated_operating_revenue": 1216639, 
        "long_term_average": 406881, 
        "date": "2014-03-31", 
        "operating_revenue": 466684, 
        "short_term_average": 405546
    }, 
    {
        "accumulated_operating_revenue_yoy": 6.9209540214688685, 
        "accumulated_operating_revenue": 1674071, 
        "long_term_average": 414829, 
        "date": "2014-04-30", 
        "operating_revenue": 457432, 
        "short_term_average": 389096
    }, 
    {
        "accumulated_operating_revenue_yoy": 6.978659981829321, 
        "accumulated_operating_revenue": 2082974, 
        "long_term_average": 417122, 
        "date": "2014-05-31", 
        "operating_revenue": 408903, 
        "short_term_average": 444339
    }, 
    {
        "accumulated_operating_revenue_yoy": 7.789903429592752, 
        "accumulated_operating_revenue": 2495554, 
        "long_term_average": 420828, 
        "date": "2014-06-30", 
        "operating_revenue": 412580, 
        "short_term_average": 426305
    }, 
    {
        "accumulated_operating_revenue_yoy": 5.599007395888011, 
        "accumulated_operating_revenue": 2909014, 
        "long_term_average": 418652, 
        "date": "2014-07-31", 
        "operating_revenue": 413460, 
        "short_term_average": 411647
    }, 
    {
        "accumulated_operating_revenue_yoy": 6.098173866400501, 
        "accumulated_operating_revenue": 3324999, 
        "long_term_average": 421725, 
        "date": "2014-08-31", 
        "operating_revenue": 415985, 
        "short_term_average": 414008
    }, 
    {
        "accumulated_operating_revenue_yoy": 5.991790985646863, 
        "accumulated_operating_revenue": 3732237, 
        "long_term_average": 423381, 
        "date": "2014-09-30", 
        "operating_revenue": 407238, 
        "short_term_average": 412227
    }, 
    {
        "accumulated_operating_revenue_yoy": 6.1596854598704285, 
        "accumulated_operating_revenue": 4216685, 
        "long_term_average": 426187, 
        "date": "2014-10-31", 
        "operating_revenue": 484448, 
        "short_term_average": 435890
    }, 
    {
        "accumulated_operating_revenue_yoy": 4.956534756276952, 
        "accumulated_operating_revenue": 4648463, 
        "long_term_average": 424092, 
        "date": "2014-11-30", 
        "operating_revenue": 431778, 
        "short_term_average": 441154
    }, 
    {
        "accumulated_operating_revenue_yoy": 4.715201895847494, 
        "accumulated_operating_revenue": 5099201, 
        "long_term_average": 424933, 
        "date": "2014-12-31", 
        "operating_revenue": 450738, 
        "short_term_average": 455654
    }, 
    {
        "accumulated_operating_revenue_yoy": 2.3765642820778954, 
        "accumulated_operating_revenue": 518826, 
        "long_term_average": 425937, 
        "date": "2015-01-31", 
        "operating_revenue": 518826, 
        "short_term_average": 467114
    }, 
    {
        "accumulated_operating_revenue_yoy": 14.721416618330432, 
        "accumulated_operating_revenue": 860359, 
        "long_term_average": 434133, 
        "date": "2015-02-28", 
        "operating_revenue": 341533, 
        "short_term_average": 437032
    }, 
    {
        "accumulated_operating_revenue_yoy": 6.184989960045667, 
        "accumulated_operating_revenue": 1291888, 
        "long_term_average": 431204, 
        "date": "2015-03-31", 
        "operating_revenue": 431529, 
        "short_term_average": 430629
    }, 
    {
        "accumulated_operating_revenue_yoy": 3.01582190958448, 
        "accumulated_operating_revenue": 1724558, 
        "long_term_average": 429140, 
        "date": "2015-04-30", 
        "operating_revenue": 432670, 
        "short_term_average": 401910
    }, 
    {
        "accumulated_operating_revenue_yoy": 5.408996943792865, 
        "accumulated_operating_revenue": 2195642, 
        "long_term_average": 434322, 
        "date": "2015-05-31", 
        "operating_revenue": 471084, 
        "short_term_average": 445094
    }, 
    {
        "accumulated_operating_revenue_yoy": 5.678138000620303, 
        "accumulated_operating_revenue": 2637255, 
        "long_term_average": 436741, 
        "date": "2015-06-30", 
        "operating_revenue": 441613, 
        "short_term_average": 448455
    }, 
    {
        "accumulated_operating_revenue_yoy": 6.5741175532328135, 
        "accumulated_operating_revenue": 3100256, 
        "long_term_average": 440870, 
        "date": "2015-07-31", 
        "operating_revenue": 463001, 
        "short_term_average": 458566
    }, 
    {
        "accumulated_operating_revenue_yoy": 3.147730269994066, 
        "accumulated_operating_revenue": 3429661, 
        "long_term_average": 433655, 
        "date": "2015-08-31", 
        "operating_revenue": 329405, 
        "short_term_average": 411339
    }, 
    {
        "accumulated_operating_revenue_yoy": 1.022389521351404, 
        "accumulated_operating_revenue": 3770395, 
        "long_term_average": 428113, 
        "date": "2015-09-30", 
        "operating_revenue": 340734, 
        "short_term_average": 377713
    }
]