[
    {
        "date": "2012-01-31", 
        "operating_revenue": 243533, 
        "accumulated_operating_revenue": 243533, 
        "long_term_average": 243533, 
        "short_term_average": 243533
    }, 
    {
        "date": "2012-02-29", 
        "operating_revenue": 246006, 
        "accumulated_operating_revenue": 489539, 
        "long_term_average": 244769, 
        "short_term_average": 244769
    }, 
    {
        "date": "2012-03-31", 
        "operating_revenue": 305214, 
        "accumulated_operating_revenue": 794753, 
        "long_term_average": 264917, 
        "short_term_average": 264917
    }, 
    {
        "date": "2012-04-30", 
        "operating_revenue": 343124, 
        "accumulated_operating_revenue": 1137877, 
        "long_term_average": 284469, 
        "short_term_average": 298114
    }, 
    {
        "date": "2012-05-31", 
        "operating_revenue": 314221, 
        "accumulated_operating_revenue": 1452098, 
        "long_term_average": 290419, 
        "short_term_average": 320853
    }, 
    {
        "date": "2012-06-30", 
        "operating_revenue": 294970, 
        "accumulated_operating_revenue": 1747068, 
        "long_term_average": 291178, 
        "short_term_average": 317438
    }, 
    {
        "date": "2012-07-31", 
        "operating_revenue": 293140, 
        "accumulated_operating_revenue": 2040208, 
        "long_term_average": 291458, 
        "short_term_average": 300777
    }, 
    {
        "date": "2012-08-31", 
        "operating_revenue": 312014, 
        "accumulated_operating_revenue": 2352222, 
        "long_term_average": 294027, 
        "short_term_average": 300041
    }, 
    {
        "date": "2012-09-30", 
        "operating_revenue": 267439, 
        "accumulated_operating_revenue": 2619661, 
        "long_term_average": 291073, 
        "short_term_average": 290864
    }, 
    {
        "date": "2012-10-31", 
        "operating_revenue": 314153, 
        "accumulated_operating_revenue": 2933814, 
        "long_term_average": 293381, 
        "short_term_average": 297868
    }, 
    {
        "date": "2012-11-30", 
        "operating_revenue": 349295, 
        "accumulated_operating_revenue": 3283109, 
        "long_term_average": 298464, 
        "short_term_average": 310295
    }, 
    {
        "date": "2012-12-31", 
        "operating_revenue": 378877, 
        "accumulated_operating_revenue": 3661986, 
        "long_term_average": 305165, 
        "short_term_average": 347441
    }, 
    {
        "accumulated_operating_revenue_yoy": 57.58849929988954, 
        "accumulated_operating_revenue": 383780, 
        "long_term_average": 316852, 
        "date": "2013-01-31", 
        "operating_revenue": 383780, 
        "short_term_average": 370650
    }, 
    {
        "accumulated_operating_revenue_yoy": 8.894490530887222, 
        "accumulated_operating_revenue": 533081, 
        "long_term_average": 308794, 
        "date": "2013-02-28", 
        "operating_revenue": 149301, 
        "short_term_average": 303986
    }, 
    {
        "accumulated_operating_revenue_yoy": 15.172135242018589, 
        "accumulated_operating_revenue": 915334, 
        "long_term_average": 315213, 
        "date": "2013-03-31", 
        "operating_revenue": 382253, 
        "short_term_average": 305111
    }, 
    {
        "accumulated_operating_revenue_yoy": 14.3154312812369, 
        "accumulated_operating_revenue": 1300769, 
        "long_term_average": 318739, 
        "date": "2013-04-30", 
        "operating_revenue": 385435, 
        "short_term_average": 305663
    }, 
    {
        "accumulated_operating_revenue_yoy": 12.226929587396993, 
        "accumulated_operating_revenue": 1629645, 
        "long_term_average": 319961, 
        "date": "2013-05-31", 
        "operating_revenue": 328876, 
        "short_term_average": 365521
    }, 
    {
        "accumulated_operating_revenue_yoy": 10.265427562063984, 
        "accumulated_operating_revenue": 1926412, 
        "long_term_average": 320110, 
        "date": "2013-06-30", 
        "operating_revenue": 296767, 
        "short_term_average": 337026
    }, 
    {
        "accumulated_operating_revenue_yoy": 8.633237395402823, 
        "accumulated_operating_revenue": 2216344, 
        "long_term_average": 319843, 
        "date": "2013-07-31", 
        "operating_revenue": 289932, 
        "short_term_average": 305191
    }, 
    {
        "accumulated_operating_revenue_yoy": 8.154247345701213, 
        "accumulated_operating_revenue": 2544028, 
        "long_term_average": 321149, 
        "date": "2013-08-31", 
        "operating_revenue": 327684, 
        "short_term_average": 304794
    }, 
    {
        "accumulated_operating_revenue_yoy": 11.158237649833318, 
        "accumulated_operating_revenue": 2911969, 
        "long_term_average": 329524, 
        "date": "2013-09-30", 
        "operating_revenue": 367941, 
        "short_term_average": 328519
    }, 
    {
        "accumulated_operating_revenue_yoy": 17.551283073841763, 
        "accumulated_operating_revenue": 3448736, 
        "long_term_average": 348075, 
        "date": "2013-10-31", 
        "operating_revenue": 536767, 
        "short_term_average": 410797
    }, 
    {
        "accumulated_operating_revenue_yoy": 21.94243322411775, 
        "accumulated_operating_revenue": 4003503, 
        "long_term_average": 365198, 
        "date": "2013-11-30", 
        "operating_revenue": 554767, 
        "short_term_average": 486491
    }, 
    {
        "accumulated_operating_revenue_yoy": 24.283380657380995, 
        "accumulated_operating_revenue": 4551240, 
        "long_term_average": 379270, 
        "date": "2013-12-31", 
        "operating_revenue": 547737, 
        "short_term_average": 546423
    }, 
    {
        "accumulated_operating_revenue_yoy": 21.52222627547032, 
        "accumulated_operating_revenue": 466378, 
        "long_term_average": 386153, 
        "date": "2014-01-31", 
        "operating_revenue": 466378, 
        "short_term_average": 522960
    }, 
    {
        "accumulated_operating_revenue_yoy": 24.107218227623946, 
        "accumulated_operating_revenue": 661592, 
        "long_term_average": 389979, 
        "date": "2014-02-28", 
        "operating_revenue": 195214, 
        "short_term_average": 403109
    }, 
    {
        "accumulated_operating_revenue_yoy": 30.228310103197302, 
        "accumulated_operating_revenue": 1192024, 
        "long_term_average": 402327, 
        "date": "2014-03-31", 
        "operating_revenue": 530432, 
        "short_term_average": 397341
    }, 
    {
        "accumulated_operating_revenue_yoy": 29.568585967224003, 
        "accumulated_operating_revenue": 1685388, 
        "long_term_average": 411321, 
        "date": "2014-04-30", 
        "operating_revenue": 493364, 
        "short_term_average": 406336
    }, 
    {
        "accumulated_operating_revenue_yoy": 36.96854222852216, 
        "accumulated_operating_revenue": 2232101, 
        "long_term_average": 429474, 
        "date": "2014-05-31", 
        "operating_revenue": 546713, 
        "short_term_average": 523503
    }, 
    {
        "accumulated_operating_revenue_yoy": 39.385967280104154, 
        "accumulated_operating_revenue": 2685148, 
        "long_term_average": 442498, 
        "date": "2014-06-30", 
        "operating_revenue": 453047, 
        "short_term_average": 497708
    }, 
    {
        "accumulated_operating_revenue_yoy": 37.31528138231249, 
        "accumulated_operating_revenue": 3043379, 
        "long_term_average": 448189, 
        "date": "2014-07-31", 
        "operating_revenue": 358231, 
        "short_term_average": 452663
    }, 
    {
        "accumulated_operating_revenue_yoy": 28.595322064065332, 
        "accumulated_operating_revenue": 3271501, 
        "long_term_average": 439892, 
        "date": "2014-08-31", 
        "operating_revenue": 228122, 
        "short_term_average": 346466
    }, 
    {
        "accumulated_operating_revenue_yoy": 24.630619350686768, 
        "accumulated_operating_revenue": 3629205, 
        "long_term_average": 439039, 
        "date": "2014-09-30", 
        "operating_revenue": 357704, 
        "short_term_average": 314685
    }, 
    {
        "accumulated_operating_revenue_yoy": 18.91234933610459, 
        "accumulated_operating_revenue": 4100973, 
        "long_term_average": 433623, 
        "date": "2014-10-31", 
        "operating_revenue": 471768, 
        "short_term_average": 352531
    }, 
    {
        "accumulated_operating_revenue_yoy": 14.526553370885448, 
        "accumulated_operating_revenue": 4585074, 
        "long_term_average": 427734, 
        "date": "2014-11-30", 
        "operating_revenue": 484101, 
        "short_term_average": 437857
    }, 
    {
        "accumulated_operating_revenue_yoy": 9.862125486680554, 
        "accumulated_operating_revenue": 5000089, 
        "long_term_average": 416674, 
        "date": "2014-12-31", 
        "operating_revenue": 415015, 
        "short_term_average": 456961
    }, 
    {
        "accumulated_operating_revenue_yoy": -6.489800119216602, 
        "accumulated_operating_revenue": 436111, 
        "long_term_average": 414151, 
        "date": "2015-01-31", 
        "operating_revenue": 436111, 
        "short_term_average": 445075
    }, 
    {
        "accumulated_operating_revenue_yoy": -2.2832803298709776, 
        "accumulated_operating_revenue": 646486, 
        "long_term_average": 415415, 
        "date": "2015-02-28", 
        "operating_revenue": 210375, 
        "short_term_average": 353833
    }, 
    {
        "accumulated_operating_revenue_yoy": -20.153537177103818, 
        "accumulated_operating_revenue": 951789, 
        "long_term_average": 396654, 
        "date": "2015-03-31", 
        "operating_revenue": 305303, 
        "short_term_average": 317263
    }, 
    {
        "accumulated_operating_revenue_yoy": -21.326483871963013, 
        "accumulated_operating_revenue": 1325954, 
        "long_term_average": 386721, 
        "date": "2015-04-30", 
        "operating_revenue": 374165, 
        "short_term_average": 296614
    }, 
    {
        "accumulated_operating_revenue_yoy": -22.638715721197205, 
        "accumulated_operating_revenue": 1726782, 
        "long_term_average": 374564, 
        "date": "2015-05-31", 
        "operating_revenue": 400828, 
        "short_term_average": 360098
    }, 
    {
        "accumulated_operating_revenue_yoy": -23.570656068119895, 
        "accumulated_operating_revenue": 2052241, 
        "long_term_average": 363931, 
        "date": "2015-06-30", 
        "operating_revenue": 325459, 
        "short_term_average": 366817
    }, 
    {
        "accumulated_operating_revenue_yoy": -21.50136410877515, 
        "accumulated_operating_revenue": 2389011, 
        "long_term_average": 362143, 
        "date": "2015-07-31", 
        "operating_revenue": 336770, 
        "short_term_average": 354352
    }, 
    {
        "accumulated_operating_revenue_yoy": -15.568174975340066, 
        "accumulated_operating_revenue": 2762188, 
        "long_term_average": 374231, 
        "date": "2015-08-31", 
        "operating_revenue": 373177, 
        "short_term_average": 345135
    }, 
    {
        "accumulated_operating_revenue_yoy": -11.689695126067555, 
        "accumulated_operating_revenue": 3204962, 
        "long_term_average": 381320, 
        "date": "2015-09-30", 
        "operating_revenue": 442774, 
        "short_term_average": 384240
    }
]