[
    {
        "date": "2012-01-31", 
        "operating_revenue": 115517, 
        "accumulated_operating_revenue": 115517, 
        "long_term_average": 115517, 
        "short_term_average": 115517
    }, 
    {
        "date": "2012-02-29", 
        "operating_revenue": 129674, 
        "accumulated_operating_revenue": 245191, 
        "long_term_average": 122595, 
        "short_term_average": 122595
    }, 
    {
        "date": "2012-03-31", 
        "operating_revenue": 137084, 
        "accumulated_operating_revenue": 382275, 
        "long_term_average": 127425, 
        "short_term_average": 127425
    }, 
    {
        "date": "2012-04-30", 
        "operating_revenue": 118589, 
        "accumulated_operating_revenue": 500864, 
        "long_term_average": 125216, 
        "short_term_average": 128449
    }, 
    {
        "date": "2012-05-31", 
        "operating_revenue": 124244, 
        "accumulated_operating_revenue": 625108, 
        "long_term_average": 125021, 
        "short_term_average": 126639
    }, 
    {
        "date": "2012-06-30", 
        "operating_revenue": 99356, 
        "accumulated_operating_revenue": 724464, 
        "long_term_average": 120744, 
        "short_term_average": 114063
    }, 
    {
        "date": "2012-07-31", 
        "operating_revenue": 142992, 
        "accumulated_operating_revenue": 867456, 
        "long_term_average": 123922, 
        "short_term_average": 122197
    }, 
    {
        "date": "2012-08-31", 
        "operating_revenue": 114342, 
        "accumulated_operating_revenue": 981798, 
        "long_term_average": 122724, 
        "short_term_average": 118896
    }, 
    {
        "date": "2012-09-30", 
        "operating_revenue": 141243, 
        "accumulated_operating_revenue": 1123041, 
        "long_term_average": 124782, 
        "short_term_average": 132859
    }, 
    {
        "date": "2012-10-31", 
        "operating_revenue": 175132, 
        "accumulated_operating_revenue": 1298173, 
        "long_term_average": 129817, 
        "short_term_average": 143572
    }, 
    {
        "date": "2012-11-30", 
        "operating_revenue": 171274, 
        "accumulated_operating_revenue": 1469447, 
        "long_term_average": 133586, 
        "short_term_average": 162549
    }, 
    {
        "date": "2012-12-31", 
        "operating_revenue": 165552, 
        "accumulated_operating_revenue": 1634999, 
        "long_term_average": 136249, 
        "short_term_average": 170652
    }, 
    {
        "accumulated_operating_revenue_yoy": 55.526892145744775, 
        "accumulated_operating_revenue": 179660, 
        "long_term_average": 141595, 
        "date": "2013-01-31", 
        "operating_revenue": 179660, 
        "short_term_average": 172162
    }, 
    {
        "accumulated_operating_revenue_yoy": 19.59859864350649, 
        "accumulated_operating_revenue": 293245, 
        "long_term_average": 140254, 
        "date": "2013-02-28", 
        "operating_revenue": 113585, 
        "short_term_average": 152932
    }, 
    {
        "accumulated_operating_revenue_yoy": 20.391341311882808, 
        "accumulated_operating_revenue": 460226, 
        "long_term_average": 142745, 
        "date": "2013-03-31", 
        "operating_revenue": 166981, 
        "short_term_average": 153408
    }, 
    {
        "accumulated_operating_revenue_yoy": 26.136635893176592, 
        "accumulated_operating_revenue": 631773, 
        "long_term_average": 147159, 
        "date": "2013-04-30", 
        "operating_revenue": 171547, 
        "short_term_average": 150704
    }, 
    {
        "accumulated_operating_revenue_yoy": 26.82704428674725, 
        "accumulated_operating_revenue": 792806, 
        "long_term_average": 150224, 
        "date": "2013-05-31", 
        "operating_revenue": 161033, 
        "short_term_average": 166520
    }, 
    {
        "accumulated_operating_revenue_yoy": 30.83824731111553, 
        "accumulated_operating_revenue": 947876, 
        "long_term_average": 154867, 
        "date": "2013-06-30", 
        "operating_revenue": 155070, 
        "short_term_average": 162550
    }, 
    {
        "accumulated_operating_revenue_yoy": 30.542874797107867, 
        "accumulated_operating_revenue": 1132402, 
        "long_term_average": 158328, 
        "date": "2013-07-31", 
        "operating_revenue": 184526, 
        "short_term_average": 166876
    }, 
    {
        "accumulated_operating_revenue_yoy": 31.077879563820666, 
        "accumulated_operating_revenue": 1286920, 
        "long_term_average": 161676, 
        "date": "2013-08-31", 
        "operating_revenue": 154518, 
        "short_term_average": 164704
    }, 
    {
        "accumulated_operating_revenue_yoy": 29.013277342501297, 
        "accumulated_operating_revenue": 1448872, 
        "long_term_average": 163402, 
        "date": "2013-09-30", 
        "operating_revenue": 161952, 
        "short_term_average": 166998
    }, 
    {
        "accumulated_operating_revenue_yoy": 26.159918593284566, 
        "accumulated_operating_revenue": 1637774, 
        "long_term_average": 164550, 
        "date": "2013-10-31", 
        "operating_revenue": 188902, 
        "short_term_average": 168457
    }, 
    {
        "accumulated_operating_revenue_yoy": 23.883270373140373, 
        "accumulated_operating_revenue": 1820399, 
        "long_term_average": 165495, 
        "date": "2013-11-30", 
        "operating_revenue": 182625, 
        "short_term_average": 177826
    }, 
    {
        "accumulated_operating_revenue_yoy": 23.820320379400844, 
        "accumulated_operating_revenue": 2024461, 
        "long_term_average": 168705, 
        "date": "2013-12-31", 
        "operating_revenue": 204062, 
        "short_term_average": 191863
    }, 
    {
        "accumulated_operating_revenue_yoy": 0.744183457642213, 
        "accumulated_operating_revenue": 180997, 
        "long_term_average": 168816, 
        "date": "2014-01-31", 
        "operating_revenue": 180997, 
        "short_term_average": 189228
    }, 
    {
        "accumulated_operating_revenue_yoy": 8.411396613753006, 
        "accumulated_operating_revenue": 317911, 
        "long_term_average": 170760, 
        "date": "2014-02-28", 
        "operating_revenue": 136914, 
        "short_term_average": 173991
    }, 
    {
        "accumulated_operating_revenue_yoy": 7.712515155597467, 
        "accumulated_operating_revenue": 495721, 
        "long_term_average": 171663, 
        "date": "2014-03-31", 
        "operating_revenue": 177810, 
        "short_term_average": 165240
    }, 
    {
        "accumulated_operating_revenue_yoy": 6.695442825191959, 
        "accumulated_operating_revenue": 674073, 
        "long_term_average": 172230, 
        "date": "2014-04-30", 
        "operating_revenue": 178352, 
        "short_term_average": 164358
    }, 
    {
        "accumulated_operating_revenue_yoy": 6.359058836588018, 
        "accumulated_operating_revenue": 843221, 
        "long_term_average": 172906, 
        "date": "2014-05-31", 
        "operating_revenue": 169148, 
        "short_term_average": 175103
    }, 
    {
        "accumulated_operating_revenue_yoy": 5.953732344737076, 
        "accumulated_operating_revenue": 1004310, 
        "long_term_average": 173407, 
        "date": "2014-06-30", 
        "operating_revenue": 161089, 
        "short_term_average": 169529
    }, 
    {
        "accumulated_operating_revenue_yoy": 2.921312396127877, 
        "accumulated_operating_revenue": 1165483, 
        "long_term_average": 171461, 
        "date": "2014-07-31", 
        "operating_revenue": 161173, 
        "short_term_average": 163803
    }, 
    {
        "accumulated_operating_revenue_yoy": 1.4362975165511453, 
        "accumulated_operating_revenue": 1305404, 
        "long_term_average": 170245, 
        "date": "2014-08-31", 
        "operating_revenue": 139921, 
        "short_term_average": 154061
    }, 
    {
        "accumulated_operating_revenue_yoy": 2.545773539691567, 
        "accumulated_operating_revenue": 1485757, 
        "long_term_average": 171778, 
        "date": "2014-09-30", 
        "operating_revenue": 180353, 
        "short_term_average": 160482
    }, 
    {
        "accumulated_operating_revenue_yoy": 2.710080878069868, 
        "accumulated_operating_revenue": 1682159, 
        "long_term_average": 172403, 
        "date": "2014-10-31", 
        "operating_revenue": 196402, 
        "short_term_average": 172225
    }, 
    {
        "accumulated_operating_revenue_yoy": 2.8452004203474073, 
        "accumulated_operating_revenue": 1872193, 
        "long_term_average": 173021, 
        "date": "2014-11-30", 
        "operating_revenue": 190034, 
        "short_term_average": 188929
    }, 
    {
        "accumulated_operating_revenue_yoy": 2.655077079775802, 
        "accumulated_operating_revenue": 2078212, 
        "long_term_average": 173184, 
        "date": "2014-12-31", 
        "operating_revenue": 206019, 
        "short_term_average": 197485
    }, 
    {
        "accumulated_operating_revenue_yoy": 4.477974773062536, 
        "accumulated_operating_revenue": 189102, 
        "long_term_average": 173859, 
        "date": "2015-01-31", 
        "operating_revenue": 189102, 
        "short_term_average": 195051
    }, 
    {
        "accumulated_operating_revenue_yoy": -2.2462261450531753, 
        "accumulated_operating_revenue": 310770, 
        "long_term_average": 172589, 
        "date": "2015-02-28", 
        "operating_revenue": 121668, 
        "short_term_average": 172263
    }, 
    {
        "accumulated_operating_revenue_yoy": -4.0924229556544915, 
        "accumulated_operating_revenue": 475434, 
        "long_term_average": 171493, 
        "date": "2015-03-31", 
        "operating_revenue": 164664, 
        "short_term_average": 158478
    }, 
    {
        "accumulated_operating_revenue_yoy": -4.685694279402973, 
        "accumulated_operating_revenue": 642488, 
        "long_term_average": 170552, 
        "date": "2015-04-30", 
        "operating_revenue": 167054, 
        "short_term_average": 151128
    }, 
    {
        "accumulated_operating_revenue_yoy": -6.203237348215948, 
        "accumulated_operating_revenue": 790914, 
        "long_term_average": 168825, 
        "date": "2015-05-31", 
        "operating_revenue": 148426, 
        "short_term_average": 160048
    }, 
    {
        "accumulated_operating_revenue_yoy": -4.527287391343311, 
        "accumulated_operating_revenue": 958842, 
        "long_term_average": 169395, 
        "date": "2015-06-30", 
        "operating_revenue": 167928, 
        "short_term_average": 161136
    }, 
    {
        "accumulated_operating_revenue_yoy": -5.05163953485379, 
        "accumulated_operating_revenue": 1106607, 
        "long_term_average": 168278, 
        "date": "2015-07-31", 
        "operating_revenue": 147765, 
        "short_term_average": 154706
    }, 
    {
        "accumulated_operating_revenue_yoy": -5.544567045910691, 
        "accumulated_operating_revenue": 1233025, 
        "long_term_average": 167152, 
        "date": "2015-08-31", 
        "operating_revenue": 126418, 
        "short_term_average": 147370
    }, 
    {
        "accumulated_operating_revenue_yoy": -7.666462281517099, 
        "accumulated_operating_revenue": 1371852, 
        "long_term_average": 163692, 
        "date": "2015-09-30", 
        "operating_revenue": 138827, 
        "short_term_average": 137670
    }
]