[
    {
        "date": "2012-01-31", 
        "operating_revenue": 2026760, 
        "accumulated_operating_revenue": 2026760, 
        "long_term_average": 2026760, 
        "short_term_average": 2026760
    }, 
    {
        "date": "2012-02-29", 
        "operating_revenue": 1852599, 
        "accumulated_operating_revenue": 3879359, 
        "long_term_average": 1939679, 
        "short_term_average": 1939679
    }, 
    {
        "date": "2012-03-31", 
        "operating_revenue": 2183810, 
        "accumulated_operating_revenue": 6063169, 
        "long_term_average": 2021056, 
        "short_term_average": 2021056
    }, 
    {
        "date": "2012-04-30", 
        "operating_revenue": 2196329, 
        "accumulated_operating_revenue": 8259498, 
        "long_term_average": 2064874, 
        "short_term_average": 2077579
    }, 
    {
        "date": "2012-05-31", 
        "operating_revenue": 2316443, 
        "accumulated_operating_revenue": 10575941, 
        "long_term_average": 2115188, 
        "short_term_average": 2232194
    }, 
    {
        "date": "2012-06-30", 
        "operating_revenue": 2300912, 
        "accumulated_operating_revenue": 12876853, 
        "long_term_average": 2146142, 
        "short_term_average": 2271228
    }, 
    {
        "date": "2012-07-31", 
        "operating_revenue": 2435974, 
        "accumulated_operating_revenue": 15312827, 
        "long_term_average": 2187546, 
        "short_term_average": 2351109
    }, 
    {
        "date": "2012-08-31", 
        "operating_revenue": 2563407, 
        "accumulated_operating_revenue": 17876234, 
        "long_term_average": 2234529, 
        "short_term_average": 2433431
    }, 
    {
        "date": "2012-09-30", 
        "operating_revenue": 2412707, 
        "accumulated_operating_revenue": 20288941, 
        "long_term_average": 2254326, 
        "short_term_average": 2470696
    }, 
    {
        "date": "2012-10-31", 
        "operating_revenue": 2231005, 
        "accumulated_operating_revenue": 22519946, 
        "long_term_average": 2251994, 
        "short_term_average": 2402373
    }, 
    {
        "date": "2012-11-30", 
        "operating_revenue": 2082391, 
        "accumulated_operating_revenue": 24602337, 
        "long_term_average": 2236576, 
        "short_term_average": 2242034
    }, 
    {
        "date": "2012-12-31", 
        "operating_revenue": 2028959, 
        "accumulated_operating_revenue": 26631296, 
        "long_term_average": 2219274, 
        "short_term_average": 2114118
    }, 
    {
        "accumulated_operating_revenue_yoy": 13.14590775424816, 
        "accumulated_operating_revenue": 2293196, 
        "long_term_average": 2241477, 
        "date": "2013-01-31", 
        "operating_revenue": 2293196, 
        "short_term_average": 2134848
    }, 
    {
        "accumulated_operating_revenue_yoy": 12.357479676410458, 
        "accumulated_operating_revenue": 4358750, 
        "long_term_average": 2259223, 
        "date": "2013-02-28", 
        "operating_revenue": 2065554, 
        "short_term_average": 2129236
    }, 
    {
        "accumulated_operating_revenue_yoy": 12.756942780252373, 
        "accumulated_operating_revenue": 6836644, 
        "long_term_average": 2283730, 
        "date": "2013-03-31", 
        "operating_revenue": 2477894, 
        "short_term_average": 2278881
    }, 
    {
        "accumulated_operating_revenue_yoy": 12.245284156494742, 
        "accumulated_operating_revenue": 9270897, 
        "long_term_average": 2303557, 
        "date": "2013-04-30", 
        "operating_revenue": 2434253, 
        "short_term_average": 2325900
    }, 
    {
        "accumulated_operating_revenue_yoy": 12.743840004402445, 
        "accumulated_operating_revenue": 11923722, 
        "long_term_average": 2331589, 
        "date": "2013-05-31", 
        "operating_revenue": 2652825, 
        "short_term_average": 2521657
    }, 
    {
        "accumulated_operating_revenue_yoy": 12.061968867703934, 
        "accumulated_operating_revenue": 14430055, 
        "long_term_average": 2348708, 
        "date": "2013-06-30", 
        "operating_revenue": 2506333, 
        "short_term_average": 2531137
    }, 
    {
        "accumulated_operating_revenue_yoy": 12.727519222936431, 
        "accumulated_operating_revenue": 17261770, 
        "long_term_average": 2381686, 
        "date": "2013-07-31", 
        "operating_revenue": 2831715, 
        "short_term_average": 2663624
    }, 
    {
        "accumulated_operating_revenue_yoy": 12.30551132861653, 
        "accumulated_operating_revenue": 20075996, 
        "long_term_average": 2402588, 
        "date": "2013-08-31", 
        "operating_revenue": 2814226, 
        "short_term_average": 2717424
    }, 
    {
        "accumulated_operating_revenue_yoy": 11.972620946554086, 
        "accumulated_operating_revenue": 22718059, 
        "long_term_average": 2421701, 
        "date": "2013-09-30", 
        "operating_revenue": 2642063, 
        "short_term_average": 2762668
    }, 
    {
        "accumulated_operating_revenue_yoy": 11.753456247186383, 
        "accumulated_operating_revenue": 25166818, 
        "long_term_average": 2439847, 
        "date": "2013-10-31", 
        "operating_revenue": 2448759, 
        "short_term_average": 2635016
    }, 
    {
        "accumulated_operating_revenue_yoy": 11.249825575513416, 
        "accumulated_operating_revenue": 27370057, 
        "long_term_average": 2449918, 
        "date": "2013-11-30", 
        "operating_revenue": 2203239, 
        "short_term_average": 2431353
    }, 
    {
        "accumulated_operating_revenue_yoy": 10.614323839140235, 
        "accumulated_operating_revenue": 29458028, 
        "long_term_average": 2454835, 
        "date": "2013-12-31", 
        "operating_revenue": 2087971, 
        "short_term_average": 2246656
    }, 
    {
        "accumulated_operating_revenue_yoy": 2.2631733179370626, 
        "accumulated_operating_revenue": 2345095, 
        "long_term_average": 2459160, 
        "date": "2014-01-31", 
        "operating_revenue": 2345095, 
        "short_term_average": 2212101
    }, 
    {
        "accumulated_operating_revenue_yoy": -3.975658158875824, 
        "accumulated_operating_revenue": 4185461, 
        "long_term_average": 2440394, 
        "date": "2014-02-28", 
        "operating_revenue": 1840366, 
        "short_term_average": 2091144
    }, 
    {
        "accumulated_operating_revenue_yoy": -3.2583530749882543, 
        "accumulated_operating_revenue": 6613882, 
        "long_term_average": 2436272, 
        "date": "2014-03-31", 
        "operating_revenue": 2428421, 
        "short_term_average": 2204627
    }, 
    {
        "accumulated_operating_revenue_yoy": -2.2490488245096456, 
        "accumulated_operating_revenue": 9062390, 
        "long_term_average": 2437460, 
        "date": "2014-04-30", 
        "operating_revenue": 2448508, 
        "short_term_average": 2239098
    }, 
    {
        "accumulated_operating_revenue_yoy": -3.0288948366961255, 
        "accumulated_operating_revenue": 11562565, 
        "long_term_average": 2424739, 
        "date": "2014-05-31", 
        "operating_revenue": 2500175, 
        "short_term_average": 2459034
    }, 
    {
        "accumulated_operating_revenue_yoy": -2.9305224408361576, 
        "accumulated_operating_revenue": 14007179, 
        "long_term_average": 2419596, 
        "date": "2014-06-30", 
        "operating_revenue": 2444614, 
        "short_term_average": 2464432
    }, 
    {
        "accumulated_operating_revenue_yoy": -2.661772228456294, 
        "accumulated_operating_revenue": 16802301, 
        "long_term_average": 2416546, 
        "date": "2014-07-31", 
        "operating_revenue": 2795122, 
        "short_term_average": 2579970
    }, 
    {
        "accumulated_operating_revenue_yoy": -3.364654983991828, 
        "accumulated_operating_revenue": 19400508, 
        "long_term_average": 2398545, 
        "date": "2014-08-31", 
        "operating_revenue": 2598207, 
        "short_term_average": 2612647
    }, 
    {
        "accumulated_operating_revenue_yoy": -3.941027708397095, 
        "accumulated_operating_revenue": 21822734, 
        "long_term_average": 2380225, 
        "date": "2014-09-30", 
        "operating_revenue": 2422226, 
        "short_term_average": 2605185
    }, 
    {
        "accumulated_operating_revenue_yoy": -5.886286458621825, 
        "accumulated_operating_revenue": 23685427, 
        "long_term_average": 2331386, 
        "date": "2014-10-31", 
        "operating_revenue": 1862693, 
        "short_term_average": 2294375
    }, 
    {
        "accumulated_operating_revenue_yoy": -8.132131401845456, 
        "accumulated_operating_revenue": 25144288, 
        "long_term_average": 2269354, 
        "date": "2014-11-30", 
        "operating_revenue": 1458861, 
        "short_term_average": 1914593
    }, 
    {
        "accumulated_operating_revenue_yoy": -9.770185567071902, 
        "accumulated_operating_revenue": 26579924, 
        "long_term_average": 2214993, 
        "date": "2014-12-31", 
        "operating_revenue": 1435636, 
        "short_term_average": 1585730
    }, 
    {
        "accumulated_operating_revenue_yoy": -29.320816427479485, 
        "accumulated_operating_revenue": 1657494, 
        "long_term_average": 2157693, 
        "date": "2015-01-31", 
        "operating_revenue": 1657494, 
        "short_term_average": 1517330
    }, 
    {
        "accumulated_operating_revenue_yoy": -26.70243492891225, 
        "accumulated_operating_revenue": 3067841, 
        "long_term_average": 2121858, 
        "date": "2015-02-28", 
        "operating_revenue": 1410347, 
        "short_term_average": 1501159
    }, 
    {
        "accumulated_operating_revenue_yoy": -28.912339228307975, 
        "accumulated_operating_revenue": 4701654, 
        "long_term_average": 2055641, 
        "date": "2015-03-31", 
        "operating_revenue": 1633813, 
        "short_term_average": 1567218
    }, 
    {
        "accumulated_operating_revenue_yoy": -28.83232789584205, 
        "accumulated_operating_revenue": 6449492, 
        "long_term_average": 1997252, 
        "date": "2015-04-30", 
        "operating_revenue": 1747838, 
        "short_term_average": 1597332
    }, 
    {
        "accumulated_operating_revenue_yoy": -27.895860477324884, 
        "accumulated_operating_revenue": 8337088, 
        "long_term_average": 1946203, 
        "date": "2015-05-31", 
        "operating_revenue": 1887596, 
        "short_term_average": 1756415
    }, 
    {
        "accumulated_operating_revenue_yoy": -26.975852882296998, 
        "accumulated_operating_revenue": 10228623, 
        "long_term_average": 1900114, 
        "date": "2015-06-30", 
        "operating_revenue": 1891535, 
        "short_term_average": 1842323
    }, 
    {
        "accumulated_operating_revenue_yoy": -27.060305609332914, 
        "accumulated_operating_revenue": 12255547, 
        "long_term_average": 1836097, 
        "date": "2015-07-31", 
        "operating_revenue": 2026924, 
        "short_term_average": 1935351
    }, 
    {
        "accumulated_operating_revenue_yoy": -25.84013263982572, 
        "accumulated_operating_revenue": 14387391, 
        "long_term_average": 1797233, 
        "date": "2015-08-31", 
        "operating_revenue": 2131844, 
        "short_term_average": 2016767
    }
]