[
    {
        "date": "2012-01-31", 
        "operating_revenue": 459259, 
        "accumulated_operating_revenue": 459259, 
        "long_term_average": 459259, 
        "short_term_average": 459259
    }, 
    {
        "date": "2012-02-29", 
        "operating_revenue": 483273, 
        "accumulated_operating_revenue": 942532, 
        "long_term_average": 471266, 
        "short_term_average": 471266
    }, 
    {
        "date": "2012-03-31", 
        "operating_revenue": 579188, 
        "accumulated_operating_revenue": 1521720, 
        "long_term_average": 507240, 
        "short_term_average": 507240
    }, 
    {
        "date": "2012-04-30", 
        "operating_revenue": 438340, 
        "accumulated_operating_revenue": 1960060, 
        "long_term_average": 490015, 
        "short_term_average": 500267
    }, 
    {
        "date": "2012-05-31", 
        "operating_revenue": 555428, 
        "accumulated_operating_revenue": 2515488, 
        "long_term_average": 503097, 
        "short_term_average": 524318
    }, 
    {
        "date": "2012-06-30", 
        "operating_revenue": 608565, 
        "accumulated_operating_revenue": 3124053, 
        "long_term_average": 520675, 
        "short_term_average": 534111
    }, 
    {
        "date": "2012-07-31", 
        "operating_revenue": 517915, 
        "accumulated_operating_revenue": 3641968, 
        "long_term_average": 520281, 
        "short_term_average": 560636
    }, 
    {
        "date": "2012-08-31", 
        "operating_revenue": 525221, 
        "accumulated_operating_revenue": 4167189, 
        "long_term_average": 520898, 
        "short_term_average": 550567
    }, 
    {
        "date": "2012-09-30", 
        "operating_revenue": 486806, 
        "accumulated_operating_revenue": 4653995, 
        "long_term_average": 517110, 
        "short_term_average": 509980
    }, 
    {
        "date": "2012-10-31", 
        "operating_revenue": 496530, 
        "accumulated_operating_revenue": 5150525, 
        "long_term_average": 515052, 
        "short_term_average": 502852
    }, 
    {
        "date": "2012-11-30", 
        "operating_revenue": 461559, 
        "accumulated_operating_revenue": 5612084, 
        "long_term_average": 510189, 
        "short_term_average": 481631
    }, 
    {
        "date": "2012-12-31", 
        "operating_revenue": 499558, 
        "accumulated_operating_revenue": 6111642, 
        "long_term_average": 509303, 
        "short_term_average": 485882
    }, 
    {
        "accumulated_operating_revenue_yoy": 17.751203569227822, 
        "accumulated_operating_revenue": 540783, 
        "long_term_average": 516097, 
        "date": "2013-01-31", 
        "operating_revenue": 540783, 
        "short_term_average": 500633
    }, 
    {
        "accumulated_operating_revenue_yoy": 11.008326507747217, 
        "accumulated_operating_revenue": 1046289, 
        "long_term_average": 517949, 
        "date": "2013-02-28", 
        "operating_revenue": 505506, 
        "short_term_average": 515282
    }, 
    {
        "accumulated_operating_revenue_yoy": 4.19899850169545, 
        "accumulated_operating_revenue": 1585617, 
        "long_term_average": 514628, 
        "date": "2013-03-31", 
        "operating_revenue": 539328, 
        "short_term_average": 528539
    }, 
    {
        "accumulated_operating_revenue_yoy": 3.5776455822780933, 
        "accumulated_operating_revenue": 2030184, 
        "long_term_average": 515147, 
        "date": "2013-04-30", 
        "operating_revenue": 444567, 
        "short_term_average": 496467
    }, 
    {
        "accumulated_operating_revenue_yoy": 1.5014581663677187, 
        "accumulated_operating_revenue": 2553257, 
        "long_term_average": 512450, 
        "date": "2013-05-31", 
        "operating_revenue": 523073, 
        "short_term_average": 502322
    }, 
    {
        "accumulated_operating_revenue_yoy": -0.9717824889654562, 
        "accumulated_operating_revenue": 3093694, 
        "long_term_average": 506773, 
        "date": "2013-06-30", 
        "operating_revenue": 540437, 
        "short_term_average": 502692
    }, 
    {
        "accumulated_operating_revenue_yoy": -0.5650791000909398, 
        "accumulated_operating_revenue": 3621388, 
        "long_term_average": 507588, 
        "date": "2013-07-31", 
        "operating_revenue": 527694, 
        "short_term_average": 530401
    }, 
    {
        "accumulated_operating_revenue_yoy": -0.06611171223575413, 
        "accumulated_operating_revenue": 4164434, 
        "long_term_average": 509073, 
        "date": "2013-08-31", 
        "operating_revenue": 543046, 
        "short_term_average": 537059
    }, 
    {
        "accumulated_operating_revenue_yoy": 0.6915134201906105, 
        "accumulated_operating_revenue": 4686178, 
        "long_term_average": 511985, 
        "date": "2013-09-30", 
        "operating_revenue": 521744, 
        "short_term_average": 530828
    }, 
    {
        "accumulated_operating_revenue_yoy": -1.081637308818033, 
        "accumulated_operating_revenue": 5094815, 
        "long_term_average": 504661, 
        "date": "2013-10-31", 
        "operating_revenue": 408637, 
        "short_term_average": 491142
    }, 
    {
        "accumulated_operating_revenue_yoy": -0.9791549805740614, 
        "accumulated_operating_revenue": 5557133, 
        "long_term_average": 504724, 
        "date": "2013-11-30", 
        "operating_revenue": 462318, 
        "short_term_average": 464233
    }, 
    {
        "accumulated_operating_revenue_yoy": -1.0991481503661371, 
        "accumulated_operating_revenue": 6044466, 
        "long_term_average": 503705, 
        "date": "2013-12-31", 
        "operating_revenue": 487333, 
        "short_term_average": 452762
    }, 
    {
        "accumulated_operating_revenue_yoy": -4.427099224642786, 
        "accumulated_operating_revenue": 516842, 
        "long_term_average": 501710, 
        "date": "2014-01-31", 
        "operating_revenue": 516842, 
        "short_term_average": 488831
    }, 
    {
        "accumulated_operating_revenue_yoy": -9.083627946007269, 
        "accumulated_operating_revenue": 951248, 
        "long_term_average": 495785, 
        "date": "2014-02-28", 
        "operating_revenue": 434406, 
        "short_term_average": 479527
    }, 
    {
        "accumulated_operating_revenue_yoy": -5.329092712805173, 
        "accumulated_operating_revenue": 1501118, 
        "long_term_average": 496663, 
        "date": "2014-03-31", 
        "operating_revenue": 549870, 
        "short_term_average": 500372
    }, 
    {
        "accumulated_operating_revenue_yoy": -3.0265729608744825, 
        "accumulated_operating_revenue": 1968739, 
        "long_term_average": 498585, 
        "date": "2014-04-30", 
        "operating_revenue": 467621, 
        "short_term_average": 483965
    }, 
    {
        "accumulated_operating_revenue_yoy": -3.0892699011497866, 
        "accumulated_operating_revenue": 2474380, 
        "long_term_average": 497132, 
        "date": "2014-05-31", 
        "operating_revenue": 505641, 
        "short_term_average": 507710
    }, 
    {
        "accumulated_operating_revenue_yoy": -2.9614435041086806, 
        "accumulated_operating_revenue": 3002076, 
        "long_term_average": 496070, 
        "date": "2014-06-30", 
        "operating_revenue": 527696, 
        "short_term_average": 500319
    }, 
    {
        "accumulated_operating_revenue_yoy": 0.7476138983174407, 
        "accumulated_operating_revenue": 3648462, 
        "long_term_average": 505961, 
        "date": "2014-07-31", 
        "operating_revenue": 646386, 
        "short_term_average": 559907
    }, 
    {
        "accumulated_operating_revenue_yoy": 2.050746872204002, 
        "accumulated_operating_revenue": 4249836, 
        "long_term_average": 510822, 
        "date": "2014-08-31", 
        "operating_revenue": 601374, 
        "short_term_average": 591818
    }, 
    {
        "accumulated_operating_revenue_yoy": -2.666437339768144, 
        "accumulated_operating_revenue": 4561224, 
        "long_term_average": 493292, 
        "date": "2014-09-30", 
        "operating_revenue": 311388, 
        "short_term_average": 519716
    }, 
    {
        "accumulated_operating_revenue_yoy": -0.3228576503759214, 
        "accumulated_operating_revenue": 5078366, 
        "long_term_average": 502334, 
        "date": "2014-10-31", 
        "operating_revenue": 517142, 
        "short_term_average": 476634
    }, 
    {
        "accumulated_operating_revenue_yoy": -0.7983253235076433, 
        "accumulated_operating_revenue": 5512769, 
        "long_term_average": 500008, 
        "date": "2014-11-30", 
        "operating_revenue": 434403, 
        "short_term_average": 420977
    }, 
    {
        "accumulated_operating_revenue_yoy": 0.7546076030537685, 
        "accumulated_operating_revenue": 6090078, 
        "long_term_average": 507506, 
        "date": "2014-12-31", 
        "operating_revenue": 577309, 
        "short_term_average": 509618
    }, 
    {
        "accumulated_operating_revenue_yoy": 13.531214568475471, 
        "accumulated_operating_revenue": 586777, 
        "long_term_average": 513334, 
        "date": "2015-01-31", 
        "operating_revenue": 586777, 
        "short_term_average": 532829
    }, 
    {
        "accumulated_operating_revenue_yoy": 15.739428624291458, 
        "accumulated_operating_revenue": 1100969, 
        "long_term_average": 519983, 
        "date": "2015-02-28", 
        "operating_revenue": 514192, 
        "short_term_average": 559426
    }, 
    {
        "accumulated_operating_revenue_yoy": 10.590506542457021, 
        "accumulated_operating_revenue": 1660094, 
        "long_term_average": 520754, 
        "date": "2015-03-31", 
        "operating_revenue": 559125, 
        "short_term_average": 553364
    }, 
    {
        "accumulated_operating_revenue_yoy": 11.672242994119586, 
        "accumulated_operating_revenue": 2198535, 
        "long_term_average": 526656, 
        "date": "2015-04-30", 
        "operating_revenue": 538441, 
        "short_term_average": 537252
    }, 
    {
        "accumulated_operating_revenue_yoy": 11.410090608556485, 
        "accumulated_operating_revenue": 2756709, 
        "long_term_average": 531033, 
        "date": "2015-05-31", 
        "operating_revenue": 558174, 
        "short_term_average": 551913
    }, 
    {
        "accumulated_operating_revenue_yoy": 11.425127145348753, 
        "accumulated_operating_revenue": 3345067, 
        "long_term_average": 536089, 
        "date": "2015-06-30", 
        "operating_revenue": 588358, 
        "short_term_average": 561657
    }, 
    {
        "accumulated_operating_revenue_yoy": 6.521049143447294, 
        "accumulated_operating_revenue": 3886380, 
        "long_term_average": 527333, 
        "date": "2015-07-31", 
        "operating_revenue": 541313, 
        "short_term_average": 562615
    }, 
    {
        "accumulated_operating_revenue_yoy": 6.433142361258176, 
        "accumulated_operating_revenue": 4523234, 
        "long_term_average": 530289, 
        "date": "2015-08-31", 
        "operating_revenue": 636854, 
        "short_term_average": 588841
    }, 
    {
        "accumulated_operating_revenue_yoy": 12.55559911111579, 
        "accumulated_operating_revenue": 5133913, 
        "long_term_average": 555230, 
        "date": "2015-09-30", 
        "operating_revenue": 610679, 
        "short_term_average": 596282
    }
]