[
    {
        "date": "2012-01-31", 
        "operating_revenue": 6701976, 
        "accumulated_operating_revenue": 6701976, 
        "long_term_average": 6701976, 
        "short_term_average": 6701976
    }, 
    {
        "date": "2012-02-29", 
        "operating_revenue": 6784900, 
        "accumulated_operating_revenue": 13486876, 
        "long_term_average": 6743438, 
        "short_term_average": 6743438
    }, 
    {
        "date": "2012-03-31", 
        "operating_revenue": 7602124, 
        "accumulated_operating_revenue": 21089000, 
        "long_term_average": 7029666, 
        "short_term_average": 7029666
    }, 
    {
        "date": "2012-04-30", 
        "operating_revenue": 7217365, 
        "accumulated_operating_revenue": 28306365, 
        "long_term_average": 7076591, 
        "short_term_average": 7201463
    }, 
    {
        "date": "2012-05-31", 
        "operating_revenue": 6871960, 
        "accumulated_operating_revenue": 35178325, 
        "long_term_average": 7035665, 
        "short_term_average": 7230483
    }, 
    {
        "date": "2012-06-30", 
        "operating_revenue": 6956107, 
        "accumulated_operating_revenue": 42134432, 
        "long_term_average": 7022405, 
        "short_term_average": 7015144
    }, 
    {
        "date": "2012-07-31", 
        "operating_revenue": 7130482, 
        "accumulated_operating_revenue": 49264914, 
        "long_term_average": 7037844, 
        "short_term_average": 6986183
    }, 
    {
        "date": "2012-08-31", 
        "operating_revenue": 7850869, 
        "accumulated_operating_revenue": 57115783, 
        "long_term_average": 7139472, 
        "short_term_average": 7312486
    }, 
    {
        "date": "2012-09-30", 
        "operating_revenue": 7587192, 
        "accumulated_operating_revenue": 64702975, 
        "long_term_average": 7189219, 
        "short_term_average": 7522847
    }, 
    {
        "date": "2012-10-31", 
        "operating_revenue": 7217103, 
        "accumulated_operating_revenue": 71920078, 
        "long_term_average": 7192007, 
        "short_term_average": 7551721
    }, 
    {
        "date": "2012-11-30", 
        "operating_revenue": 7753764, 
        "accumulated_operating_revenue": 79673842, 
        "long_term_average": 7243076, 
        "short_term_average": 7519353
    }, 
    {
        "date": "2012-12-31", 
        "operating_revenue": 7848756, 
        "accumulated_operating_revenue": 87522598, 
        "long_term_average": 7293549, 
        "short_term_average": 7606541
    }, 
    {
        "accumulated_operating_revenue_yoy": 16.142179560177475, 
        "accumulated_operating_revenue": 7783821, 
        "long_term_average": 7383703, 
        "date": "2013-01-31", 
        "operating_revenue": 7783821, 
        "short_term_average": 7795447
    }, 
    {
        "accumulated_operating_revenue_yoy": 1.7059843954967777, 
        "accumulated_operating_revenue": 13716960, 
        "long_term_average": 7312723, 
        "date": "2013-02-28", 
        "operating_revenue": 5933139, 
        "short_term_average": 7188572
    }, 
    {
        "accumulated_operating_revenue_yoy": -0.3106169092892029, 
        "accumulated_operating_revenue": 21023494, 
        "long_term_average": 7288091, 
        "date": "2013-03-31", 
        "operating_revenue": 7306534, 
        "short_term_average": 7007831
    }, 
    {
        "accumulated_operating_revenue_yoy": -0.8631238945728283, 
        "accumulated_operating_revenue": 28062046, 
        "long_term_average": 7273189, 
        "date": "2013-04-30", 
        "operating_revenue": 7038552, 
        "short_term_average": 6759408
    }, 
    {
        "accumulated_operating_revenue_yoy": -0.33811729239524624, 
        "accumulated_operating_revenue": 35059381, 
        "long_term_average": 7283637, 
        "date": "2013-05-31", 
        "operating_revenue": 6997335, 
        "short_term_average": 7114140
    }, 
    {
        "accumulated_operating_revenue_yoy": 0.1692558713025964, 
        "accumulated_operating_revenue": 42205747, 
        "long_term_average": 7299492, 
        "date": "2013-06-30", 
        "operating_revenue": 7146366, 
        "short_term_average": 7060751
    }, 
    {
        "accumulated_operating_revenue_yoy": 0.477694937212313, 
        "accumulated_operating_revenue": 49500250, 
        "long_term_average": 7313161, 
        "date": "2013-07-31", 
        "operating_revenue": 7294503, 
        "short_term_average": 7146068
    }, 
    {
        "accumulated_operating_revenue_yoy": 0.14280816215020636, 
        "accumulated_operating_revenue": 57197349, 
        "long_term_average": 7300347, 
        "date": "2013-08-31", 
        "operating_revenue": 7697099, 
        "short_term_average": 7379322
    }, 
    {
        "accumulated_operating_revenue_yoy": 0.9512360134908788, 
        "accumulated_operating_revenue": 65318453, 
        "long_term_average": 7344839, 
        "date": "2013-09-30", 
        "operating_revenue": 8121104, 
        "short_term_average": 7704235
    }, 
    {
        "accumulated_operating_revenue_yoy": 1.8772741041799206, 
        "accumulated_operating_revenue": 73270215, 
        "long_term_average": 7406061, 
        "date": "2013-10-31", 
        "operating_revenue": 7951762, 
        "short_term_average": 7923321
    }, 
    {
        "accumulated_operating_revenue_yoy": 2.537837951883882, 
        "accumulated_operating_revenue": 81695835, 
        "long_term_average": 7462049, 
        "date": "2013-11-30", 
        "operating_revenue": 8425620, 
        "short_term_average": 8166162
    }, 
    {
        "accumulated_operating_revenue_yoy": 2.819169056201919, 
        "accumulated_operating_revenue": 89990008, 
        "long_term_average": 7499167, 
        "date": "2013-12-31", 
        "operating_revenue": 8294173, 
        "short_term_average": 8223851
    }, 
    {
        "accumulated_operating_revenue_yoy": 5.931919554676296, 
        "accumulated_operating_revenue": 8245551, 
        "long_term_average": 7537644, 
        "date": "2014-01-31", 
        "operating_revenue": 8245551, 
        "short_term_average": 8321781
    }, 
    {
        "accumulated_operating_revenue_yoy": 4.32210198178022, 
        "accumulated_operating_revenue": 14309821, 
        "long_term_average": 7548572, 
        "date": "2014-02-28", 
        "operating_revenue": 6064270, 
        "short_term_average": 7534664
    }, 
    {
        "accumulated_operating_revenue_yoy": 4.471292925904705, 
        "accumulated_operating_revenue": 21963516, 
        "long_term_average": 7577502, 
        "date": "2014-03-31", 
        "operating_revenue": 7653695, 
        "short_term_average": 7321172
    }, 
    {
        "accumulated_operating_revenue_yoy": 6.278772403124135, 
        "accumulated_operating_revenue": 29823998, 
        "long_term_average": 7645996, 
        "date": "2014-04-30", 
        "operating_revenue": 7860482, 
        "short_term_average": 7192815
    }, 
    {
        "accumulated_operating_revenue_yoy": 7.150739483962937, 
        "accumulated_operating_revenue": 37566386, 
        "long_term_average": 7708084, 
        "date": "2014-05-31", 
        "operating_revenue": 7742388, 
        "short_term_average": 7752188
    }, 
    {
        "accumulated_operating_revenue_yoy": 5.5590036115223835, 
        "accumulated_operating_revenue": 44551966, 
        "long_term_average": 7694685, 
        "date": "2014-06-30", 
        "operating_revenue": 6985580, 
        "short_term_average": 7529483
    }, 
    {
        "accumulated_operating_revenue_yoy": 5.067675415780728, 
        "accumulated_operating_revenue": 52008762, 
        "long_term_average": 7708210, 
        "date": "2014-07-31", 
        "operating_revenue": 7456796, 
        "short_term_average": 7394921
    }, 
    {
        "accumulated_operating_revenue_yoy": 4.399123462872379, 
        "accumulated_operating_revenue": 59713531, 
        "long_term_average": 7708849, 
        "date": "2014-08-31", 
        "operating_revenue": 7704769, 
        "short_term_average": 7382381
    }, 
    {
        "accumulated_operating_revenue_yoy": 3.6285611357023413, 
        "accumulated_operating_revenue": 67688573, 
        "long_term_average": 7696677, 
        "date": "2014-09-30", 
        "operating_revenue": 7975042, 
        "short_term_average": 7712202
    }, 
    {
        "accumulated_operating_revenue_yoy": 3.430340691643938, 
        "accumulated_operating_revenue": 75783633, 
        "long_term_average": 7708618, 
        "date": "2014-10-31", 
        "operating_revenue": 8095060, 
        "short_term_average": 7924957
    }, 
    {
        "accumulated_operating_revenue_yoy": 2.482244045856193, 
        "accumulated_operating_revenue": 83723725, 
        "long_term_average": 7668158, 
        "date": "2014-11-30", 
        "operating_revenue": 7940092, 
        "short_term_average": 8003398
    }, 
    {
        "accumulated_operating_revenue_yoy": 2.6300419931066124, 
        "accumulated_operating_revenue": 92356783, 
        "long_term_average": 7696398, 
        "date": "2014-12-31", 
        "operating_revenue": 8633058, 
        "short_term_average": 8222736
    }, 
    {
        "accumulated_operating_revenue_yoy": -8.174347596661521, 
        "accumulated_operating_revenue": 7571531, 
        "long_term_average": 7640230, 
        "date": "2015-01-31", 
        "operating_revenue": 7571531, 
        "short_term_average": 8048227
    }, 
    {
        "accumulated_operating_revenue_yoy": -5.597533330430897, 
        "accumulated_operating_revenue": 13508824, 
        "long_term_average": 7629648, 
        "date": "2015-02-28", 
        "operating_revenue": 5937293, 
        "short_term_average": 7380627
    }, 
    {
        "accumulated_operating_revenue_yoy": -7.980070221908004, 
        "accumulated_operating_revenue": 20210812, 
        "long_term_average": 7550339, 
        "date": "2015-03-31", 
        "operating_revenue": 6701988, 
        "short_term_average": 6736937
    }, 
    {
        "accumulated_operating_revenue_yoy": -10.42665708333269, 
        "accumulated_operating_revenue": 26714352, 
        "long_term_average": 7437261, 
        "date": "2015-04-30", 
        "operating_revenue": 6503540, 
        "short_term_average": 6380940
    }, 
    {
        "accumulated_operating_revenue_yoy": -12.599599013863086, 
        "accumulated_operating_revenue": 32833172, 
        "long_term_average": 7301964, 
        "date": "2015-05-31", 
        "operating_revenue": 6118820, 
        "short_term_average": 6441449
    }, 
    {
        "accumulated_operating_revenue_yoy": -12.40538071877681, 
        "accumulated_operating_revenue": 39025125, 
        "long_term_average": 7235828, 
        "date": "2015-06-30", 
        "operating_revenue": 6191953, 
        "short_term_average": 6271437
    }, 
    {
        "accumulated_operating_revenue_yoy": -12.43323769175663, 
        "accumulated_operating_revenue": 45542389, 
        "long_term_average": 7157534, 
        "date": "2015-07-31", 
        "operating_revenue": 6517264, 
        "short_term_average": 6276012
    }, 
    {
        "accumulated_operating_revenue_yoy": -12.902231489208033, 
        "accumulated_operating_revenue": 52009153, 
        "long_term_average": 7054367, 
        "date": "2015-08-31", 
        "operating_revenue": 6466764, 
        "short_term_average": 6391993
    }
]