[
    {
        "date": "2011-09-30", 
        "operating_revenue": 56331, 
        "accumulated_operating_revenue": 56331, 
        "long_term_average": 56331, 
        "short_term_average": 56331
    }, 
    {
        "date": "2011-10-31", 
        "operating_revenue": 47116, 
        "accumulated_operating_revenue": 103447, 
        "long_term_average": 51723, 
        "short_term_average": 51723
    }, 
    {
        "date": "2011-11-30", 
        "operating_revenue": 46517, 
        "accumulated_operating_revenue": 149964, 
        "long_term_average": 49988, 
        "short_term_average": 49988
    }, 
    {
        "date": "2011-12-31", 
        "operating_revenue": 52820, 
        "accumulated_operating_revenue": 202784, 
        "long_term_average": 50696, 
        "short_term_average": 48817
    }, 
    {
        "date": "2012-01-31", 
        "operating_revenue": 83205, 
        "accumulated_operating_revenue": 83205, 
        "long_term_average": 57197, 
        "short_term_average": 60847
    }, 
    {
        "date": "2012-02-29", 
        "operating_revenue": 46759, 
        "accumulated_operating_revenue": 129964, 
        "long_term_average": 55458, 
        "short_term_average": 60928
    }, 
    {
        "date": "2012-03-31", 
        "operating_revenue": 41096, 
        "accumulated_operating_revenue": 171060, 
        "long_term_average": 53406, 
        "short_term_average": 57020
    }, 
    {
        "date": "2012-04-30", 
        "operating_revenue": 50248, 
        "accumulated_operating_revenue": 221308, 
        "long_term_average": 53011, 
        "short_term_average": 46034
    }, 
    {
        "date": "2012-05-31", 
        "operating_revenue": 57902, 
        "accumulated_operating_revenue": 279210, 
        "long_term_average": 53554, 
        "short_term_average": 49748
    }, 
    {
        "date": "2012-06-30", 
        "operating_revenue": 57309, 
        "accumulated_operating_revenue": 336519, 
        "long_term_average": 53930, 
        "short_term_average": 55153
    }, 
    {
        "date": "2012-07-31", 
        "operating_revenue": 91314, 
        "accumulated_operating_revenue": 427833, 
        "long_term_average": 57328, 
        "short_term_average": 68841
    }, 
    {
        "date": "2012-08-31", 
        "operating_revenue": 107341, 
        "accumulated_operating_revenue": 535174, 
        "long_term_average": 61496, 
        "short_term_average": 85321
    }, 
    {
        "accumulated_operating_revenue_yoy": 952.7347286574001, 
        "accumulated_operating_revenue": 593016, 
        "long_term_average": 61622, 
        "date": "2012-09-30", 
        "operating_revenue": 57842, 
        "short_term_average": 85499
    }, 
    {
        "accumulated_operating_revenue_yoy": 518.2528251181765, 
        "accumulated_operating_revenue": 639564, 
        "long_term_average": 61575, 
        "date": "2012-10-31", 
        "operating_revenue": 46548, 
        "short_term_average": 70577
    }, 
    {
        "accumulated_operating_revenue_yoy": 355.0452108506041, 
        "accumulated_operating_revenue": 682404, 
        "long_term_average": 61268, 
        "date": "2012-11-30", 
        "operating_revenue": 42840, 
        "short_term_average": 49076
    }, 
    {
        "accumulated_operating_revenue_yoy": 257.9310991005208, 
        "accumulated_operating_revenue": 725827, 
        "long_term_average": 60485, 
        "date": "2012-12-31", 
        "operating_revenue": 43423, 
        "short_term_average": 44270
    }, 
    {
        "accumulated_operating_revenue_yoy": -12.595396911243315, 
        "accumulated_operating_revenue": 72725, 
        "long_term_average": 59612, 
        "date": "2013-01-31", 
        "operating_revenue": 72725, 
        "short_term_average": 52996
    }, 
    {
        "accumulated_operating_revenue_yoy": 3.2408974793019607, 
        "accumulated_operating_revenue": 134176, 
        "long_term_average": 60836, 
        "date": "2013-02-28", 
        "operating_revenue": 61451, 
        "short_term_average": 59199
    }, 
    {
        "accumulated_operating_revenue_yoy": 2.123816204840407, 
        "accumulated_operating_revenue": 174693, 
        "long_term_average": 60788, 
        "date": "2013-03-31", 
        "operating_revenue": 40517, 
        "short_term_average": 58231
    }, 
    {
        "accumulated_operating_revenue_yoy": -1.5598170874979667, 
        "accumulated_operating_revenue": 217856, 
        "long_term_average": 60197, 
        "date": "2013-04-30", 
        "operating_revenue": 43163, 
        "short_term_average": 48377
    }, 
    {
        "accumulated_operating_revenue_yoy": -3.7663407471079116, 
        "accumulated_operating_revenue": 268694, 
        "long_term_average": 59609, 
        "date": "2013-05-31", 
        "operating_revenue": 50838, 
        "short_term_average": 44839
    }, 
    {
        "accumulated_operating_revenue_yoy": -0.7393341832110519, 
        "accumulated_operating_revenue": 334031, 
        "long_term_average": 60278, 
        "date": "2013-06-30", 
        "operating_revenue": 65337, 
        "short_term_average": 53112
    }, 
    {
        "accumulated_operating_revenue_yoy": 1.1703164552524, 
        "accumulated_operating_revenue": 432840, 
        "long_term_average": 60902, 
        "date": "2013-07-31", 
        "operating_revenue": 98809, 
        "short_term_average": 71661
    }, 
    {
        "accumulated_operating_revenue_yoy": -0.3740839427924376, 
        "accumulated_operating_revenue": 533172, 
        "long_term_average": 60318, 
        "date": "2013-08-31", 
        "operating_revenue": 100332, 
        "short_term_average": 88159
    }, 
    {
        "accumulated_operating_revenue_yoy": -0.2333832476695401, 
        "accumulated_operating_revenue": 591632, 
        "long_term_average": 60370, 
        "date": "2013-09-30", 
        "operating_revenue": 58460, 
        "short_term_average": 85867
    }, 
    {
        "accumulated_operating_revenue_yoy": -0.902646177708564, 
        "accumulated_operating_revenue": 633791, 
        "long_term_average": 60004, 
        "date": "2013-10-31", 
        "operating_revenue": 42159, 
        "short_term_average": 66983
    }, 
    {
        "accumulated_operating_revenue_yoy": -1.1598701062713583, 
        "accumulated_operating_revenue": 674489, 
        "long_term_average": 59826, 
        "date": "2013-11-30", 
        "operating_revenue": 40698, 
        "short_term_average": 47105
    }, 
    {
        "accumulated_operating_revenue_yoy": -0.7809023362316364, 
        "accumulated_operating_revenue": 720159, 
        "long_term_average": 60013, 
        "date": "2013-12-31", 
        "operating_revenue": 45670, 
        "short_term_average": 42842
    }, 
    {
        "accumulated_operating_revenue_yoy": 18.990718459951875, 
        "accumulated_operating_revenue": 86536, 
        "long_term_average": 61164, 
        "date": "2014-01-31", 
        "operating_revenue": 86536, 
        "short_term_average": 57634
    }, 
    {
        "accumulated_operating_revenue_yoy": -2.7143453374672073, 
        "accumulated_operating_revenue": 130534, 
        "long_term_average": 59709, 
        "date": "2014-02-28", 
        "operating_revenue": 43998, 
        "short_term_average": 58734
    }, 
    {
        "accumulated_operating_revenue_yoy": -4.95154356499688, 
        "accumulated_operating_revenue": 166043, 
        "long_term_average": 59292, 
        "date": "2014-03-31", 
        "operating_revenue": 35509, 
        "short_term_average": 55347
    }, 
    {
        "accumulated_operating_revenue_yoy": -3.9572010869565215, 
        "accumulated_operating_revenue": 209235, 
        "long_term_average": 59294, 
        "date": "2014-04-30", 
        "operating_revenue": 43192, 
        "short_term_average": 40899
    }, 
    {
        "accumulated_operating_revenue_yoy": -3.891415513558174, 
        "accumulated_operating_revenue": 258238, 
        "long_term_average": 59141, 
        "date": "2014-05-31", 
        "operating_revenue": 49003, 
        "short_term_average": 42568
    }, 
    {
        "accumulated_operating_revenue_yoy": -2.9146995338755985, 
        "accumulated_operating_revenue": 324295, 
        "long_term_average": 59201, 
        "date": "2014-06-30", 
        "operating_revenue": 66057, 
        "short_term_average": 52750
    }, 
    {
        "accumulated_operating_revenue_yoy": -1.2295536456889382, 
        "accumulated_operating_revenue": 427518, 
        "long_term_average": 59569, 
        "date": "2014-07-31", 
        "operating_revenue": 103223, 
        "short_term_average": 72761
    }, 
    {
        "accumulated_operating_revenue_yoy": -4.212336731861388, 
        "accumulated_operating_revenue": 510713, 
        "long_term_average": 58141, 
        "date": "2014-08-31", 
        "operating_revenue": 83195, 
        "short_term_average": 84158
    }, 
    {
        "accumulated_operating_revenue_yoy": -4.0190523839143255, 
        "accumulated_operating_revenue": 567854, 
        "long_term_average": 58031, 
        "date": "2014-09-30", 
        "operating_revenue": 57141, 
        "short_term_average": 81186
    }, 
    {
        "accumulated_operating_revenue_yoy": -2.833583941709491, 
        "accumulated_operating_revenue": 615832, 
        "long_term_average": 58516, 
        "date": "2014-10-31", 
        "operating_revenue": 47978, 
        "short_term_average": 62771
    }, 
    {
        "accumulated_operating_revenue_yoy": -2.537031738100992, 
        "accumulated_operating_revenue": 657377, 
        "long_term_average": 58587, 
        "date": "2014-11-30", 
        "operating_revenue": 41545, 
        "short_term_average": 48888
    }, 
    {
        "accumulated_operating_revenue_yoy": -2.5006977625774307, 
        "accumulated_operating_revenue": 702150, 
        "long_term_average": 58512, 
        "date": "2014-12-31", 
        "operating_revenue": 44773, 
        "short_term_average": 44765
    }, 
    {
        "accumulated_operating_revenue_yoy": -3.9590459461958027, 
        "accumulated_operating_revenue": 83110, 
        "long_term_average": 58227, 
        "date": "2015-01-31", 
        "operating_revenue": 83110, 
        "short_term_average": 56476
    }, 
    {
        "accumulated_operating_revenue_yoy": 9.208328864510396, 
        "accumulated_operating_revenue": 142554, 
        "long_term_average": 59514, 
        "date": "2015-02-28", 
        "operating_revenue": 59444, 
        "short_term_average": 62442
    }, 
    {
        "accumulated_operating_revenue_yoy": 10.04739736092458, 
        "accumulated_operating_revenue": 182726, 
        "long_term_average": 59902, 
        "date": "2015-03-31", 
        "operating_revenue": 40172, 
        "short_term_average": 60908
    }, 
    {
        "accumulated_operating_revenue_yoy": 8.77291084187636, 
        "accumulated_operating_revenue": 227591, 
        "long_term_average": 60042, 
        "date": "2015-04-30", 
        "operating_revenue": 44865, 
        "short_term_average": 48160
    }, 
    {
        "accumulated_operating_revenue_yoy": 5.819050643205105, 
        "accumulated_operating_revenue": 273265, 
        "long_term_average": 59764, 
        "date": "2015-05-31", 
        "operating_revenue": 45674, 
        "short_term_average": 43570
    }, 
    {
        "accumulated_operating_revenue_yoy": 6.857645045406188, 
        "accumulated_operating_revenue": 346534, 
        "long_term_average": 60365, 
        "date": "2015-06-30", 
        "operating_revenue": 73269, 
        "short_term_average": 54602
    }, 
    {
        "accumulated_operating_revenue_yoy": 4.920728483946875, 
        "accumulated_operating_revenue": 448555, 
        "long_term_average": 60265, 
        "date": "2015-07-31", 
        "operating_revenue": 102021, 
        "short_term_average": 73654
    }, 
    {
        "accumulated_operating_revenue_yoy": 7.0088288334152455, 
        "accumulated_operating_revenue": 546508, 
        "long_term_average": 61495, 
        "date": "2015-08-31", 
        "operating_revenue": 97953, 
        "short_term_average": 91081
    }, 
    {
        "accumulated_operating_revenue_yoy": 6.0193289120090725, 
        "accumulated_operating_revenue": 602035, 
        "long_term_average": 61360, 
        "date": "2015-09-30", 
        "operating_revenue": 55527, 
        "short_term_average": 85167
    }
]