[
    {
        "date": "2012-01-31", 
        "operating_revenue": 1411388, 
        "accumulated_operating_revenue": 1411388, 
        "long_term_average": 1411388, 
        "short_term_average": 1411388
    }, 
    {
        "date": "2012-02-29", 
        "operating_revenue": 1347485, 
        "accumulated_operating_revenue": 2758873, 
        "long_term_average": 1379436, 
        "short_term_average": 1379436
    }, 
    {
        "date": "2012-03-31", 
        "operating_revenue": 1448041, 
        "accumulated_operating_revenue": 4206914, 
        "long_term_average": 1402304, 
        "short_term_average": 1402304
    }, 
    {
        "date": "2012-04-30", 
        "operating_revenue": 1328270, 
        "accumulated_operating_revenue": 5535184, 
        "long_term_average": 1383796, 
        "short_term_average": 1374598
    }, 
    {
        "date": "2012-05-31", 
        "operating_revenue": 1365293, 
        "accumulated_operating_revenue": 6900477, 
        "long_term_average": 1380095, 
        "short_term_average": 1380534
    }, 
    {
        "date": "2012-06-30", 
        "operating_revenue": 1433346, 
        "accumulated_operating_revenue": 8333823, 
        "long_term_average": 1388970, 
        "short_term_average": 1375636
    }, 
    {
        "date": "2012-07-31", 
        "operating_revenue": 1477055, 
        "accumulated_operating_revenue": 9810878, 
        "long_term_average": 1401554, 
        "short_term_average": 1425231
    }, 
    {
        "date": "2012-08-31", 
        "operating_revenue": 1687998, 
        "accumulated_operating_revenue": 11498876, 
        "long_term_average": 1437359, 
        "short_term_average": 1532799
    }, 
    {
        "date": "2012-09-30", 
        "operating_revenue": 1618937, 
        "accumulated_operating_revenue": 13117813, 
        "long_term_average": 1457534, 
        "short_term_average": 1594663
    }, 
    {
        "date": "2012-10-31", 
        "operating_revenue": 1597213, 
        "accumulated_operating_revenue": 14715026, 
        "long_term_average": 1471502, 
        "short_term_average": 1634716
    }, 
    {
        "date": "2012-11-30", 
        "operating_revenue": 1485881, 
        "accumulated_operating_revenue": 16200907, 
        "long_term_average": 1472809, 
        "short_term_average": 1567343
    }, 
    {
        "date": "2012-12-31", 
        "operating_revenue": 1569776, 
        "accumulated_operating_revenue": 17770683, 
        "long_term_average": 1480890, 
        "short_term_average": 1550956
    }, 
    {
        "accumulated_operating_revenue_yoy": 11.267277318497818, 
        "accumulated_operating_revenue": 1570413, 
        "long_term_average": 1494142, 
        "date": "2013-01-31", 
        "operating_revenue": 1570413, 
        "short_term_average": 1542023
    }, 
    {
        "accumulated_operating_revenue_yoy": 4.33339990641106, 
        "accumulated_operating_revenue": 2878426, 
        "long_term_average": 1490853, 
        "date": "2013-02-28", 
        "operating_revenue": 1308013, 
        "short_term_average": 1482734
    }, 
    {
        "accumulated_operating_revenue_yoy": 4.119884551954235, 
        "accumulated_operating_revenue": 4380234, 
        "long_term_average": 1495333, 
        "date": "2013-03-31", 
        "operating_revenue": 1501808, 
        "short_term_average": 1460078
    }, 
    {
        "accumulated_operating_revenue_yoy": 4.947477807422481, 
        "accumulated_operating_revenue": 5809036, 
        "long_term_average": 1503711, 
        "date": "2013-04-30", 
        "operating_revenue": 1428802, 
        "short_term_average": 1412874
    }, 
    {
        "accumulated_operating_revenue_yoy": 3.5019752982293832, 
        "accumulated_operating_revenue": 7142130, 
        "long_term_average": 1501028, 
        "date": "2013-05-31", 
        "operating_revenue": 1333094, 
        "short_term_average": 1421234
    }, 
    {
        "accumulated_operating_revenue_yoy": 3.002907549152412, 
        "accumulated_operating_revenue": 8584080, 
        "long_term_average": 1501745, 
        "date": "2013-06-30", 
        "operating_revenue": 1441950, 
        "short_term_average": 1401282
    }, 
    {
        "accumulated_operating_revenue_yoy": 3.1417473543142624, 
        "accumulated_operating_revenue": 10119111, 
        "long_term_average": 1506576, 
        "date": "2013-07-31", 
        "operating_revenue": 1535031, 
        "short_term_average": 1436691
    }, 
    {
        "accumulated_operating_revenue_yoy": 2.0693413860624292, 
        "accumulated_operating_revenue": 11736827, 
        "long_term_average": 1500719, 
        "date": "2013-08-31", 
        "operating_revenue": 1617716, 
        "short_term_average": 1531565
    }, 
    {
        "accumulated_operating_revenue_yoy": 2.1877198584855573, 
        "accumulated_operating_revenue": 13404794, 
        "long_term_average": 1504805, 
        "date": "2013-09-30", 
        "operating_revenue": 1667967, 
        "short_term_average": 1606904
    }, 
    {
        "accumulated_operating_revenue_yoy": 2.03020368431561, 
        "accumulated_operating_revenue": 15013771, 
        "long_term_average": 1505785, 
        "date": "2013-10-31", 
        "operating_revenue": 1608977, 
        "short_term_average": 1631553
    }, 
    {
        "accumulated_operating_revenue_yoy": 1.7312610954436072, 
        "accumulated_operating_revenue": 16481387, 
        "long_term_average": 1504263, 
        "date": "2013-11-30", 
        "operating_revenue": 1467616, 
        "short_term_average": 1581520
    }, 
    {
        "accumulated_operating_revenue_yoy": 1.979265512754912, 
        "accumulated_operating_revenue": 18122412, 
        "long_term_average": 1510201, 
        "date": "2013-12-31", 
        "operating_revenue": 1641025, 
        "short_term_average": 1572539
    }, 
    {
        "accumulated_operating_revenue_yoy": -5.232890965624966, 
        "accumulated_operating_revenue": 1488235, 
        "long_term_average": 1503352, 
        "date": "2014-01-31", 
        "operating_revenue": 1488235, 
        "short_term_average": 1532292
    }, 
    {
        "accumulated_operating_revenue_yoy": -5.695404363356918, 
        "accumulated_operating_revenue": 2714488, 
        "long_term_average": 1496539, 
        "date": "2014-02-28", 
        "operating_revenue": 1226253, 
        "short_term_average": 1451837
    }, 
    {
        "accumulated_operating_revenue_yoy": -5.065825250431826, 
        "accumulated_operating_revenue": 4158339, 
        "long_term_average": 1491709, 
        "date": "2014-03-31", 
        "operating_revenue": 1443851, 
        "short_term_average": 1386113
    }, 
    {
        "accumulated_operating_revenue_yoy": -3.818086167825436, 
        "accumulated_operating_revenue": 5587242, 
        "long_term_average": 1491718, 
        "date": "2014-04-30", 
        "operating_revenue": 1428903, 
        "short_term_average": 1366335
    }, 
    {
        "accumulated_operating_revenue_yoy": -1.1299570296256158, 
        "accumulated_operating_revenue": 7061427, 
        "long_term_average": 1503475, 
        "date": "2014-05-31", 
        "operating_revenue": 1474185, 
        "short_term_average": 1448979
    }, 
    {
        "accumulated_operating_revenue_yoy": -1.3566858649965983, 
        "accumulated_operating_revenue": 8467621, 
        "long_term_average": 1500496, 
        "date": "2014-06-30", 
        "operating_revenue": 1406194, 
        "short_term_average": 1436427
    }, 
    {
        "accumulated_operating_revenue_yoy": -1.6156854095186821, 
        "accumulated_operating_revenue": 9955618, 
        "long_term_average": 1496576, 
        "date": "2014-07-31", 
        "operating_revenue": 1487997, 
        "short_term_average": 1456125
    }, 
    {
        "accumulated_operating_revenue_yoy": -2.0271918466549774, 
        "accumulated_operating_revenue": 11498899, 
        "long_term_average": 1490373, 
        "date": "2014-08-31", 
        "operating_revenue": 1543281, 
        "short_term_average": 1479157
    }, 
    {
        "accumulated_operating_revenue_yoy": -2.95443555492162, 
        "accumulated_operating_revenue": 13008758, 
        "long_term_average": 1477198, 
        "date": "2014-09-30", 
        "operating_revenue": 1509859, 
        "short_term_average": 1513712
    }, 
    {
        "accumulated_operating_revenue_yoy": -3.313857657746345, 
        "accumulated_operating_revenue": 14516236, 
        "long_term_average": 1468739, 
        "date": "2014-10-31", 
        "operating_revenue": 1507478, 
        "short_term_average": 1520206
    }, 
    {
        "accumulated_operating_revenue_yoy": -3.1681496223588463, 
        "accumulated_operating_revenue": 15959232, 
        "long_term_average": 1466688, 
        "date": "2014-11-30", 
        "operating_revenue": 1442996, 
        "short_term_average": 1486777
    }, 
    {
        "accumulated_operating_revenue_yoy": -3.281136087183097, 
        "accumulated_operating_revenue": 17527791, 
        "long_term_average": 1460649, 
        "date": "2014-12-31", 
        "operating_revenue": 1568559, 
        "short_term_average": 1506344
    }, 
    {
        "accumulated_operating_revenue_yoy": 3.94843556293193, 
        "accumulated_operating_revenue": 1546997, 
        "long_term_average": 1465546, 
        "date": "2015-01-31", 
        "operating_revenue": 1546997, 
        "short_term_average": 1519517
    }, 
    {
        "accumulated_operating_revenue_yoy": 1.7105988311607936, 
        "accumulated_operating_revenue": 2760922, 
        "long_term_average": 1464518, 
        "date": "2015-02-28", 
        "operating_revenue": 1213925, 
        "short_term_average": 1443160
    }, 
    {
        "accumulated_operating_revenue_yoy": -3.60420350529382, 
        "accumulated_operating_revenue": 4008464, 
        "long_term_average": 1448159, 
        "date": "2015-03-31", 
        "operating_revenue": 1247542, 
        "short_term_average": 1336154
    }, 
    {
        "accumulated_operating_revenue_yoy": -5.455428635451982, 
        "accumulated_operating_revenue": 5282434, 
        "long_term_average": 1435248, 
        "date": "2015-04-30", 
        "operating_revenue": 1273970, 
        "short_term_average": 1245145
    }, 
    {
        "accumulated_operating_revenue_yoy": -6.698518585549351, 
        "accumulated_operating_revenue": 6588416, 
        "long_term_average": 1421231, 
        "date": "2015-05-31", 
        "operating_revenue": 1305982, 
        "short_term_average": 1275831
    }, 
    {
        "accumulated_operating_revenue_yoy": -6.255251622622223, 
        "accumulated_operating_revenue": 7937950, 
        "long_term_average": 1416510, 
        "date": "2015-06-30", 
        "operating_revenue": 1349534, 
        "short_term_average": 1309828
    }, 
    {
        "accumulated_operating_revenue_yoy": -5.753254092312502, 
        "accumulated_operating_revenue": 9382846, 
        "long_term_average": 1412918, 
        "date": "2015-07-31", 
        "operating_revenue": 1444896, 
        "short_term_average": 1366804
    }, 
    {
        "accumulated_operating_revenue_yoy": -4.941368734519713, 
        "accumulated_operating_revenue": 10930696, 
        "long_term_average": 1413299, 
        "date": "2015-08-31", 
        "operating_revenue": 1547850, 
        "short_term_average": 1447426
    }
]