[
    {
        "date": "2012-01-31", 
        "operating_revenue": 33076294, 
        "accumulated_operating_revenue": 33076294, 
        "long_term_average": 33076294, 
        "short_term_average": 33076294
    }, 
    {
        "date": "2012-02-29", 
        "operating_revenue": 30646068, 
        "accumulated_operating_revenue": 63722362, 
        "long_term_average": 31861181, 
        "short_term_average": 31861181
    }, 
    {
        "date": "2012-03-31", 
        "operating_revenue": 34131178, 
        "accumulated_operating_revenue": 97853540, 
        "long_term_average": 32617846, 
        "short_term_average": 32617846
    }, 
    {
        "date": "2012-04-30", 
        "operating_revenue": 33061386, 
        "accumulated_operating_revenue": 130914926, 
        "long_term_average": 32728731, 
        "short_term_average": 32612877
    }, 
    {
        "date": "2012-05-31", 
        "operating_revenue": 35016982, 
        "accumulated_operating_revenue": 165931908, 
        "long_term_average": 33186381, 
        "short_term_average": 34069848
    }, 
    {
        "date": "2012-06-30", 
        "operating_revenue": 32060094, 
        "accumulated_operating_revenue": 197992002, 
        "long_term_average": 32998667, 
        "short_term_average": 33379487
    }, 
    {
        "date": "2012-07-31", 
        "operating_revenue": 37728436, 
        "accumulated_operating_revenue": 235720438, 
        "long_term_average": 33674348, 
        "short_term_average": 34935170
    }, 
    {
        "date": "2012-08-31", 
        "operating_revenue": 37152484, 
        "accumulated_operating_revenue": 272872922, 
        "long_term_average": 34109115, 
        "short_term_average": 35647004
    }, 
    {
        "date": "2012-09-30", 
        "operating_revenue": 35972416, 
        "accumulated_operating_revenue": 308845338, 
        "long_term_average": 34316148, 
        "short_term_average": 36951112
    }, 
    {
        "date": "2012-10-31", 
        "operating_revenue": 33551968, 
        "accumulated_operating_revenue": 342397306, 
        "long_term_average": 34239730, 
        "short_term_average": 35558956
    }, 
    {
        "date": "2012-11-30", 
        "operating_revenue": 31152863, 
        "accumulated_operating_revenue": 373550169, 
        "long_term_average": 33959106, 
        "short_term_average": 33559082
    }, 
    {
        "date": "2012-12-31", 
        "operating_revenue": 32433387, 
        "accumulated_operating_revenue": 405983556, 
        "long_term_average": 33831963, 
        "short_term_average": 32379406
    }, 
    {
        "accumulated_operating_revenue_yoy": 20.64822921213604, 
        "accumulated_operating_revenue": 39905963, 
        "long_term_average": 34401102, 
        "date": "2013-01-31", 
        "operating_revenue": 39905963, 
        "short_term_average": 34497404
    }, 
    {
        "accumulated_operating_revenue_yoy": 8.935249449792837, 
        "accumulated_operating_revenue": 69416114, 
        "long_term_average": 34306442, 
        "date": "2013-02-28", 
        "operating_revenue": 29510151, 
        "short_term_average": 33949833
    }, 
    {
        "accumulated_operating_revenue_yoy": 6.9564207896822134, 
        "accumulated_operating_revenue": 104660644, 
        "long_term_average": 34399221, 
        "date": "2013-03-31", 
        "operating_revenue": 35244530, 
        "short_term_average": 34886881
    }, 
    {
        "accumulated_operating_revenue_yoy": 6.412960123431609, 
        "accumulated_operating_revenue": 139310448, 
        "long_term_average": 34531589, 
        "date": "2013-04-30", 
        "operating_revenue": 34649804, 
        "short_term_average": 33134828
    }, 
    {
        "accumulated_operating_revenue_yoy": 5.641603301518114, 
        "accumulated_operating_revenue": 175293128, 
        "long_term_average": 34612064, 
        "date": "2013-05-31", 
        "operating_revenue": 35982680, 
        "short_term_average": 35292338
    }, 
    {
        "accumulated_operating_revenue_yoy": 6.545981589700781, 
        "accumulated_operating_revenue": 210952522, 
        "long_term_average": 34912006, 
        "date": "2013-06-30", 
        "operating_revenue": 35659394, 
        "short_term_average": 35430626
    }, 
    {
        "accumulated_operating_revenue_yoy": 6.099845275189927, 
        "accumulated_operating_revenue": 250099020, 
        "long_term_average": 35030178, 
        "date": "2013-07-31", 
        "operating_revenue": 39146498, 
        "short_term_average": 36929524
    }, 
    {
        "accumulated_operating_revenue_yoy": 6.132341705931525, 
        "accumulated_operating_revenue": 289606422, 
        "long_term_average": 35226421, 
        "date": "2013-08-31", 
        "operating_revenue": 39507402, 
        "short_term_average": 38104431
    }, 
    {
        "accumulated_operating_revenue_yoy": 5.3773601076665765, 
        "accumulated_operating_revenue": 325453064, 
        "long_term_average": 35215940, 
        "date": "2013-09-30", 
        "operating_revenue": 35846642, 
        "short_term_average": 38166847
    }, 
    {
        "accumulated_operating_revenue_yoy": 5.035212222142893, 
        "accumulated_operating_revenue": 359637737, 
        "long_term_average": 35268665, 
        "date": "2013-10-31", 
        "operating_revenue": 34184673, 
        "short_term_average": 36512905
    }, 
    {
        "accumulated_operating_revenue_yoy": 4.571800100028867, 
        "accumulated_operating_revenue": 390628136, 
        "long_term_average": 35255126, 
        "date": "2013-11-30", 
        "operating_revenue": 30990399, 
        "short_term_average": 33673904
    }, 
    {
        "accumulated_operating_revenue_yoy": 3.538522629226884, 
        "accumulated_operating_revenue": 420349376, 
        "long_term_average": 35029114, 
        "date": "2013-12-31", 
        "operating_revenue": 29721240, 
        "short_term_average": 31632104
    }, 
    {
        "accumulated_operating_revenue_yoy": 2.79030980908793, 
        "accumulated_operating_revenue": 41019463, 
        "long_term_average": 35121906, 
        "date": "2014-01-31", 
        "operating_revenue": 41019463, 
        "short_term_average": 33910367
    }, 
    {
        "accumulated_operating_revenue_yoy": 4.2000348795093885, 
        "accumulated_operating_revenue": 72331615, 
        "long_term_average": 35272073, 
        "date": "2014-02-28", 
        "operating_revenue": 31312152, 
        "short_term_average": 34017618
    }, 
    {
        "accumulated_operating_revenue_yoy": 2.3374488312913497, 
        "accumulated_operating_revenue": 107107033, 
        "long_term_average": 35232980, 
        "date": "2014-03-31", 
        "operating_revenue": 34775418, 
        "short_term_average": 35702344
    }, 
    {
        "accumulated_operating_revenue_yoy": 1.3773051680947863, 
        "accumulated_operating_revenue": 141229178, 
        "long_term_average": 35189008, 
        "date": "2014-04-30", 
        "operating_revenue": 34122145, 
        "short_term_average": 33403238
    }, 
    {
        "accumulated_operating_revenue_yoy": 0.2274110825382727, 
        "accumulated_operating_revenue": 175691764, 
        "long_term_average": 35062334, 
        "date": "2014-05-31", 
        "operating_revenue": 34462586, 
        "short_term_average": 34453383
    }, 
    {
        "accumulated_operating_revenue_yoy": 0.3226598068355874, 
        "accumulated_operating_revenue": 211633181, 
        "long_term_average": 35085836, 
        "date": "2014-06-30", 
        "operating_revenue": 35941417, 
        "short_term_average": 34842049
    }, 
    {
        "accumulated_operating_revenue_yoy": -0.46782030573330513, 
        "accumulated_operating_revenue": 248929006, 
        "long_term_average": 34931613, 
        "date": "2014-07-31", 
        "operating_revenue": 37295825, 
        "short_term_average": 35899942
    }, 
    {
        "accumulated_operating_revenue_yoy": -1.080337576215765, 
        "accumulated_operating_revenue": 286477695, 
        "long_term_average": 34768387, 
        "date": "2014-08-31", 
        "operating_revenue": 37548689, 
        "short_term_average": 36928643
    }, 
    {
        "accumulated_operating_revenue_yoy": -0.8711806136199105, 
        "accumulated_operating_revenue": 322617780, 
        "long_term_average": 34792841, 
        "date": "2014-09-30", 
        "operating_revenue": 36140085, 
        "short_term_average": 36994866
    }, 
    {
        "accumulated_operating_revenue_yoy": -0.5469033968479231, 
        "accumulated_operating_revenue": 357670866, 
        "long_term_average": 34865208, 
        "date": "2014-10-31", 
        "operating_revenue": 35053086, 
        "short_term_average": 36247286
    }, 
    {
        "accumulated_operating_revenue_yoy": -0.33137858763967787, 
        "accumulated_operating_revenue": 389333678, 
        "long_term_average": 34921243, 
        "date": "2014-11-30", 
        "operating_revenue": 31662812, 
        "short_term_average": 34285327
    }, 
    {
        "accumulated_operating_revenue_yoy": -0.07970417446272121, 
        "accumulated_operating_revenue": 420014340, 
        "long_term_average": 35001195, 
        "date": "2014-12-31", 
        "operating_revenue": 30680662, 
        "short_term_average": 32465520
    }, 
    {
        "accumulated_operating_revenue_yoy": -5.253852299334099, 
        "accumulated_operating_revenue": 38864361, 
        "long_term_average": 34821603, 
        "date": "2015-01-31", 
        "operating_revenue": 38864361, 
        "short_term_average": 33735945
    }, 
    {
        "accumulated_operating_revenue_yoy": -3.376292648795413, 
        "accumulated_operating_revenue": 69889488, 
        "long_term_average": 34797684, 
        "date": "2015-02-28", 
        "operating_revenue": 31025127, 
        "short_term_average": 33523383
    }, 
    {
        "accumulated_operating_revenue_yoy": -2.0247596626077766, 
        "accumulated_operating_revenue": 104938373, 
        "long_term_average": 34820473, 
        "date": "2015-03-31", 
        "operating_revenue": 35048885, 
        "short_term_average": 34979457
    }, 
    {
        "accumulated_operating_revenue_yoy": -1.8867163554545363, 
        "accumulated_operating_revenue": 138564584, 
        "long_term_average": 34779145, 
        "date": "2015-04-30", 
        "operating_revenue": 33626211, 
        "short_term_average": 33233407
    }, 
    {
        "accumulated_operating_revenue_yoy": -1.3227466940339903, 
        "accumulated_operating_revenue": 173367807, 
        "long_term_average": 34807531, 
        "date": "2015-05-31", 
        "operating_revenue": 34803223, 
        "short_term_average": 34492773
    }, 
    {
        "accumulated_operating_revenue_yoy": -0.7843510134641882, 
        "accumulated_operating_revenue": 209973234, 
        "long_term_average": 34862866, 
        "date": "2015-06-30", 
        "operating_revenue": 36605427, 
        "short_term_average": 35011620
    }, 
    {
        "accumulated_operating_revenue_yoy": -1.0057249013399427, 
        "accumulated_operating_revenue": 246425465, 
        "long_term_average": 34792566, 
        "date": "2015-07-31", 
        "operating_revenue": 36452231, 
        "short_term_average": 35953627
    }, 
    {
        "accumulated_operating_revenue_yoy": -0.7076812734059453, 
        "accumulated_operating_revenue": 284450346, 
        "long_term_average": 34832249, 
        "date": "2015-08-31", 
        "operating_revenue": 38024881, 
        "short_term_average": 37027513
    }, 
    {
        "accumulated_operating_revenue_yoy": -0.5139983295403, 
        "accumulated_operating_revenue": 320959530, 
        "long_term_average": 34863007, 
        "date": "2015-09-30", 
        "operating_revenue": 36509184, 
        "short_term_average": 36995432
    }
]