[
    {
        "date": "2012-01-31", 
        "operating_revenue": 256550, 
        "accumulated_operating_revenue": 256550, 
        "long_term_average": 256550, 
        "short_term_average": 256550
    }, 
    {
        "date": "2012-02-29", 
        "operating_revenue": 225102, 
        "accumulated_operating_revenue": 481652, 
        "long_term_average": 240826, 
        "short_term_average": 240826
    }, 
    {
        "date": "2012-03-31", 
        "operating_revenue": 413675, 
        "accumulated_operating_revenue": 895327, 
        "long_term_average": 298442, 
        "short_term_average": 298442
    }, 
    {
        "date": "2012-04-30", 
        "operating_revenue": 295739, 
        "accumulated_operating_revenue": 1191066, 
        "long_term_average": 297766, 
        "short_term_average": 311505
    }, 
    {
        "date": "2012-05-31", 
        "operating_revenue": 301905, 
        "accumulated_operating_revenue": 1492971, 
        "long_term_average": 298594, 
        "short_term_average": 337106
    }, 
    {
        "date": "2012-06-30", 
        "operating_revenue": 405752, 
        "accumulated_operating_revenue": 1898723, 
        "long_term_average": 316453, 
        "short_term_average": 334465
    }, 
    {
        "date": "2012-07-31", 
        "operating_revenue": 489462, 
        "accumulated_operating_revenue": 2388185, 
        "long_term_average": 341169, 
        "short_term_average": 399039
    }, 
    {
        "date": "2012-08-31", 
        "operating_revenue": 643789, 
        "accumulated_operating_revenue": 3031974, 
        "long_term_average": 378996, 
        "short_term_average": 513001
    }, 
    {
        "date": "2012-09-30", 
        "operating_revenue": 470988, 
        "accumulated_operating_revenue": 3502962, 
        "long_term_average": 389218, 
        "short_term_average": 534746
    }, 
    {
        "date": "2012-10-31", 
        "operating_revenue": 259134, 
        "accumulated_operating_revenue": 3762096, 
        "long_term_average": 376209, 
        "short_term_average": 457970
    }, 
    {
        "date": "2012-11-30", 
        "operating_revenue": 258348, 
        "accumulated_operating_revenue": 4020444, 
        "long_term_average": 365494, 
        "short_term_average": 329490
    }, 
    {
        "date": "2012-12-31", 
        "operating_revenue": 396929, 
        "accumulated_operating_revenue": 4417373, 
        "long_term_average": 368114, 
        "short_term_average": 304803
    }, 
    {
        "accumulated_operating_revenue_yoy": 10.924965893587995, 
        "accumulated_operating_revenue": 284578, 
        "long_term_average": 370450, 
        "date": "2013-01-31", 
        "operating_revenue": 284578, 
        "short_term_average": 313285
    }, 
    {
        "accumulated_operating_revenue_yoy": 13.158047719100097, 
        "accumulated_operating_revenue": 545028, 
        "long_term_average": 373395, 
        "date": "2013-02-28", 
        "operating_revenue": 260450, 
        "short_term_average": 313985
    }, 
    {
        "accumulated_operating_revenue_yoy": -2.3235086175218664, 
        "accumulated_operating_revenue": 874524, 
        "long_term_average": 366380, 
        "date": "2013-03-31", 
        "operating_revenue": 329496, 
        "short_term_average": 291508
    }, 
    {
        "accumulated_operating_revenue_yoy": 0.3977949164865759, 
        "accumulated_operating_revenue": 1195804, 
        "long_term_average": 368509, 
        "date": "2013-04-30", 
        "operating_revenue": 321280, 
        "short_term_average": 303742
    }, 
    {
        "accumulated_operating_revenue_yoy": 6.030190807457077, 
        "accumulated_operating_revenue": 1583000, 
        "long_term_average": 375616, 
        "date": "2013-05-31", 
        "operating_revenue": 387196, 
        "short_term_average": 345990
    }, 
    {
        "accumulated_operating_revenue_yoy": 6.2141239138094395, 
        "accumulated_operating_revenue": 2016712, 
        "long_term_average": 377946, 
        "date": "2013-06-30", 
        "operating_revenue": 433712, 
        "short_term_average": 380729
    }, 
    {
        "accumulated_operating_revenue_yoy": 6.902857190711775, 
        "accumulated_operating_revenue": 2553038, 
        "long_term_average": 381852, 
        "date": "2013-07-31", 
        "operating_revenue": 536326, 
        "short_term_average": 452411
    }, 
    {
        "accumulated_operating_revenue_yoy": 4.060588910063212, 
        "accumulated_operating_revenue": 3155090, 
        "long_term_average": 378374, 
        "date": "2013-08-31", 
        "operating_revenue": 602052, 
        "short_term_average": 524030
    }, 
    {
        "accumulated_operating_revenue_yoy": 1.9241716010621868, 
        "accumulated_operating_revenue": 3570365, 
        "long_term_average": 373731, 
        "date": "2013-09-30", 
        "operating_revenue": 415275, 
        "short_term_average": 517884
    }, 
    {
        "accumulated_operating_revenue_yoy": 1.8542057406296917, 
        "accumulated_operating_revenue": 3831853, 
        "long_term_average": 373927, 
        "date": "2013-10-31", 
        "operating_revenue": 261488, 
        "short_term_average": 426271
    }, 
    {
        "accumulated_operating_revenue_yoy": 0.5111127029750943, 
        "accumulated_operating_revenue": 4040993, 
        "long_term_average": 369826, 
        "date": "2013-11-30", 
        "operating_revenue": 209140, 
        "short_term_average": 295301
    }, 
    {
        "accumulated_operating_revenue_yoy": 1.5834071517166426, 
        "accumulated_operating_revenue": 4487318, 
        "long_term_average": 373943, 
        "date": "2013-12-31", 
        "operating_revenue": 446325, 
        "short_term_average": 305651
    }, 
    {
        "accumulated_operating_revenue_yoy": 10.453373064678226, 
        "accumulated_operating_revenue": 314326, 
        "long_term_average": 376422, 
        "date": "2014-01-31", 
        "operating_revenue": 314326, 
        "short_term_average": 323263
    }, 
    {
        "accumulated_operating_revenue_yoy": 0.6010700367687531, 
        "accumulated_operating_revenue": 548304, 
        "long_term_average": 374216, 
        "date": "2014-02-28", 
        "operating_revenue": 233978, 
        "short_term_average": 331543
    }, 
    {
        "accumulated_operating_revenue_yoy": -2.317146241841276, 
        "accumulated_operating_revenue": 854260, 
        "long_term_average": 372254, 
        "date": "2014-03-31", 
        "operating_revenue": 305956, 
        "short_term_average": 284753
    }, 
    {
        "accumulated_operating_revenue_yoy": -3.5898859679345447, 
        "accumulated_operating_revenue": 1152876, 
        "long_term_average": 370365, 
        "date": "2014-04-30", 
        "operating_revenue": 298616, 
        "short_term_average": 279516
    }, 
    {
        "accumulated_operating_revenue_yoy": -4.464497789008212, 
        "accumulated_operating_revenue": 1512327, 
        "long_term_average": 368053, 
        "date": "2014-05-31", 
        "operating_revenue": 359451, 
        "short_term_average": 321341
    }, 
    {
        "accumulated_operating_revenue_yoy": -3.084823217197101, 
        "accumulated_operating_revenue": 1954500, 
        "long_term_average": 368758, 
        "date": "2014-06-30", 
        "operating_revenue": 442173, 
        "short_term_average": 366746
    }, 
    {
        "accumulated_operating_revenue_yoy": -0.24339629884083197, 
        "accumulated_operating_revenue": 2546824, 
        "long_term_average": 373425, 
        "date": "2014-07-31", 
        "operating_revenue": 592324, 
        "short_term_average": 464649
    }, 
    {
        "accumulated_operating_revenue_yoy": -2.235403744425674, 
        "accumulated_operating_revenue": 3084561, 
        "long_term_average": 368065, 
        "date": "2014-08-31", 
        "operating_revenue": 537737, 
        "short_term_average": 524078
    }, 
    {
        "accumulated_operating_revenue_yoy": -1.6959890655437189, 
        "accumulated_operating_revenue": 3509812, 
        "long_term_average": 368897, 
        "date": "2014-09-30", 
        "operating_revenue": 425251, 
        "short_term_average": 518437
    }, 
    {
        "accumulated_operating_revenue_yoy": -0.868718084957852, 
        "accumulated_operating_revenue": 3798565, 
        "long_term_average": 371169, 
        "date": "2014-10-31", 
        "operating_revenue": 288753, 
        "short_term_average": 417247
    }, 
    {
        "accumulated_operating_revenue_yoy": -0.3026236373089486, 
        "accumulated_operating_revenue": 4028764, 
        "long_term_average": 372924, 
        "date": "2014-11-30", 
        "operating_revenue": 230199, 
        "short_term_average": 314734
    }, 
    {
        "accumulated_operating_revenue_yoy": -4.148758790885781, 
        "accumulated_operating_revenue": 4301150, 
        "long_term_average": 358429, 
        "date": "2014-12-31", 
        "operating_revenue": 272386, 
        "short_term_average": 263779
    }, 
    {
        "accumulated_operating_revenue_yoy": 8.261486482187284, 
        "accumulated_operating_revenue": 340294, 
        "long_term_average": 360593, 
        "date": "2015-01-31", 
        "operating_revenue": 340294, 
        "short_term_average": 280959
    }, 
    {
        "accumulated_operating_revenue_yoy": 24.664419737955587, 
        "accumulated_operating_revenue": 683540, 
        "long_term_average": 369698, 
        "date": "2015-02-28", 
        "operating_revenue": 343246, 
        "short_term_average": 318642
    }, 
    {
        "accumulated_operating_revenue_yoy": 18.493901154215344, 
        "accumulated_operating_revenue": 1012246, 
        "long_term_average": 371594, 
        "date": "2015-03-31", 
        "operating_revenue": 328706, 
        "short_term_average": 337415
    }, 
    {
        "accumulated_operating_revenue_yoy": 15.900409063940963, 
        "accumulated_operating_revenue": 1336188, 
        "long_term_average": 373705, 
        "date": "2015-04-30", 
        "operating_revenue": 323942, 
        "short_term_average": 331964
    }, 
    {
        "accumulated_operating_revenue_yoy": 12.112724298382558, 
        "accumulated_operating_revenue": 1695511, 
        "long_term_average": 373694, 
        "date": "2015-05-31", 
        "operating_revenue": 359323, 
        "short_term_average": 337323
    }, 
    {
        "accumulated_operating_revenue_yoy": 10.621079559989766, 
        "accumulated_operating_revenue": 2162089, 
        "long_term_average": 375728, 
        "date": "2015-06-30", 
        "operating_revenue": 466578, 
        "short_term_average": 383281
    }, 
    {
        "accumulated_operating_revenue_yoy": 8.517196319808514, 
        "accumulated_operating_revenue": 2763742, 
        "long_term_average": 376505, 
        "date": "2015-07-31", 
        "operating_revenue": 601653, 
        "short_term_average": 475851
    }, 
    {
        "accumulated_operating_revenue_yoy": 11.78131993499237, 
        "accumulated_operating_revenue": 3447963, 
        "long_term_average": 388712, 
        "date": "2015-08-31", 
        "operating_revenue": 684221, 
        "short_term_average": 584150
    }, 
    {
        "accumulated_operating_revenue_yoy": 9.385516945067144, 
        "accumulated_operating_revenue": 3839226, 
        "long_term_average": 385880, 
        "date": "2015-09-30", 
        "operating_revenue": 391263, 
        "short_term_average": 559045
    }
]