[
    {
        "date": "2012-01-31", 
        "operating_revenue": 808101, 
        "accumulated_operating_revenue": 808101, 
        "long_term_average": 808101, 
        "short_term_average": 808101
    }, 
    {
        "date": "2012-02-29", 
        "operating_revenue": 662894, 
        "accumulated_operating_revenue": 1470995, 
        "long_term_average": 735497, 
        "short_term_average": 735497
    }, 
    {
        "date": "2012-03-31", 
        "operating_revenue": 788462, 
        "accumulated_operating_revenue": 2259457, 
        "long_term_average": 753152, 
        "short_term_average": 753152
    }, 
    {
        "date": "2012-04-30", 
        "operating_revenue": 826714, 
        "accumulated_operating_revenue": 3086171, 
        "long_term_average": 771542, 
        "short_term_average": 759356
    }, 
    {
        "date": "2012-05-31", 
        "operating_revenue": 852983, 
        "accumulated_operating_revenue": 3939154, 
        "long_term_average": 787830, 
        "short_term_average": 822719
    }, 
    {
        "date": "2012-06-30", 
        "operating_revenue": 857428, 
        "accumulated_operating_revenue": 4796582, 
        "long_term_average": 799430, 
        "short_term_average": 845708
    }, 
    {
        "date": "2012-07-31", 
        "operating_revenue": 1042039, 
        "accumulated_operating_revenue": 5838621, 
        "long_term_average": 834088, 
        "short_term_average": 917483
    }, 
    {
        "date": "2012-08-31", 
        "operating_revenue": 1023057, 
        "accumulated_operating_revenue": 6861678, 
        "long_term_average": 857709, 
        "short_term_average": 974174
    }, 
    {
        "date": "2012-09-30", 
        "operating_revenue": 1008546, 
        "accumulated_operating_revenue": 7870224, 
        "long_term_average": 874469, 
        "short_term_average": 1024547
    }, 
    {
        "date": "2012-10-31", 
        "operating_revenue": 839398, 
        "accumulated_operating_revenue": 8709622, 
        "long_term_average": 870962, 
        "short_term_average": 957000
    }, 
    {
        "date": "2012-11-30", 
        "operating_revenue": 810809, 
        "accumulated_operating_revenue": 9520431, 
        "long_term_average": 865493, 
        "short_term_average": 886251
    }, 
    {
        "date": "2012-12-31", 
        "operating_revenue": 769402, 
        "accumulated_operating_revenue": 10289833, 
        "long_term_average": 857486, 
        "short_term_average": 806536
    }, 
    {
        "accumulated_operating_revenue_yoy": 20.102437690338213, 
        "accumulated_operating_revenue": 970549, 
        "long_term_average": 871023, 
        "date": "2013-01-31", 
        "operating_revenue": 970549, 
        "short_term_average": 850253
    }, 
    {
        "accumulated_operating_revenue_yoy": 12.57461786069973, 
        "accumulated_operating_revenue": 1655967, 
        "long_term_average": 872900, 
        "date": "2013-02-28", 
        "operating_revenue": 685418, 
        "short_term_average": 808456
    }, 
    {
        "accumulated_operating_revenue_yoy": 5.71840933463217, 
        "accumulated_operating_revenue": 2388662, 
        "long_term_average": 868253, 
        "date": "2013-03-31", 
        "operating_revenue": 732695, 
        "short_term_average": 796220
    }, 
    {
        "accumulated_operating_revenue_yoy": 5.222134483150804, 
        "accumulated_operating_revenue": 3247335, 
        "long_term_average": 870916, 
        "date": "2013-04-30", 
        "operating_revenue": 858673, 
        "short_term_average": 758928
    }, 
    {
        "accumulated_operating_revenue_yoy": 2.86459986078229, 
        "accumulated_operating_revenue": 4051995, 
        "long_term_average": 866889, 
        "date": "2013-05-31", 
        "operating_revenue": 804660, 
        "short_term_average": 798676
    }, 
    {
        "accumulated_operating_revenue_yoy": 0.5184316665492219, 
        "accumulated_operating_revenue": 4821449, 
        "long_term_average": 859558, 
        "date": "2013-06-30", 
        "operating_revenue": 769454, 
        "short_term_average": 810929
    }, 
    {
        "accumulated_operating_revenue_yoy": -2.7103660264983804, 
        "accumulated_operating_revenue": 5680373, 
        "long_term_average": 844298, 
        "date": "2013-07-31", 
        "operating_revenue": 858924, 
        "short_term_average": 811012
    }, 
    {
        "accumulated_operating_revenue_yoy": -5.307870756978104, 
        "accumulated_operating_revenue": 6497469, 
        "long_term_average": 827135, 
        "date": "2013-08-31", 
        "operating_revenue": 817096, 
        "short_term_average": 815158
    }, 
    {
        "accumulated_operating_revenue_yoy": -7.689006056244397, 
        "accumulated_operating_revenue": 7265082, 
        "long_term_average": 807057, 
        "date": "2013-09-30", 
        "operating_revenue": 767613, 
        "short_term_average": 814544
    }, 
    {
        "accumulated_operating_revenue_yoy": -8.190148780280017, 
        "accumulated_operating_revenue": 7996291, 
        "long_term_average": 798041, 
        "date": "2013-10-31", 
        "operating_revenue": 731209, 
        "short_term_average": 771972
    }, 
    {
        "accumulated_operating_revenue_yoy": -9.571026773892905, 
        "accumulated_operating_revenue": 8609228, 
        "long_term_average": 781552, 
        "date": "2013-11-30", 
        "operating_revenue": 612937, 
        "short_term_average": 703919
    }, 
    {
        "accumulated_operating_revenue_yoy": -10.301518012974554, 
        "accumulated_operating_revenue": 9229824, 
        "long_term_average": 769152, 
        "date": "2013-12-31", 
        "operating_revenue": 620596, 
        "short_term_average": 654914
    }, 
    {
        "accumulated_operating_revenue_yoy": -15.991361590192769, 
        "accumulated_operating_revenue": 815345, 
        "long_term_average": 756218, 
        "date": "2014-01-31", 
        "operating_revenue": 815345, 
        "short_term_average": 682959
    }, 
    {
        "accumulated_operating_revenue_yoy": -15.519572551868485, 
        "accumulated_operating_revenue": 1398968, 
        "long_term_average": 747735, 
        "date": "2014-02-28", 
        "operating_revenue": 583623, 
        "short_term_average": 673188
    }, 
    {
        "accumulated_operating_revenue_yoy": -12.818096490838805, 
        "accumulated_operating_revenue": 2082481, 
        "long_term_average": 743636, 
        "date": "2014-03-31", 
        "operating_revenue": 683513, 
        "short_term_average": 694160
    }, 
    {
        "accumulated_operating_revenue_yoy": -13.177328486281828, 
        "accumulated_operating_revenue": 2819423, 
        "long_term_average": 733492, 
        "date": "2014-04-30", 
        "operating_revenue": 736942, 
        "short_term_average": 668026
    }, 
    {
        "accumulated_operating_revenue_yoy": -9.627257684177794, 
        "accumulated_operating_revenue": 3661899, 
        "long_term_average": 736644, 
        "date": "2014-05-31", 
        "operating_revenue": 842476, 
        "short_term_average": 754310
    }, 
    {
        "accumulated_operating_revenue_yoy": -7.558329456559636, 
        "accumulated_operating_revenue": 4457028, 
        "long_term_average": 738783, 
        "date": "2014-06-30", 
        "operating_revenue": 795129, 
        "short_term_average": 791515
    }, 
    {
        "accumulated_operating_revenue_yoy": -4.958582825458821, 
        "accumulated_operating_revenue": 5398707, 
        "long_term_average": 745679, 
        "date": "2014-07-31", 
        "operating_revenue": 941679, 
        "short_term_average": 859761
    }, 
    {
        "accumulated_operating_revenue_yoy": -3.2751060451384992, 
        "accumulated_operating_revenue": 6284670, 
        "long_term_average": 751418, 
        "date": "2014-08-31", 
        "operating_revenue": 885963, 
        "short_term_average": 874257
    }, 
    {
        "accumulated_operating_revenue_yoy": -2.198172023385283, 
        "accumulated_operating_revenue": 7105383, 
        "long_term_average": 755843, 
        "date": "2014-09-30", 
        "operating_revenue": 820713, 
        "short_term_average": 882785
    }, 
    {
        "accumulated_operating_revenue_yoy": -2.1779597565921502, 
        "accumulated_operating_revenue": 7822135, 
        "long_term_average": 754639, 
        "date": "2014-10-31", 
        "operating_revenue": 716752, 
        "short_term_average": 807809
    }, 
    {
        "accumulated_operating_revenue_yoy": -2.0985040702836537, 
        "accumulated_operating_revenue": 8428563, 
        "long_term_average": 754096, 
        "date": "2014-11-30", 
        "operating_revenue": 606428, 
        "short_term_average": 714631
    }, 
    {
        "accumulated_operating_revenue_yoy": -1.4453796735452378, 
        "accumulated_operating_revenue": 9096418, 
        "long_term_average": 758034, 
        "date": "2014-12-31", 
        "operating_revenue": 667855, 
        "short_term_average": 663678
    }, 
    {
        "accumulated_operating_revenue_yoy": -7.281334895044429, 
        "accumulated_operating_revenue": 755977, 
        "long_term_average": 753087, 
        "date": "2015-01-31", 
        "operating_revenue": 755977, 
        "short_term_average": 676753
    }, 
    {
        "accumulated_operating_revenue_yoy": -3.6478318303206367, 
        "accumulated_operating_revenue": 1347936, 
        "long_term_average": 753782, 
        "date": "2015-02-28", 
        "operating_revenue": 591959, 
        "short_term_average": 671930
    }, 
    {
        "accumulated_operating_revenue_yoy": -4.532190209658576, 
        "accumulated_operating_revenue": 1988099, 
        "long_term_average": 750169, 
        "date": "2015-03-31", 
        "operating_revenue": 640163, 
        "short_term_average": 662699
    }, 
    {
        "accumulated_operating_revenue_yoy": -9.043304250550555, 
        "accumulated_operating_revenue": 2564454, 
        "long_term_average": 736787, 
        "date": "2015-04-30", 
        "operating_revenue": 576355, 
        "short_term_average": 602825
    }, 
    {
        "accumulated_operating_revenue_yoy": -11.681288861325777, 
        "accumulated_operating_revenue": 3234142, 
        "long_term_average": 722388, 
        "date": "2015-05-31", 
        "operating_revenue": 669688, 
        "short_term_average": 628735
    }, 
    {
        "accumulated_operating_revenue_yoy": -11.574125179379623, 
        "accumulated_operating_revenue": 3941166, 
        "long_term_average": 715046, 
        "date": "2015-06-30", 
        "operating_revenue": 707024, 
        "short_term_average": 651022
    }, 
    {
        "accumulated_operating_revenue_yoy": -11.600296144984345, 
        "accumulated_operating_revenue": 4772441, 
        "long_term_average": 705846, 
        "date": "2015-07-31", 
        "operating_revenue": 831275, 
        "short_term_average": 735995
    }, 
    {
        "accumulated_operating_revenue_yoy": -11.474858664018955, 
        "accumulated_operating_revenue": 5563513, 
        "long_term_average": 697938, 
        "date": "2015-08-31", 
        "operating_revenue": 791072, 
        "short_term_average": 776457
    }, 
    {
        "accumulated_operating_revenue_yoy": -11.913038326012828, 
        "accumulated_operating_revenue": 6258916, 
        "long_term_average": 687495, 
        "date": "2015-09-30", 
        "operating_revenue": 695403, 
        "short_term_average": 772583
    }
]