[
    {
        "date": "2012-01-31", 
        "operating_revenue": 785807, 
        "accumulated_operating_revenue": 785807, 
        "long_term_average": 785807, 
        "short_term_average": 785807
    }, 
    {
        "date": "2012-02-29", 
        "operating_revenue": 706437, 
        "accumulated_operating_revenue": 1492244, 
        "long_term_average": 746122, 
        "short_term_average": 746122
    }, 
    {
        "date": "2012-03-31", 
        "operating_revenue": 885879, 
        "accumulated_operating_revenue": 2378123, 
        "long_term_average": 792707, 
        "short_term_average": 792707
    }, 
    {
        "date": "2012-04-30", 
        "operating_revenue": 830531, 
        "accumulated_operating_revenue": 3208654, 
        "long_term_average": 802163, 
        "short_term_average": 807615
    }, 
    {
        "date": "2012-05-31", 
        "operating_revenue": 776489, 
        "accumulated_operating_revenue": 3985143, 
        "long_term_average": 797028, 
        "short_term_average": 830966
    }, 
    {
        "date": "2012-06-30", 
        "operating_revenue": 882471, 
        "accumulated_operating_revenue": 4867614, 
        "long_term_average": 811269, 
        "short_term_average": 829830
    }, 
    {
        "date": "2012-07-31", 
        "operating_revenue": 1020716, 
        "accumulated_operating_revenue": 5888330, 
        "long_term_average": 841190, 
        "short_term_average": 893225
    }, 
    {
        "date": "2012-08-31", 
        "operating_revenue": 1002260, 
        "accumulated_operating_revenue": 6890590, 
        "long_term_average": 861323, 
        "short_term_average": 968482
    }, 
    {
        "date": "2012-09-30", 
        "operating_revenue": 843005, 
        "accumulated_operating_revenue": 7733595, 
        "long_term_average": 859288, 
        "short_term_average": 955327
    }, 
    {
        "date": "2012-10-31", 
        "operating_revenue": 920481, 
        "accumulated_operating_revenue": 8654076, 
        "long_term_average": 865407, 
        "short_term_average": 921915
    }, 
    {
        "date": "2012-11-30", 
        "operating_revenue": 915120, 
        "accumulated_operating_revenue": 9569196, 
        "long_term_average": 869926, 
        "short_term_average": 892868
    }, 
    {
        "date": "2012-12-31", 
        "operating_revenue": 871855, 
        "accumulated_operating_revenue": 10441051, 
        "long_term_average": 870087, 
        "short_term_average": 902485
    }, 
    {
        "accumulated_operating_revenue_yoy": 22.741334704323073, 
        "accumulated_operating_revenue": 964510, 
        "long_term_average": 884979, 
        "date": "2013-01-31", 
        "operating_revenue": 964510, 
        "short_term_average": 917161
    }, 
    {
        "accumulated_operating_revenue_yoy": 9.389885300259207, 
        "accumulated_operating_revenue": 1632364, 
        "long_term_average": 881764, 
        "date": "2013-02-28", 
        "operating_revenue": 667854, 
        "short_term_average": 834739
    }, 
    {
        "accumulated_operating_revenue_yoy": -1.339712033397768, 
        "accumulated_operating_revenue": 2346263, 
        "long_term_average": 867432, 
        "date": "2013-03-31", 
        "operating_revenue": 713899, 
        "short_term_average": 782087
    }, 
    {
        "accumulated_operating_revenue_yoy": 1.398904338080703, 
        "accumulated_operating_revenue": 3253540, 
        "long_term_average": 873828, 
        "date": "2013-04-30", 
        "operating_revenue": 907277, 
        "short_term_average": 763010
    }, 
    {
        "accumulated_operating_revenue_yoy": 2.8984405327487623, 
        "accumulated_operating_revenue": 4100650, 
        "long_term_average": 879713, 
        "date": "2013-05-31", 
        "operating_revenue": 847110, 
        "short_term_average": 822762
    }, 
    {
        "accumulated_operating_revenue_yoy": 2.8458912313096314, 
        "accumulated_operating_revenue": 5006141, 
        "long_term_average": 881631, 
        "date": "2013-06-30", 
        "operating_revenue": 905491, 
        "short_term_average": 886626
    }, 
    {
        "accumulated_operating_revenue_yoy": 1.3307168585999765, 
        "accumulated_operating_revenue": 5966687, 
        "long_term_average": 876617, 
        "date": "2013-07-31", 
        "operating_revenue": 960546, 
        "short_term_average": 904382
    }, 
    {
        "accumulated_operating_revenue_yoy": -0.463820950020245, 
        "accumulated_operating_revenue": 6858630, 
        "long_term_average": 867424, 
        "date": "2013-08-31", 
        "operating_revenue": 891943, 
        "short_term_average": 919326
    }, 
    {
        "accumulated_operating_revenue_yoy": -0.03742114760341084, 
        "accumulated_operating_revenue": 7730701, 
        "long_term_average": 869846, 
        "date": "2013-09-30", 
        "operating_revenue": 872071, 
        "short_term_average": 908186
    }, 
    {
        "accumulated_operating_revenue_yoy": 1.6153659847683335, 
        "accumulated_operating_revenue": 8793871, 
        "long_term_average": 881737, 
        "date": "2013-10-31", 
        "operating_revenue": 1063170, 
        "short_term_average": 942394
    }, 
    {
        "accumulated_operating_revenue_yoy": 1.2373766824297465, 
        "accumulated_operating_revenue": 9687603, 
        "long_term_average": 879954, 
        "date": "2013-11-30", 
        "operating_revenue": 893732, 
        "short_term_average": 942991
    }, 
    {
        "accumulated_operating_revenue_yoy": 0.7836758962292205, 
        "accumulated_operating_revenue": 10522875, 
        "long_term_average": 876906, 
        "date": "2013-12-31", 
        "operating_revenue": 835272, 
        "short_term_average": 930724
    }, 
    {
        "accumulated_operating_revenue_yoy": -5.551834610320267, 
        "accumulated_operating_revenue": 910962, 
        "long_term_average": 872443, 
        "date": "2014-01-31", 
        "operating_revenue": 910962, 
        "short_term_average": 879988
    }, 
    {
        "accumulated_operating_revenue_yoy": -2.846056394284608, 
        "accumulated_operating_revenue": 1585906, 
        "long_term_average": 873034, 
        "date": "2014-02-28", 
        "operating_revenue": 674944, 
        "short_term_average": 807059
    }, 
    {
        "accumulated_operating_revenue_yoy": 4.766814291492471, 
        "accumulated_operating_revenue": 2458105, 
        "long_term_average": 886226, 
        "date": "2014-03-31", 
        "operating_revenue": 872199, 
        "short_term_average": 819368
    }, 
    {
        "accumulated_operating_revenue_yoy": 4.328423809143271, 
        "accumulated_operating_revenue": 3394367, 
        "long_term_average": 888641, 
        "date": "2014-04-30", 
        "operating_revenue": 936262, 
        "short_term_average": 827801
    }, 
    {
        "accumulated_operating_revenue_yoy": 4.241059344250302, 
        "accumulated_operating_revenue": 4274561, 
        "long_term_average": 891398, 
        "date": "2014-05-31", 
        "operating_revenue": 880194, 
        "short_term_average": 896218
    }, 
    {
        "accumulated_operating_revenue_yoy": 1.0141943664790904, 
        "accumulated_operating_revenue": 5056913, 
        "long_term_average": 881137, 
        "date": "2014-06-30", 
        "operating_revenue": 782352, 
        "short_term_average": 866269
    }, 
    {
        "accumulated_operating_revenue_yoy": 0.3455016158883481, 
        "accumulated_operating_revenue": 5987302, 
        "long_term_average": 878624, 
        "date": "2014-07-31", 
        "operating_revenue": 930389, 
        "short_term_average": 864311
    }, 
    {
        "accumulated_operating_revenue_yoy": 0.5364045006072641, 
        "accumulated_operating_revenue": 6895420, 
        "long_term_average": 879972, 
        "date": "2014-08-31", 
        "operating_revenue": 908118, 
        "short_term_average": 873619
    }, 
    {
        "accumulated_operating_revenue_yoy": 0.9237325308532822, 
        "accumulated_operating_revenue": 7802112, 
        "long_term_average": 882857, 
        "date": "2014-09-30", 
        "operating_revenue": 906692, 
        "short_term_average": 915066
    }, 
    {
        "accumulated_operating_revenue_yoy": -0.3701782753010591, 
        "accumulated_operating_revenue": 8761318, 
        "long_term_average": 874193, 
        "date": "2014-10-31", 
        "operating_revenue": 959206, 
        "short_term_average": 924672
    }, 
    {
        "accumulated_operating_revenue_yoy": -0.894648552381843, 
        "accumulated_operating_revenue": 9600933, 
        "long_term_average": 869683, 
        "date": "2014-11-30", 
        "operating_revenue": 839615, 
        "short_term_average": 901837
    }, 
    {
        "accumulated_operating_revenue_yoy": 0.17022914365133102, 
        "accumulated_operating_revenue": 10540788, 
        "long_term_average": 878399, 
        "date": "2014-12-31", 
        "operating_revenue": 939855, 
        "short_term_average": 912892
    }, 
    {
        "accumulated_operating_revenue_yoy": -8.492889933937969, 
        "accumulated_operating_revenue": 833595, 
        "long_term_average": 871951, 
        "date": "2015-01-31", 
        "operating_revenue": 833595, 
        "short_term_average": 871021
    }, 
    {
        "accumulated_operating_revenue_yoy": -3.2835489619182976, 
        "accumulated_operating_revenue": 1533832, 
        "long_term_average": 874059, 
        "date": "2015-02-28", 
        "operating_revenue": 700237, 
        "short_term_average": 824562
    }, 
    {
        "accumulated_operating_revenue_yoy": -5.831850144725307, 
        "accumulated_operating_revenue": 2314752, 
        "long_term_average": 866452, 
        "date": "2015-03-31", 
        "operating_revenue": 780920, 
        "short_term_average": 771584
    }, 
    {
        "accumulated_operating_revenue_yoy": -9.486717258328284, 
        "accumulated_operating_revenue": 3072353, 
        "long_term_average": 851564, 
        "date": "2015-04-30", 
        "operating_revenue": 757601, 
        "short_term_average": 746252
    }, 
    {
        "accumulated_operating_revenue_yoy": -11.343106344721715, 
        "accumulated_operating_revenue": 3789693, 
        "long_term_average": 837993, 
        "date": "2015-05-31", 
        "operating_revenue": 717340, 
        "short_term_average": 751953
    }, 
    {
        "accumulated_operating_revenue_yoy": -8.412286309849506, 
        "accumulated_operating_revenue": 4631511, 
        "long_term_average": 842948, 
        "date": "2015-06-30", 
        "operating_revenue": 841818, 
        "short_term_average": 772253
    }, 
    {
        "accumulated_operating_revenue_yoy": -8.021058566947183, 
        "accumulated_operating_revenue": 5507057, 
        "long_term_average": 838378, 
        "date": "2015-07-31", 
        "operating_revenue": 875546, 
        "short_term_average": 811568
    }, 
    {
        "accumulated_operating_revenue_yoy": -7.9367174153278555, 
        "accumulated_operating_revenue": 6348150, 
        "long_term_average": 832793, 
        "date": "2015-08-31", 
        "operating_revenue": 841093, 
        "short_term_average": 852819
    }, 
    {
        "accumulated_operating_revenue_yoy": -8.641903628145815, 
        "accumulated_operating_revenue": 7127861, 
        "long_term_average": 822211, 
        "date": "2015-09-30", 
        "operating_revenue": 779711, 
        "short_term_average": 832116
    }
]