[
    {
        "date": "2012-01-31", 
        "operating_revenue": 235370, 
        "accumulated_operating_revenue": 235370, 
        "long_term_average": 235370, 
        "short_term_average": 235370
    }, 
    {
        "date": "2012-02-29", 
        "operating_revenue": 284100, 
        "accumulated_operating_revenue": 519470, 
        "long_term_average": 259735, 
        "short_term_average": 259735
    }, 
    {
        "date": "2012-03-31", 
        "operating_revenue": 309434, 
        "accumulated_operating_revenue": 828904, 
        "long_term_average": 276301, 
        "short_term_average": 276301
    }, 
    {
        "date": "2012-04-30", 
        "operating_revenue": 306855, 
        "accumulated_operating_revenue": 1135759, 
        "long_term_average": 283939, 
        "short_term_average": 300129
    }, 
    {
        "date": "2012-05-31", 
        "operating_revenue": 367448, 
        "accumulated_operating_revenue": 1503207, 
        "long_term_average": 300641, 
        "short_term_average": 327912
    }, 
    {
        "date": "2012-06-30", 
        "operating_revenue": 316032, 
        "accumulated_operating_revenue": 1819239, 
        "long_term_average": 303206, 
        "short_term_average": 330111
    }, 
    {
        "date": "2012-07-31", 
        "operating_revenue": 350444, 
        "accumulated_operating_revenue": 2169683, 
        "long_term_average": 309954, 
        "short_term_average": 344641
    }, 
    {
        "date": "2012-08-31", 
        "operating_revenue": 375538, 
        "accumulated_operating_revenue": 2545221, 
        "long_term_average": 318152, 
        "short_term_average": 347338
    }, 
    {
        "date": "2012-09-30", 
        "operating_revenue": 285353, 
        "accumulated_operating_revenue": 2830574, 
        "long_term_average": 314508, 
        "short_term_average": 337111
    }, 
    {
        "date": "2012-10-31", 
        "operating_revenue": 283453, 
        "accumulated_operating_revenue": 3114027, 
        "long_term_average": 311402, 
        "short_term_average": 314781
    }, 
    {
        "date": "2012-11-30", 
        "operating_revenue": 256311, 
        "accumulated_operating_revenue": 3370338, 
        "long_term_average": 306394, 
        "short_term_average": 275039
    }, 
    {
        "date": "2012-12-31", 
        "operating_revenue": 289676, 
        "accumulated_operating_revenue": 3660014, 
        "long_term_average": 305001, 
        "short_term_average": 276480
    }, 
    {
        "accumulated_operating_revenue_yoy": 13.331350639418787, 
        "accumulated_operating_revenue": 266748, 
        "long_term_average": 307616, 
        "date": "2013-01-31", 
        "operating_revenue": 266748, 
        "short_term_average": 270911
    }, 
    {
        "accumulated_operating_revenue_yoy": -5.758369106974416, 
        "accumulated_operating_revenue": 489557, 
        "long_term_average": 302508, 
        "date": "2013-02-28", 
        "operating_revenue": 222809, 
        "short_term_average": 259744
    }, 
    {
        "accumulated_operating_revenue_yoy": -5.296632661924662, 
        "accumulated_operating_revenue": 785000, 
        "long_term_average": 301342, 
        "date": "2013-03-31", 
        "operating_revenue": 295443, 
        "short_term_average": 261666
    }, 
    {
        "accumulated_operating_revenue_yoy": -5.2797292383331325, 
        "accumulated_operating_revenue": 1075794, 
        "long_term_average": 300004, 
        "date": "2013-04-30", 
        "operating_revenue": 290794, 
        "short_term_average": 269682
    }, 
    {
        "accumulated_operating_revenue_yoy": -8.011271900676354, 
        "accumulated_operating_revenue": 1382781, 
        "long_term_average": 294965, 
        "date": "2013-05-31", 
        "operating_revenue": 306987, 
        "short_term_average": 297741
    }, 
    {
        "accumulated_operating_revenue_yoy": -9.8362007410791, 
        "accumulated_operating_revenue": 1640295, 
        "long_term_average": 290089, 
        "date": "2013-06-30", 
        "operating_revenue": 257514, 
        "short_term_average": 285098
    }, 
    {
        "accumulated_operating_revenue_yoy": -9.549044722201353, 
        "accumulated_operating_revenue": 1962499, 
        "long_term_average": 287735, 
        "date": "2013-07-31", 
        "operating_revenue": 322204, 
        "short_term_average": 295568
    }, 
    {
        "accumulated_operating_revenue_yoy": -10.809473912088578, 
        "accumulated_operating_revenue": 2270096, 
        "long_term_average": 282074, 
        "date": "2013-08-31", 
        "operating_revenue": 307597, 
        "short_term_average": 295771
    }, 
    {
        "accumulated_operating_revenue_yoy": -9.683371641228952, 
        "accumulated_operating_revenue": 2556479, 
        "long_term_average": 282159, 
        "date": "2013-09-30", 
        "operating_revenue": 286383, 
        "short_term_average": 305394
    }, 
    {
        "accumulated_operating_revenue_yoy": -8.843468601910002, 
        "accumulated_operating_revenue": 2838639, 
        "long_term_average": 282052, 
        "date": "2013-10-31", 
        "operating_revenue": 282160, 
        "short_term_average": 292046
    }, 
    {
        "accumulated_operating_revenue_yoy": -8.017148428436554, 
        "accumulated_operating_revenue": 3100133, 
        "long_term_average": 282484, 
        "date": "2013-11-30", 
        "operating_revenue": 261494, 
        "short_term_average": 276679
    }, 
    {
        "accumulated_operating_revenue_yoy": -6.183063780630348, 
        "accumulated_operating_revenue": 3433713, 
        "long_term_average": 286142, 
        "date": "2013-12-31", 
        "operating_revenue": 333580, 
        "short_term_average": 292411
    }, 
    {
        "accumulated_operating_revenue_yoy": 9.118718790768815, 
        "accumulated_operating_revenue": 291072, 
        "long_term_average": 288169, 
        "date": "2014-01-31", 
        "operating_revenue": 291072, 
        "short_term_average": 295382
    }, 
    {
        "accumulated_operating_revenue_yoy": -1.2778900107648343, 
        "accumulated_operating_revenue": 483301, 
        "long_term_average": 285621, 
        "date": "2014-02-28", 
        "operating_revenue": 192229, 
        "short_term_average": 272293
    }, 
    {
        "accumulated_operating_revenue_yoy": -3.3319745222929935, 
        "accumulated_operating_revenue": 758844, 
        "long_term_average": 283963, 
        "date": "2014-03-31", 
        "operating_revenue": 275543, 
        "short_term_average": 252948
    }, 
    {
        "accumulated_operating_revenue_yoy": -6.522624219878527, 
        "accumulated_operating_revenue": 1005624, 
        "long_term_average": 280295, 
        "date": "2014-04-30", 
        "operating_revenue": 246780, 
        "short_term_average": 238184
    }, 
    {
        "accumulated_operating_revenue_yoy": -8.38614357588078, 
        "accumulated_operating_revenue": 1266819, 
        "long_term_average": 276479, 
        "date": "2014-05-31", 
        "operating_revenue": 261195, 
        "short_term_average": 261172
    }, 
    {
        "accumulated_operating_revenue_yoy": -4.859735596340902, 
        "accumulated_operating_revenue": 1560581, 
        "long_term_average": 279499, 
        "date": "2014-06-30", 
        "operating_revenue": 293762, 
        "short_term_average": 267245
    }, 
    {
        "accumulated_operating_revenue_yoy": -2.9477722026864726, 
        "accumulated_operating_revenue": 1904649, 
        "long_term_average": 281321, 
        "date": "2014-07-31", 
        "operating_revenue": 344068, 
        "short_term_average": 299675
    }, 
    {
        "accumulated_operating_revenue_yoy": -2.962429782705225, 
        "accumulated_operating_revenue": 2202846, 
        "long_term_average": 280538, 
        "date": "2014-08-31", 
        "operating_revenue": 298197, 
        "short_term_average": 312009
    }, 
    {
        "accumulated_operating_revenue_yoy": -2.141069807340487, 
        "accumulated_operating_revenue": 2501743, 
        "long_term_average": 281581, 
        "date": "2014-09-30", 
        "operating_revenue": 298897, 
        "short_term_average": 313720
    }, 
    {
        "accumulated_operating_revenue_yoy": -0.3025393507240618, 
        "accumulated_operating_revenue": 2830051, 
        "long_term_average": 285427, 
        "date": "2014-10-31", 
        "operating_revenue": 328308, 
        "short_term_average": 308467
    }, 
    {
        "accumulated_operating_revenue_yoy": 5.524988766610981, 
        "accumulated_operating_revenue": 3271415, 
        "long_term_average": 300416, 
        "date": "2014-11-30", 
        "operating_revenue": 441364, 
        "short_term_average": 356189
    }, 
    {
        "accumulated_operating_revenue_yoy": 9.782995841527816, 
        "accumulated_operating_revenue": 3769633, 
        "long_term_average": 314136, 
        "date": "2014-12-31", 
        "operating_revenue": 498218, 
        "short_term_average": 422630
    }, 
    {
        "accumulated_operating_revenue_yoy": 19.866562225153913, 
        "accumulated_operating_revenue": 348898, 
        "long_term_average": 318954, 
        "date": "2015-01-31", 
        "operating_revenue": 348898, 
        "short_term_average": 429493
    }, 
    {
        "accumulated_operating_revenue_yoy": 23.402600036002408, 
        "accumulated_operating_revenue": 596406, 
        "long_term_average": 323561, 
        "date": "2015-02-28", 
        "operating_revenue": 247508, 
        "short_term_average": 364874
    }, 
    {
        "accumulated_operating_revenue_yoy": 8.963238821154281, 
        "accumulated_operating_revenue": 826861, 
        "long_term_average": 319804, 
        "date": "2015-03-31", 
        "operating_revenue": 230455, 
        "short_term_average": 275620
    }, 
    {
        "accumulated_operating_revenue_yoy": 8.271779512024374, 
        "accumulated_operating_revenue": 1088807, 
        "long_term_average": 321068, 
        "date": "2015-04-30", 
        "operating_revenue": 261946, 
        "short_term_average": 246636
    }, 
    {
        "accumulated_operating_revenue_yoy": 5.366354625246385, 
        "accumulated_operating_revenue": 1334801, 
        "long_term_average": 319801, 
        "date": "2015-05-31", 
        "operating_revenue": 245994, 
        "short_term_average": 246131
    }, 
    {
        "accumulated_operating_revenue_yoy": 2.572887918025402, 
        "accumulated_operating_revenue": 1600733, 
        "long_term_average": 317482, 
        "date": "2015-06-30", 
        "operating_revenue": 265932, 
        "short_term_average": 257957
    }, 
    {
        "accumulated_operating_revenue_yoy": -0.12038963609567958, 
        "accumulated_operating_revenue": 1902356, 
        "long_term_average": 313945, 
        "date": "2015-07-31", 
        "operating_revenue": 301623, 
        "short_term_average": 271183
    }, 
    {
        "accumulated_operating_revenue_yoy": -2.2568531799317793, 
        "accumulated_operating_revenue": 2153131, 
        "long_term_average": 309993, 
        "date": "2015-08-31", 
        "operating_revenue": 250775, 
        "short_term_average": 272776
    }, 
    {
        "accumulated_operating_revenue_yoy": -2.8699190924087725, 
        "accumulated_operating_revenue": 2429945, 
        "long_term_average": 308152, 
        "date": "2015-09-30", 
        "operating_revenue": 276814, 
        "short_term_average": 276404
    }
]