[
    {
        "date": "2011-12-31", 
        "operating_revenue": 1397665, 
        "accumulated_operating_revenue": 1397665, 
        "long_term_average": 1397665, 
        "short_term_average": 1397665
    }, 
    {
        "date": "2012-01-31", 
        "operating_revenue": 1028946, 
        "accumulated_operating_revenue": 1028946, 
        "long_term_average": 1213305, 
        "short_term_average": 1213305
    }, 
    {
        "date": "2012-02-29", 
        "operating_revenue": 1004425, 
        "accumulated_operating_revenue": 2033371, 
        "long_term_average": 1143678, 
        "short_term_average": 1143678
    }, 
    {
        "date": "2012-03-31", 
        "operating_revenue": 1259749, 
        "accumulated_operating_revenue": 3293120, 
        "long_term_average": 1172696, 
        "short_term_average": 1097706
    }, 
    {
        "date": "2012-04-30", 
        "operating_revenue": 1213833, 
        "accumulated_operating_revenue": 4506953, 
        "long_term_average": 1180923, 
        "short_term_average": 1159335
    }, 
    {
        "date": "2012-05-31", 
        "operating_revenue": 1214364, 
        "accumulated_operating_revenue": 5721317, 
        "long_term_average": 1186497, 
        "short_term_average": 1229315
    }, 
    {
        "date": "2012-06-30", 
        "operating_revenue": 1140393, 
        "accumulated_operating_revenue": 6861710, 
        "long_term_average": 1179910, 
        "short_term_average": 1189530
    }, 
    {
        "date": "2012-07-31", 
        "operating_revenue": 1315668, 
        "accumulated_operating_revenue": 8177378, 
        "long_term_average": 1196880, 
        "short_term_average": 1223475
    }, 
    {
        "date": "2012-08-31", 
        "operating_revenue": 1352955, 
        "accumulated_operating_revenue": 9530333, 
        "long_term_average": 1214222, 
        "short_term_average": 1269672
    }, 
    {
        "date": "2012-09-30", 
        "operating_revenue": 1230887, 
        "accumulated_operating_revenue": 10761220, 
        "long_term_average": 1215888, 
        "short_term_average": 1299836
    }, 
    {
        "date": "2012-10-31", 
        "operating_revenue": 1287412, 
        "accumulated_operating_revenue": 12048632, 
        "long_term_average": 1222390, 
        "short_term_average": 1290418
    }, 
    {
        "date": "2012-11-30", 
        "operating_revenue": 1422150, 
        "accumulated_operating_revenue": 13470782, 
        "long_term_average": 1239037, 
        "short_term_average": 1313483
    }, 
    {
        "accumulated_operating_revenue_yoy": 963.8062768975399, 
        "accumulated_operating_revenue": 14868448, 
        "long_term_average": 1239037, 
        "date": "2012-12-31", 
        "operating_revenue": 1397666, 
        "short_term_average": 1369076
    }, 
    {
        "accumulated_operating_revenue_yoy": 26.244234391309163, 
        "accumulated_operating_revenue": 1298985, 
        "long_term_average": 1261540, 
        "date": "2013-01-31", 
        "operating_revenue": 1298985, 
        "short_term_average": 1372933
    }, 
    {
        "accumulated_operating_revenue_yoy": 8.647364401282402, 
        "accumulated_operating_revenue": 2209204, 
        "long_term_average": 1253690, 
        "date": "2013-02-28", 
        "operating_revenue": 910219, 
        "short_term_average": 1202290
    }, 
    {
        "accumulated_operating_revenue_yoy": 2.8972524536002333, 
        "accumulated_operating_revenue": 3388530, 
        "long_term_average": 1246988, 
        "date": "2013-03-31", 
        "operating_revenue": 1179326, 
        "short_term_average": 1129510
    }, 
    {
        "accumulated_operating_revenue_yoy": 2.6852509888609886, 
        "accumulated_operating_revenue": 4627976, 
        "long_term_average": 1249122, 
        "date": "2013-04-30", 
        "operating_revenue": 1239446, 
        "short_term_average": 1109663
    }, 
    {
        "accumulated_operating_revenue_yoy": 1.9445347985437618, 
        "accumulated_operating_revenue": 5832570, 
        "long_term_average": 1248308, 
        "date": "2013-05-31", 
        "operating_revenue": 1204594, 
        "short_term_average": 1207788
    }, 
    {
        "accumulated_operating_revenue_yoy": 4.151385004612553, 
        "accumulated_operating_revenue": 7146566, 
        "long_term_average": 1262775, 
        "date": "2013-06-30", 
        "operating_revenue": 1313996, 
        "short_term_average": 1252678
    }, 
    {
        "accumulated_operating_revenue_yoy": 2.0183975841645085, 
        "accumulated_operating_revenue": 8342430, 
        "long_term_average": 1252791, 
        "date": "2013-07-31", 
        "operating_revenue": 1195864, 
        "short_term_average": 1238151
    }, 
    {
        "accumulated_operating_revenue_yoy": 0.2352803412010892, 
        "accumulated_operating_revenue": 9552756, 
        "long_term_average": 1240905, 
        "date": "2013-08-31", 
        "operating_revenue": 1210326, 
        "short_term_average": 1240062
    }, 
    {
        "accumulated_operating_revenue_yoy": -1.288311176613804, 
        "accumulated_operating_revenue": 10622582, 
        "long_term_average": 1227484, 
        "date": "2013-09-30", 
        "operating_revenue": 1069826, 
        "short_term_average": 1158672
    }, 
    {
        "accumulated_operating_revenue_yoy": -1.1120681584432157, 
        "accumulated_operating_revenue": 11914643, 
        "long_term_average": 1227871, 
        "date": "2013-10-31", 
        "operating_revenue": 1292061, 
        "short_term_average": 1190737
    }, 
    {
        "accumulated_operating_revenue_yoy": -3.102819123641077, 
        "accumulated_operating_revenue": 13052808, 
        "long_term_average": 1204206, 
        "date": "2013-11-30", 
        "operating_revenue": 1138165, 
        "short_term_average": 1166684
    }, 
    {
        "accumulated_operating_revenue_yoy": -4.434639042353311, 
        "accumulated_operating_revenue": 14209086, 
        "long_term_average": 1184090, 
        "date": "2013-12-31", 
        "operating_revenue": 1156278, 
        "short_term_average": 1195501
    }, 
    {
        "accumulated_operating_revenue_yoy": -16.01642821125725, 
        "accumulated_operating_revenue": 1090934, 
        "long_term_average": 1166752, 
        "date": "2014-01-31", 
        "operating_revenue": 1090934, 
        "short_term_average": 1128459
    }, 
    {
        "accumulated_operating_revenue_yoy": -13.138261563893602, 
        "accumulated_operating_revenue": 1918953, 
        "long_term_average": 1159902, 
        "date": "2014-02-28", 
        "operating_revenue": 828019, 
        "short_term_average": 1025077
    }, 
    {
        "accumulated_operating_revenue_yoy": -13.317013572256997, 
        "accumulated_operating_revenue": 2937279, 
        "long_term_average": 1146486, 
        "date": "2014-03-31", 
        "operating_revenue": 1018326, 
        "short_term_average": 979093
    }, 
    {
        "accumulated_operating_revenue_yoy": -13.495942934881253, 
        "accumulated_operating_revenue": 4003387, 
        "long_term_average": 1132041, 
        "date": "2014-04-30", 
        "operating_revenue": 1066108, 
        "short_term_average": 970817
    }, 
    {
        "accumulated_operating_revenue_yoy": -13.009445235976594, 
        "accumulated_operating_revenue": 5073785, 
        "long_term_average": 1120858, 
        "date": "2014-05-31", 
        "operating_revenue": 1070398, 
        "short_term_average": 1051610
    }, 
    {
        "accumulated_operating_revenue_yoy": -15.372893778634381, 
        "accumulated_operating_revenue": 6047932, 
        "long_term_average": 1092537, 
        "date": "2014-06-30", 
        "operating_revenue": 974147, 
        "short_term_average": 1036884
    }, 
    {
        "accumulated_operating_revenue_yoy": -14.991063754805253, 
        "accumulated_operating_revenue": 7091811, 
        "long_term_average": 1079872, 
        "date": "2014-07-31", 
        "operating_revenue": 1043879, 
        "short_term_average": 1029474
    }, 
    {
        "accumulated_operating_revenue_yoy": -14.755584671062467, 
        "accumulated_operating_revenue": 8143191, 
        "long_term_average": 1066626, 
        "date": "2014-08-31", 
        "operating_revenue": 1051380, 
        "short_term_average": 1023135
    }, 
    {
        "accumulated_operating_revenue_yoy": -13.857431272359205, 
        "accumulated_operating_revenue": 9150565, 
        "long_term_average": 1061422, 
        "date": "2014-09-30", 
        "operating_revenue": 1007374, 
        "short_term_average": 1034211
    }, 
    {
        "accumulated_operating_revenue_yoy": -13.784433155068095, 
        "accumulated_operating_revenue": 10272277, 
        "long_term_average": 1047226, 
        "date": "2014-10-31", 
        "operating_revenue": 1121712, 
        "short_term_average": 1060155
    }, 
    {
        "accumulated_operating_revenue_yoy": -13.566153734889841, 
        "accumulated_operating_revenue": 11282044, 
        "long_term_average": 1036526, 
        "date": "2014-11-30", 
        "operating_revenue": 1009767, 
        "short_term_average": 1046284
    }, 
    {
        "accumulated_operating_revenue_yoy": -12.67975997893179, 
        "accumulated_operating_revenue": 12407408, 
        "long_term_average": 1033950, 
        "date": "2014-12-31", 
        "operating_revenue": 1125364, 
        "short_term_average": 1085614
    }, 
    {
        "accumulated_operating_revenue_yoy": -3.0227309809759344, 
        "accumulated_operating_revenue": 1057958, 
        "long_term_average": 1031202, 
        "date": "2015-01-31", 
        "operating_revenue": 1057958, 
        "short_term_average": 1064363
    }, 
    {
        "accumulated_operating_revenue_yoy": -4.881203447921862, 
        "accumulated_operating_revenue": 1825285, 
        "long_term_average": 1026145, 
        "date": "2015-02-28", 
        "operating_revenue": 767327, 
        "short_term_average": 983549
    }, 
    {
        "accumulated_operating_revenue_yoy": -7.444509016678361, 
        "accumulated_operating_revenue": 2718613, 
        "long_term_average": 1015728, 
        "date": "2015-03-31", 
        "operating_revenue": 893328, 
        "short_term_average": 906204
    }, 
    {
        "accumulated_operating_revenue_yoy": -10.984024277443075, 
        "accumulated_operating_revenue": 3563654, 
        "long_term_average": 997306, 
        "date": "2015-04-30", 
        "operating_revenue": 845041, 
        "short_term_average": 835232
    }, 
    {
        "accumulated_operating_revenue_yoy": -13.140485850307018, 
        "accumulated_operating_revenue": 4407065, 
        "long_term_average": 978390, 
        "date": "2015-05-31", 
        "operating_revenue": 843411, 
        "short_term_average": 860593
    }, 
    {
        "accumulated_operating_revenue_yoy": -11.70074332846335, 
        "accumulated_operating_revenue": 5340279, 
        "long_term_average": 974979, 
        "date": "2015-06-30", 
        "operating_revenue": 933214, 
        "short_term_average": 873888
    }, 
    {
        "accumulated_operating_revenue_yoy": -10.527141797772106, 
        "accumulated_operating_revenue": 6345246, 
        "long_term_average": 971736, 
        "date": "2015-07-31", 
        "operating_revenue": 1004967, 
        "short_term_average": 927197
    }, 
    {
        "accumulated_operating_revenue_yoy": -11.084720965036924, 
        "accumulated_operating_revenue": 7240541, 
        "long_term_average": 958729, 
        "date": "2015-08-31", 
        "operating_revenue": 895295, 
        "short_term_average": 944492
    }, 
    {
        "accumulated_operating_revenue_yoy": -12.011006970607827, 
        "accumulated_operating_revenue": 8051490, 
        "long_term_average": 942361, 
        "date": "2015-09-30", 
        "operating_revenue": 810949, 
        "short_term_average": 903737
    }
]