[
    {
        "date": "2012-01-31", 
        "operating_revenue": 2043282, 
        "accumulated_operating_revenue": 2043282, 
        "long_term_average": 2043282, 
        "short_term_average": 2043282
    }, 
    {
        "date": "2012-02-29", 
        "operating_revenue": 1056002, 
        "accumulated_operating_revenue": 3099284, 
        "long_term_average": 1549642, 
        "short_term_average": 1549642
    }, 
    {
        "date": "2012-03-31", 
        "operating_revenue": 1188909, 
        "accumulated_operating_revenue": 4288193, 
        "long_term_average": 1429397, 
        "short_term_average": 1429397
    }, 
    {
        "date": "2012-04-30", 
        "operating_revenue": 1459805, 
        "accumulated_operating_revenue": 5747998, 
        "long_term_average": 1436999, 
        "short_term_average": 1234905
    }, 
    {
        "date": "2012-05-31", 
        "operating_revenue": 1336465, 
        "accumulated_operating_revenue": 7084463, 
        "long_term_average": 1416892, 
        "short_term_average": 1328393
    }, 
    {
        "date": "2012-06-30", 
        "operating_revenue": 1317045, 
        "accumulated_operating_revenue": 8401508, 
        "long_term_average": 1400251, 
        "short_term_average": 1371105
    }, 
    {
        "date": "2012-07-31", 
        "operating_revenue": 1329126, 
        "accumulated_operating_revenue": 9730634, 
        "long_term_average": 1390090, 
        "short_term_average": 1327545
    }, 
    {
        "date": "2012-08-31", 
        "operating_revenue": 1598390, 
        "accumulated_operating_revenue": 11329024, 
        "long_term_average": 1416128, 
        "short_term_average": 1414853
    }, 
    {
        "date": "2012-09-30", 
        "operating_revenue": 1890389, 
        "accumulated_operating_revenue": 13219413, 
        "long_term_average": 1468823, 
        "short_term_average": 1605968
    }, 
    {
        "date": "2012-10-31", 
        "operating_revenue": 1346375, 
        "accumulated_operating_revenue": 14565788, 
        "long_term_average": 1456578, 
        "short_term_average": 1611718
    }, 
    {
        "date": "2012-11-30", 
        "operating_revenue": 1508344, 
        "accumulated_operating_revenue": 16074132, 
        "long_term_average": 1461284, 
        "short_term_average": 1581702
    }, 
    {
        "date": "2012-12-31", 
        "operating_revenue": 1894806, 
        "accumulated_operating_revenue": 17968938, 
        "long_term_average": 1497411, 
        "short_term_average": 1583175
    }, 
    {
        "accumulated_operating_revenue_yoy": 35.78218767649302, 
        "accumulated_operating_revenue": 2774413, 
        "long_term_average": 1558339, 
        "date": "2013-01-31", 
        "operating_revenue": 2774413, 
        "short_term_average": 2059187
    }, 
    {
        "accumulated_operating_revenue_yoy": 26.507735334999953, 
        "accumulated_operating_revenue": 3920834, 
        "long_term_average": 1565874, 
        "date": "2013-02-28", 
        "operating_revenue": 1146421, 
        "short_term_average": 1938546
    }, 
    {
        "accumulated_operating_revenue_yoy": 18.37921007753149, 
        "accumulated_operating_revenue": 5076329, 
        "long_term_average": 1563089, 
        "date": "2013-03-31", 
        "operating_revenue": 1155495, 
        "short_term_average": 1692109
    }, 
    {
        "accumulated_operating_revenue_yoy": 12.150995877173235, 
        "accumulated_operating_revenue": 6446437, 
        "long_term_average": 1555614, 
        "date": "2013-04-30", 
        "operating_revenue": 1370108, 
        "short_term_average": 1224008
    }, 
    {
        "accumulated_operating_revenue_yoy": 13.212095256902323, 
        "accumulated_operating_revenue": 8020469, 
        "long_term_average": 1575412, 
        "date": "2013-05-31", 
        "operating_revenue": 1574032, 
        "short_term_average": 1366545
    }, 
    {
        "accumulated_operating_revenue_yoy": 13.285115005544244, 
        "accumulated_operating_revenue": 9517658, 
        "long_term_average": 1590424, 
        "date": "2013-06-30", 
        "operating_revenue": 1497189, 
        "short_term_average": 1480443
    }, 
    {
        "accumulated_operating_revenue_yoy": 13.407903328806736, 
        "accumulated_operating_revenue": 11035308, 
        "long_term_average": 1606134, 
        "date": "2013-07-31", 
        "operating_revenue": 1517650, 
        "short_term_average": 1529623
    }, 
    {
        "accumulated_operating_revenue_yoy": 14.638692618181407, 
        "accumulated_operating_revenue": 12987445, 
        "long_term_average": 1635613, 
        "date": "2013-08-31", 
        "operating_revenue": 1952137, 
        "short_term_average": 1655658
    }, 
    {
        "accumulated_operating_revenue_yoy": 14.156808626827832, 
        "accumulated_operating_revenue": 15090860, 
        "long_term_average": 1653365, 
        "date": "2013-09-30", 
        "operating_revenue": 2103415, 
        "short_term_average": 1857734
    }, 
    {
        "accumulated_operating_revenue_yoy": 13.678937246649477, 
        "accumulated_operating_revenue": 16558233, 
        "long_term_average": 1663448, 
        "date": "2013-10-31", 
        "operating_revenue": 1467373, 
        "short_term_average": 1840975
    }, 
    {
        "accumulated_operating_revenue_yoy": 13.58409275225561, 
        "accumulated_operating_revenue": 18257657, 
        "long_term_average": 1679371, 
        "date": "2013-11-30", 
        "operating_revenue": 1699424, 
        "short_term_average": 1756737
    }, 
    {
        "accumulated_operating_revenue_yoy": 14.513523281119896, 
        "accumulated_operating_revenue": 20576864, 
        "long_term_average": 1714738, 
        "date": "2013-12-31", 
        "operating_revenue": 2319207, 
        "short_term_average": 1828668
    }, 
    {
        "accumulated_operating_revenue_yoy": 8.50360058145633, 
        "accumulated_operating_revenue": 3010338, 
        "long_term_average": 1734399, 
        "date": "2014-01-31", 
        "operating_revenue": 3010338, 
        "short_term_average": 2342989
    }, 
    {
        "accumulated_operating_revenue_yoy": 2.174511851305105, 
        "accumulated_operating_revenue": 4006093, 
        "long_term_average": 1721843, 
        "date": "2014-02-28", 
        "operating_revenue": 995755, 
        "short_term_average": 2108433
    }, 
    {
        "accumulated_operating_revenue_yoy": 4.545627361819929, 
        "accumulated_operating_revenue": 5307080, 
        "long_term_average": 1733967, 
        "date": "2014-03-31", 
        "operating_revenue": 1300987, 
        "short_term_average": 1769026
    }, 
    {
        "accumulated_operating_revenue_yoy": 5.239886777765764, 
        "accumulated_operating_revenue": 6784223, 
        "long_term_average": 1742887, 
        "date": "2014-04-30", 
        "operating_revenue": 1477143, 
        "short_term_average": 1257961
    }, 
    {
        "accumulated_operating_revenue_yoy": 3.641669832524756, 
        "accumulated_operating_revenue": 8312548, 
        "long_term_average": 1739078, 
        "date": "2014-05-31", 
        "operating_revenue": 1528325, 
        "short_term_average": 1435485
    }, 
    {
        "accumulated_operating_revenue_yoy": 4.309631634168825, 
        "accumulated_operating_revenue": 9927834, 
        "long_term_average": 1748920, 
        "date": "2014-06-30", 
        "operating_revenue": 1615286, 
        "short_term_average": 1540251
    }, 
    {
        "accumulated_operating_revenue_yoy": 6.89090870866495, 
        "accumulated_operating_revenue": 11795741, 
        "long_term_average": 1778108, 
        "date": "2014-07-31", 
        "operating_revenue": 1867907, 
        "short_term_average": 1670506
    }, 
    {
        "accumulated_operating_revenue_yoy": 5.856448285247792, 
        "accumulated_operating_revenue": 13748048, 
        "long_term_average": 1778122, 
        "date": "2014-08-31", 
        "operating_revenue": 1952307, 
        "short_term_average": 1811833
    }, 
    {
        "accumulated_operating_revenue_yoy": 4.6525446528561, 
        "accumulated_operating_revenue": 15792969, 
        "long_term_average": 1773247, 
        "date": "2014-09-30", 
        "operating_revenue": 2044921, 
        "short_term_average": 1955045
    }, 
    {
        "accumulated_operating_revenue_yoy": 5.942451709672161, 
        "accumulated_operating_revenue": 17542198, 
        "long_term_average": 1796735, 
        "date": "2014-10-31", 
        "operating_revenue": 1749229, 
        "short_term_average": 1915485
    }, 
    {
        "accumulated_operating_revenue_yoy": 6.65045903754244, 
        "accumulated_operating_revenue": 19471875, 
        "long_term_average": 1815923, 
        "date": "2014-11-30", 
        "operating_revenue": 1929677, 
        "short_term_average": 1907942
    }, 
    {
        "accumulated_operating_revenue_yoy": 5.949254463653936, 
        "accumulated_operating_revenue": 21801034, 
        "long_term_average": 1816752, 
        "date": "2014-12-31", 
        "operating_revenue": 2329159, 
        "short_term_average": 2002688
    }, 
    {
        "accumulated_operating_revenue_yoy": 21.28275961038262, 
        "accumulated_operating_revenue": 3651021, 
        "long_term_average": 1870143, 
        "date": "2015-01-31", 
        "operating_revenue": 3651021, 
        "short_term_average": 2636619
    }, 
    {
        "accumulated_operating_revenue_yoy": 42.398067144222566, 
        "accumulated_operating_revenue": 5704599, 
        "long_term_average": 1958295, 
        "date": "2015-02-28", 
        "operating_revenue": 2053578, 
        "short_term_average": 2677919
    }, 
    {
        "accumulated_operating_revenue_yoy": 35.348477882375995, 
        "accumulated_operating_revenue": 7183052, 
        "long_term_average": 1973083, 
        "date": "2015-03-31", 
        "operating_revenue": 1478453, 
        "short_term_average": 2394350
    }, 
    {
        "accumulated_operating_revenue_yoy": 28.760611200427817, 
        "accumulated_operating_revenue": 8735407, 
        "long_term_average": 1979351, 
        "date": "2015-04-30", 
        "operating_revenue": 1552355, 
        "short_term_average": 1694795
    }, 
    {
        "accumulated_operating_revenue_yoy": 25.16627873908217, 
        "accumulated_operating_revenue": 10404507, 
        "long_term_average": 1991082, 
        "date": "2015-05-31", 
        "operating_revenue": 1669100, 
        "short_term_average": 1566636
    }, 
    {
        "accumulated_operating_revenue_yoy": 24.663798770205062, 
        "accumulated_operating_revenue": 12376415, 
        "long_term_average": 2020801, 
        "date": "2015-06-30", 
        "operating_revenue": 1971908, 
        "short_term_average": 1731121
    }, 
    {
        "accumulated_operating_revenue_yoy": 20.645163368710794, 
        "accumulated_operating_revenue": 14230991, 
        "long_term_average": 2019690, 
        "date": "2015-07-31", 
        "operating_revenue": 1854576, 
        "short_term_average": 1831861
    }, 
    {
        "accumulated_operating_revenue_yoy": 19.145576157429765, 
        "accumulated_operating_revenue": 16380191, 
        "long_term_average": 2036098, 
        "date": "2015-08-31", 
        "operating_revenue": 2149200, 
        "short_term_average": 1991894
    }, 
    {
        "accumulated_operating_revenue_yoy": 21.787410587584894, 
        "accumulated_operating_revenue": 19233848, 
        "long_term_average": 2103492, 
        "date": "2015-09-30", 
        "operating_revenue": 2853657, 
        "short_term_average": 2285811
    }
]