[
    {
        "date": "2012-01-31", 
        "operating_revenue": 413244, 
        "accumulated_operating_revenue": 413244, 
        "long_term_average": 413244, 
        "short_term_average": 413244
    }, 
    {
        "date": "2012-02-29", 
        "operating_revenue": 400794, 
        "accumulated_operating_revenue": 814038, 
        "long_term_average": 407019, 
        "short_term_average": 407019
    }, 
    {
        "date": "2012-03-31", 
        "operating_revenue": 448948, 
        "accumulated_operating_revenue": 1262986, 
        "long_term_average": 420995, 
        "short_term_average": 420995
    }, 
    {
        "date": "2012-04-30", 
        "operating_revenue": 422872, 
        "accumulated_operating_revenue": 1685858, 
        "long_term_average": 421464, 
        "short_term_average": 424204
    }, 
    {
        "date": "2012-05-31", 
        "operating_revenue": 420376, 
        "accumulated_operating_revenue": 2106234, 
        "long_term_average": 421246, 
        "short_term_average": 430732
    }, 
    {
        "date": "2012-06-30", 
        "operating_revenue": 396421, 
        "accumulated_operating_revenue": 2502655, 
        "long_term_average": 417109, 
        "short_term_average": 413223
    }, 
    {
        "date": "2012-07-31", 
        "operating_revenue": 421983, 
        "accumulated_operating_revenue": 2924638, 
        "long_term_average": 417805, 
        "short_term_average": 412926
    }, 
    {
        "date": "2012-08-31", 
        "operating_revenue": 450820, 
        "accumulated_operating_revenue": 3375458, 
        "long_term_average": 421932, 
        "short_term_average": 423074
    }, 
    {
        "date": "2012-09-30", 
        "operating_revenue": 435704, 
        "accumulated_operating_revenue": 3811162, 
        "long_term_average": 423462, 
        "short_term_average": 436169
    }, 
    {
        "date": "2012-10-31", 
        "operating_revenue": 443945, 
        "accumulated_operating_revenue": 4255107, 
        "long_term_average": 425510, 
        "short_term_average": 443489
    }, 
    {
        "date": "2012-11-30", 
        "operating_revenue": 457446, 
        "accumulated_operating_revenue": 4712553, 
        "long_term_average": 428413, 
        "short_term_average": 445698
    }, 
    {
        "date": "2012-12-31", 
        "operating_revenue": 427081, 
        "accumulated_operating_revenue": 5139634, 
        "long_term_average": 428302, 
        "short_term_average": 442824
    }, 
    {
        "accumulated_operating_revenue_yoy": 23.06893748003601, 
        "accumulated_operating_revenue": 508575, 
        "long_term_average": 436247, 
        "date": "2013-01-31", 
        "operating_revenue": 508575, 
        "short_term_average": 464367
    }, 
    {
        "accumulated_operating_revenue_yoy": 1.4388763178131734, 
        "accumulated_operating_revenue": 825751, 
        "long_term_average": 429278, 
        "date": "2013-02-28", 
        "operating_revenue": 317176, 
        "short_term_average": 417610
    }, 
    {
        "accumulated_operating_revenue_yoy": -0.4741936965255355, 
        "accumulated_operating_revenue": 1256997, 
        "long_term_average": 427803, 
        "date": "2013-03-31", 
        "operating_revenue": 431246, 
        "short_term_average": 418999
    }, 
    {
        "accumulated_operating_revenue_yoy": 1.1008044568403743, 
        "accumulated_operating_revenue": 1704416, 
        "long_term_average": 429849, 
        "date": "2013-04-30", 
        "operating_revenue": 447419, 
        "short_term_average": 398613
    }, 
    {
        "accumulated_operating_revenue_yoy": 2.412362539015133, 
        "accumulated_operating_revenue": 2157044, 
        "long_term_average": 432537, 
        "date": "2013-05-31", 
        "operating_revenue": 452628, 
        "short_term_average": 443764
    }, 
    {
        "accumulated_operating_revenue_yoy": 3.1321936103857704, 
        "accumulated_operating_revenue": 2581043, 
        "long_term_average": 434835, 
        "date": "2013-06-30", 
        "operating_revenue": 423999, 
        "short_term_average": 441348
    }, 
    {
        "accumulated_operating_revenue_yoy": 4.288154636573826, 
        "accumulated_operating_revenue": 3050051, 
        "long_term_average": 438753, 
        "date": "2013-07-31", 
        "operating_revenue": 469008, 
        "short_term_average": 448545
    }, 
    {
        "accumulated_operating_revenue_yoy": 3.5364089850918012, 
        "accumulated_operating_revenue": 3494828, 
        "long_term_average": 438250, 
        "date": "2013-08-31", 
        "operating_revenue": 444777, 
        "short_term_average": 445928
    }, 
    {
        "accumulated_operating_revenue_yoy": 2.981164274832715, 
        "accumulated_operating_revenue": 3924779, 
        "long_term_average": 437770, 
        "date": "2013-09-30", 
        "operating_revenue": 429951, 
        "short_term_average": 447912
    }, 
    {
        "accumulated_operating_revenue_yoy": 3.208896979558916, 
        "accumulated_operating_revenue": 4391649, 
        "long_term_average": 439681, 
        "date": "2013-10-31", 
        "operating_revenue": 466870, 
        "short_term_average": 447199
    }, 
    {
        "accumulated_operating_revenue_yoy": 3.9529528898667032, 
        "accumulated_operating_revenue": 4898838, 
        "long_term_average": 443826, 
        "date": "2013-11-30", 
        "operating_revenue": 507189, 
        "short_term_average": 468003
    }, 
    {
        "accumulated_operating_revenue_yoy": 4.320346546077016, 
        "accumulated_operating_revenue": 5361684, 
        "long_term_average": 446807, 
        "date": "2013-12-31", 
        "operating_revenue": 462846, 
        "short_term_average": 478968
    }, 
    {
        "accumulated_operating_revenue_yoy": -5.2554687115961265, 
        "accumulated_operating_revenue": 481847, 
        "long_term_average": 444579, 
        "date": "2014-01-31", 
        "operating_revenue": 481847, 
        "short_term_average": 483960
    }, 
    {
        "accumulated_operating_revenue_yoy": -1.369298977536812, 
        "accumulated_operating_revenue": 814444, 
        "long_term_average": 445864, 
        "date": "2014-02-28", 
        "operating_revenue": 332597, 
        "short_term_average": 425763
    }, 
    {
        "accumulated_operating_revenue_yoy": -0.6642816172194523, 
        "accumulated_operating_revenue": 1248647, 
        "long_term_average": 446111, 
        "date": "2014-03-31", 
        "operating_revenue": 434203, 
        "short_term_average": 416215
    }, 
    {
        "accumulated_operating_revenue_yoy": 0.24982163978746974, 
        "accumulated_operating_revenue": 1708674, 
        "long_term_average": 447161, 
        "date": "2014-04-30", 
        "operating_revenue": 460027, 
        "short_term_average": 408942
    }, 
    {
        "accumulated_operating_revenue_yoy": 0.3616523353255659, 
        "accumulated_operating_revenue": 2164845, 
        "long_term_average": 447457, 
        "date": "2014-05-31", 
        "operating_revenue": 456171, 
        "short_term_average": 450133
    }, 
    {
        "accumulated_operating_revenue_yoy": -0.13200090041119036, 
        "accumulated_operating_revenue": 2577636, 
        "long_term_average": 446523, 
        "date": "2014-06-30", 
        "operating_revenue": 412791, 
        "short_term_average": 442996
    }, 
    {
        "accumulated_operating_revenue_yoy": -0.35438751679889946, 
        "accumulated_operating_revenue": 3039242, 
        "long_term_average": 445906, 
        "date": "2014-07-31", 
        "operating_revenue": 461606, 
        "short_term_average": 443522
    }, 
    {
        "accumulated_operating_revenue_yoy": -0.33895802597438274, 
        "accumulated_operating_revenue": 3482982, 
        "long_term_average": 445819, 
        "date": "2014-08-31", 
        "operating_revenue": 443740, 
        "short_term_average": 439379
    }, 
    {
        "accumulated_operating_revenue_yoy": -0.29023290228570836, 
        "accumulated_operating_revenue": 3913388, 
        "long_term_average": 445857, 
        "date": "2014-09-30", 
        "operating_revenue": 430406, 
        "short_term_average": 445250
    }, 
    {
        "accumulated_operating_revenue_yoy": -0.25006552208521216, 
        "accumulated_operating_revenue": 4380667, 
        "long_term_average": 445891, 
        "date": "2014-10-31", 
        "operating_revenue": 467279, 
        "short_term_average": 447141
    }, 
    {
        "accumulated_operating_revenue_yoy": -1.1055683000744256, 
        "accumulated_operating_revenue": 4844678, 
        "long_term_average": 442293, 
        "date": "2014-11-30", 
        "operating_revenue": 464011, 
        "short_term_average": 453898
    }, 
    {
        "accumulated_operating_revenue_yoy": -1.109987086146815, 
        "accumulated_operating_revenue": 5302170, 
        "long_term_average": 441847, 
        "date": "2014-12-31", 
        "operating_revenue": 457492, 
        "short_term_average": 462927
    }, 
    {
        "accumulated_operating_revenue_yoy": -1.2265304131809474, 
        "accumulated_operating_revenue": 475937, 
        "long_term_average": 441355, 
        "date": "2015-01-31", 
        "operating_revenue": 475937, 
        "short_term_average": 465813
    }, 
    {
        "accumulated_operating_revenue_yoy": 1.7915289448998335, 
        "accumulated_operating_revenue": 829035, 
        "long_term_average": 443063, 
        "date": "2015-02-28", 
        "operating_revenue": 353098, 
        "short_term_average": 428842
    }, 
    {
        "accumulated_operating_revenue_yoy": 0.43182740998857166, 
        "accumulated_operating_revenue": 1254039, 
        "long_term_average": 442296, 
        "date": "2015-03-31", 
        "operating_revenue": 425004, 
        "short_term_average": 418013
    }, 
    {
        "accumulated_operating_revenue_yoy": -1.0128906976989174, 
        "accumulated_operating_revenue": 1691367, 
        "long_term_average": 440405, 
        "date": "2015-04-30", 
        "operating_revenue": 437328, 
        "short_term_average": 405143
    }, 
    {
        "accumulated_operating_revenue_yoy": -1.7999902995364563, 
        "accumulated_operating_revenue": 2125878, 
        "long_term_average": 438600, 
        "date": "2015-05-31", 
        "operating_revenue": 434511, 
        "short_term_average": 432281
    }, 
    {
        "accumulated_operating_revenue_yoy": -0.5971362907718545, 
        "accumulated_operating_revenue": 2562244, 
        "long_term_average": 440564, 
        "date": "2015-06-30", 
        "operating_revenue": 436366, 
        "short_term_average": 436068
    }, 
    {
        "accumulated_operating_revenue_yoy": -0.4823242111026368, 
        "accumulated_operating_revenue": 3024583, 
        "long_term_average": 440625, 
        "date": "2015-07-31", 
        "operating_revenue": 462339, 
        "short_term_average": 444405
    }, 
    {
        "accumulated_operating_revenue_yoy": -0.49144669711184263, 
        "accumulated_operating_revenue": 3465865, 
        "long_term_average": 440421, 
        "date": "2015-08-31", 
        "operating_revenue": 441282, 
        "short_term_average": 446662
    }
]