[
    {
        "date": "2012-01-31", 
        "operating_revenue": 522306, 
        "accumulated_operating_revenue": 522306, 
        "long_term_average": 522306, 
        "short_term_average": 522306
    }, 
    {
        "date": "2012-02-29", 
        "operating_revenue": 397835, 
        "accumulated_operating_revenue": 920141, 
        "long_term_average": 460070, 
        "short_term_average": 460070
    }, 
    {
        "date": "2012-03-31", 
        "operating_revenue": 365022, 
        "accumulated_operating_revenue": 1285163, 
        "long_term_average": 428387, 
        "short_term_average": 428387
    }, 
    {
        "date": "2012-04-30", 
        "operating_revenue": 362358, 
        "accumulated_operating_revenue": 1647521, 
        "long_term_average": 411880, 
        "short_term_average": 375071
    }, 
    {
        "date": "2012-05-31", 
        "operating_revenue": 437922, 
        "accumulated_operating_revenue": 2085443, 
        "long_term_average": 417088, 
        "short_term_average": 388434
    }, 
    {
        "date": "2012-06-30", 
        "operating_revenue": 397646, 
        "accumulated_operating_revenue": 2483089, 
        "long_term_average": 413848, 
        "short_term_average": 399308
    }, 
    {
        "date": "2012-07-31", 
        "operating_revenue": 503916, 
        "accumulated_operating_revenue": 2987005, 
        "long_term_average": 426715, 
        "short_term_average": 446494
    }, 
    {
        "date": "2012-08-31", 
        "operating_revenue": 497193, 
        "accumulated_operating_revenue": 3484198, 
        "long_term_average": 435524, 
        "short_term_average": 466251
    }, 
    {
        "date": "2012-09-30", 
        "operating_revenue": 403428, 
        "accumulated_operating_revenue": 3887626, 
        "long_term_average": 431958, 
        "short_term_average": 468179
    }, 
    {
        "date": "2012-10-31", 
        "operating_revenue": 378304, 
        "accumulated_operating_revenue": 4265930, 
        "long_term_average": 426593, 
        "short_term_average": 426308
    }, 
    {
        "date": "2012-11-30", 
        "operating_revenue": 387927, 
        "accumulated_operating_revenue": 4653857, 
        "long_term_average": 423077, 
        "short_term_average": 389886
    }, 
    {
        "date": "2012-12-31", 
        "operating_revenue": 467780, 
        "accumulated_operating_revenue": 5121637, 
        "long_term_average": 426803, 
        "short_term_average": 411337
    }, 
    {
        "accumulated_operating_revenue_yoy": 43.067473856321776, 
        "accumulated_operating_revenue": 747250, 
        "long_term_average": 445548, 
        "date": "2013-01-31", 
        "operating_revenue": 747250, 
        "short_term_average": 534319
    }, 
    {
        "accumulated_operating_revenue_yoy": 19.42767467159924, 
        "accumulated_operating_revenue": 1098903, 
        "long_term_average": 441699, 
        "date": "2013-02-28", 
        "operating_revenue": 351653, 
        "short_term_average": 522227
    }, 
    {
        "accumulated_operating_revenue_yoy": 15.35509503463763, 
        "accumulated_operating_revenue": 1482501, 
        "long_term_average": 443247, 
        "date": "2013-03-31", 
        "operating_revenue": 383598, 
        "short_term_average": 494167
    }, 
    {
        "accumulated_operating_revenue_yoy": 12.882749294242684, 
        "accumulated_operating_revenue": 1859767, 
        "long_term_average": 444490, 
        "date": "2013-04-30", 
        "operating_revenue": 377266, 
        "short_term_average": 370839
    }, 
    {
        "accumulated_operating_revenue_yoy": 8.096409252134919, 
        "accumulated_operating_revenue": 2254289, 
        "long_term_average": 440873, 
        "date": "2013-05-31", 
        "operating_revenue": 394522, 
        "short_term_average": 385128
    }, 
    {
        "accumulated_operating_revenue_yoy": 6.904907556676382, 
        "accumulated_operating_revenue": 2654544, 
        "long_term_average": 441091, 
        "date": "2013-06-30", 
        "operating_revenue": 400255, 
        "short_term_average": 390681
    }, 
    {
        "accumulated_operating_revenue_yoy": 6.018972181164745, 
        "accumulated_operating_revenue": 3166792, 
        "long_term_average": 441785, 
        "date": "2013-07-31", 
        "operating_revenue": 512248, 
        "short_term_average": 435675
    }, 
    {
        "accumulated_operating_revenue_yoy": 4.1807612540963515, 
        "accumulated_operating_revenue": 3629864, 
        "long_term_average": 438941, 
        "date": "2013-08-31", 
        "operating_revenue": 463072, 
        "short_term_average": 458525
    }, 
    {
        "accumulated_operating_revenue_yoy": 3.3832729794481256, 
        "accumulated_operating_revenue": 4019155, 
        "long_term_average": 437763, 
        "date": "2013-09-30", 
        "operating_revenue": 389291, 
        "short_term_average": 454870
    }, 
    {
        "accumulated_operating_revenue_yoy": 2.7715410238799043, 
        "accumulated_operating_revenue": 4384162, 
        "long_term_average": 436655, 
        "date": "2013-10-31", 
        "operating_revenue": 365007, 
        "short_term_average": 405790
    }, 
    {
        "accumulated_operating_revenue_yoy": 2.128986773766362, 
        "accumulated_operating_revenue": 4752937, 
        "long_term_average": 435059, 
        "date": "2013-11-30", 
        "operating_revenue": 368775, 
        "short_term_average": 374357
    }, 
    {
        "accumulated_operating_revenue_yoy": 5.178031945645504, 
        "accumulated_operating_revenue": 5386837, 
        "long_term_average": 448903, 
        "date": "2013-12-31", 
        "operating_revenue": 633900, 
        "short_term_average": 455894
    }, 
    {
        "accumulated_operating_revenue_yoy": -25.97805286048846, 
        "accumulated_operating_revenue": 553129, 
        "long_term_average": 432726, 
        "date": "2014-01-31", 
        "operating_revenue": 553129, 
        "short_term_average": 518601
    }, 
    {
        "accumulated_operating_revenue_yoy": -18.27040239220386, 
        "accumulated_operating_revenue": 898129, 
        "long_term_average": 432171, 
        "date": "2014-02-28", 
        "operating_revenue": 345000, 
        "short_term_average": 510676
    }, 
    {
        "accumulated_operating_revenue_yoy": -12.975775395767016, 
        "accumulated_operating_revenue": 1290135, 
        "long_term_average": 432872, 
        "date": "2014-03-31", 
        "operating_revenue": 392006, 
        "short_term_average": 430045
    }, 
    {
        "accumulated_operating_revenue_yoy": -9.3754217598226, 
        "accumulated_operating_revenue": 1685406, 
        "long_term_average": 434373, 
        "date": "2014-04-30", 
        "operating_revenue": 395271, 
        "short_term_average": 377425
    }, 
    {
        "accumulated_operating_revenue_yoy": -5.005924262594547, 
        "accumulated_operating_revenue": 2141441, 
        "long_term_average": 439499, 
        "date": "2014-05-31", 
        "operating_revenue": 456035, 
        "short_term_average": 414437
    }, 
    {
        "accumulated_operating_revenue_yoy": 0.5820585381142674, 
        "accumulated_operating_revenue": 2669995, 
        "long_term_average": 450190, 
        "date": "2014-06-30", 
        "operating_revenue": 528554, 
        "short_term_average": 459953
    }, 
    {
        "accumulated_operating_revenue_yoy": 4.850713277032403, 
        "accumulated_operating_revenue": 3320404, 
        "long_term_average": 461704, 
        "date": "2014-07-31", 
        "operating_revenue": 650409, 
        "short_term_average": 544999
    }, 
    {
        "accumulated_operating_revenue_yoy": 6.717744797050247, 
        "accumulated_operating_revenue": 3873709, 
        "long_term_average": 469223, 
        "date": "2014-08-31", 
        "operating_revenue": 553305, 
        "short_term_average": 577422
    }, 
    {
        "accumulated_operating_revenue_yoy": 8.983032503100777, 
        "accumulated_operating_revenue": 4380197, 
        "long_term_average": 478989, 
        "date": "2014-09-30", 
        "operating_revenue": 506488, 
        "short_term_average": 570067
    }, 
    {
        "accumulated_operating_revenue_yoy": 10.777954829223921, 
        "accumulated_operating_revenue": 4856685, 
        "long_term_average": 488280, 
        "date": "2014-10-31", 
        "operating_revenue": 476488, 
        "short_term_average": 512093
    }, 
    {
        "accumulated_operating_revenue_yoy": 11.72407713378065, 
        "accumulated_operating_revenue": 5310175, 
        "long_term_average": 495339, 
        "date": "2014-11-30", 
        "operating_revenue": 453490, 
        "short_term_average": 478822
    }, 
    {
        "accumulated_operating_revenue_yoy": 9.702094197392643, 
        "accumulated_operating_revenue": 5909473, 
        "long_term_average": 492456, 
        "date": "2014-12-31", 
        "operating_revenue": 599298, 
        "short_term_average": 509758
    }, 
    {
        "accumulated_operating_revenue_yoy": 26.984844403385104, 
        "accumulated_operating_revenue": 702390, 
        "long_term_average": 504894, 
        "date": "2015-01-31", 
        "operating_revenue": 702390, 
        "short_term_average": 585059
    }, 
    {
        "accumulated_operating_revenue_yoy": 31.897979020831084, 
        "accumulated_operating_revenue": 1184614, 
        "long_term_average": 516329, 
        "date": "2015-02-28", 
        "operating_revenue": 482224, 
        "short_term_average": 594637
    }, 
    {
        "accumulated_operating_revenue_yoy": 30.0383293221252, 
        "accumulated_operating_revenue": 1677670, 
        "long_term_average": 524750, 
        "date": "2015-03-31", 
        "operating_revenue": 493056, 
        "short_term_average": 559223
    }, 
    {
        "accumulated_operating_revenue_yoy": 26.61958008930786, 
        "accumulated_operating_revenue": 2134054, 
        "long_term_average": 529843, 
        "date": "2015-04-30", 
        "operating_revenue": 456384, 
        "short_term_average": 477221
    }, 
    {
        "accumulated_operating_revenue_yoy": 21.49954166376753, 
        "accumulated_operating_revenue": 2601841, 
        "long_term_average": 530822, 
        "date": "2015-05-31", 
        "operating_revenue": 467787, 
        "short_term_average": 472409
    }, 
    {
        "accumulated_operating_revenue_yoy": 17.680669813988416, 
        "accumulated_operating_revenue": 3142068, 
        "long_term_average": 531795, 
        "date": "2015-06-30", 
        "operating_revenue": 540227, 
        "short_term_average": 488132
    }, 
    {
        "accumulated_operating_revenue_yoy": 13.48850922959977, 
        "accumulated_operating_revenue": 3768277, 
        "long_term_average": 529778, 
        "date": "2015-07-31", 
        "operating_revenue": 626209, 
        "short_term_average": 544741
    }, 
    {
        "accumulated_operating_revenue_yoy": 13.0861920707002, 
        "accumulated_operating_revenue": 4380630, 
        "long_term_average": 534699, 
        "date": "2015-08-31", 
        "operating_revenue": 612353, 
        "short_term_average": 592929
    }, 
    {
        "accumulated_operating_revenue_yoy": 11.707875239401332, 
        "accumulated_operating_revenue": 4893025, 
        "long_term_average": 535191, 
        "date": "2015-09-30", 
        "operating_revenue": 512395, 
        "short_term_average": 583652
    }, 
    {
        "accumulated_operating_revenue_yoy": 10.840007124200971, 
        "accumulated_operating_revenue": 5383150, 
        "long_term_average": 536328, 
        "date": "2015-10-31", 
        "operating_revenue": 490125, 
        "short_term_average": 538291
    }
]