[
    {
        "date": "2012-01-31", 
        "operating_revenue": 1329946, 
        "accumulated_operating_revenue": 1329946, 
        "long_term_average": 1329946, 
        "short_term_average": 1329946
    }, 
    {
        "date": "2012-02-29", 
        "operating_revenue": 1440298, 
        "accumulated_operating_revenue": 2770244, 
        "long_term_average": 1385122, 
        "short_term_average": 1385122
    }, 
    {
        "date": "2012-03-31", 
        "operating_revenue": 1520745, 
        "accumulated_operating_revenue": 4290989, 
        "long_term_average": 1430329, 
        "short_term_average": 1430329
    }, 
    {
        "date": "2012-04-30", 
        "operating_revenue": 1509651, 
        "accumulated_operating_revenue": 5800640, 
        "long_term_average": 1450160, 
        "short_term_average": 1490231
    }, 
    {
        "date": "2012-05-31", 
        "operating_revenue": 1445900, 
        "accumulated_operating_revenue": 7246540, 
        "long_term_average": 1449308, 
        "short_term_average": 1492098
    }, 
    {
        "date": "2012-06-30", 
        "operating_revenue": 1465527, 
        "accumulated_operating_revenue": 8712067, 
        "long_term_average": 1452011, 
        "short_term_average": 1473692
    }, 
    {
        "date": "2012-07-31", 
        "operating_revenue": 1848218, 
        "accumulated_operating_revenue": 10560285, 
        "long_term_average": 1508612, 
        "short_term_average": 1586548
    }, 
    {
        "date": "2012-08-31", 
        "operating_revenue": 1852120, 
        "accumulated_operating_revenue": 12412405, 
        "long_term_average": 1551550, 
        "short_term_average": 1721955
    }, 
    {
        "date": "2012-09-30", 
        "operating_revenue": 1678046, 
        "accumulated_operating_revenue": 14090451, 
        "long_term_average": 1565605, 
        "short_term_average": 1792794
    }, 
    {
        "date": "2012-10-31", 
        "operating_revenue": 1698465, 
        "accumulated_operating_revenue": 15788916, 
        "long_term_average": 1578891, 
        "short_term_average": 1742877
    }, 
    {
        "date": "2012-11-30", 
        "operating_revenue": 1688446, 
        "accumulated_operating_revenue": 17477362, 
        "long_term_average": 1588851, 
        "short_term_average": 1688319
    }, 
    {
        "date": "2012-12-31", 
        "operating_revenue": 1558259, 
        "accumulated_operating_revenue": 19035621, 
        "long_term_average": 1586301, 
        "short_term_average": 1648390
    }, 
    {
        "accumulated_operating_revenue_yoy": 41.4857445339886, 
        "accumulated_operating_revenue": 1881684, 
        "long_term_average": 1632279, 
        "date": "2013-01-31", 
        "operating_revenue": 1881684, 
        "short_term_average": 1709463
    }, 
    {
        "accumulated_operating_revenue_yoy": 18.082883673784693, 
        "accumulated_operating_revenue": 3271184, 
        "long_term_average": 1628046, 
        "date": "2013-02-28", 
        "operating_revenue": 1389500, 
        "short_term_average": 1609814
    }, 
    {
        "accumulated_operating_revenue_yoy": 13.784584393015223, 
        "accumulated_operating_revenue": 4882484, 
        "long_term_average": 1635593, 
        "date": "2013-03-31", 
        "operating_revenue": 1611300, 
        "short_term_average": 1627494
    }, 
    {
        "accumulated_operating_revenue_yoy": 13.859936144977105, 
        "accumulated_operating_revenue": 6604605, 
        "long_term_average": 1653298, 
        "date": "2013-04-30", 
        "operating_revenue": 1722121, 
        "short_term_average": 1574307
    }, 
    {
        "accumulated_operating_revenue_yoy": 16.056752601931404, 
        "accumulated_operating_revenue": 8410099, 
        "long_term_average": 1683265, 
        "date": "2013-05-31", 
        "operating_revenue": 1805494, 
        "short_term_average": 1712971
    }, 
    {
        "accumulated_operating_revenue_yoy": 13.226436389894614, 
        "accumulated_operating_revenue": 9864363, 
        "long_term_average": 1682326, 
        "date": "2013-06-30", 
        "operating_revenue": 1454264, 
        "short_term_average": 1660626
    }, 
    {
        "accumulated_operating_revenue_yoy": 8.918783915396222, 
        "accumulated_operating_revenue": 11502134, 
        "long_term_average": 1664789, 
        "date": "2013-07-31", 
        "operating_revenue": 1637771, 
        "short_term_average": 1632509
    }, 
    {
        "accumulated_operating_revenue_yoy": 5.238009878021222, 
        "accumulated_operating_revenue": 13062568, 
        "long_term_average": 1640482, 
        "date": "2013-08-31", 
        "operating_revenue": 1560434, 
        "short_term_average": 1550823
    }, 
    {
        "accumulated_operating_revenue_yoy": 4.3280445743007085, 
        "accumulated_operating_revenue": 14700292, 
        "long_term_average": 1637121, 
        "date": "2013-09-30", 
        "operating_revenue": 1637724, 
        "short_term_average": 1611976
    }, 
    {
        "accumulated_operating_revenue_yoy": 4.370040349825156, 
        "accumulated_operating_revenue": 16478898, 
        "long_term_average": 1643800, 
        "date": "2013-10-31", 
        "operating_revenue": 1778606, 
        "short_term_average": 1658921
    }, 
    {
        "accumulated_operating_revenue_yoy": 4.31943905493289, 
        "accumulated_operating_revenue": 18232286, 
        "long_term_average": 1649212, 
        "date": "2013-11-30", 
        "operating_revenue": 1753388, 
        "short_term_average": 1723239
    }, 
    {
        "accumulated_operating_revenue_yoy": 5.314977641128703, 
        "accumulated_operating_revenue": 20047360, 
        "long_term_average": 1670613, 
        "date": "2013-12-31", 
        "operating_revenue": 1815074, 
        "short_term_average": 1782356
    }, 
    {
        "accumulated_operating_revenue_yoy": 1.8052978077084145, 
        "accumulated_operating_revenue": 1915654, 
        "long_term_average": 1673444, 
        "date": "2014-01-31", 
        "operating_revenue": 1915654, 
        "short_term_average": 1828038
    }, 
    {
        "accumulated_operating_revenue_yoy": 7.1495519665050935, 
        "accumulated_operating_revenue": 3505059, 
        "long_term_average": 1690102, 
        "date": "2014-02-28", 
        "operating_revenue": 1589405, 
        "short_term_average": 1773377
    }, 
    {
        "accumulated_operating_revenue_yoy": 13.199183038797466, 
        "accumulated_operating_revenue": 5526932, 
        "long_term_average": 1724317, 
        "date": "2014-03-31", 
        "operating_revenue": 2021873, 
        "short_term_average": 1842310
    }, 
    {
        "accumulated_operating_revenue_yoy": 12.00815188796302, 
        "accumulated_operating_revenue": 7397696, 
        "long_term_average": 1736704, 
        "date": "2014-04-30", 
        "operating_revenue": 1870764, 
        "short_term_average": 1827347
    }, 
    {
        "accumulated_operating_revenue_yoy": 10.049334734347362, 
        "accumulated_operating_revenue": 9255258, 
        "long_term_average": 1741043, 
        "date": "2014-05-31", 
        "operating_revenue": 1857562, 
        "short_term_average": 1916733
    }, 
    {
        "accumulated_operating_revenue_yoy": 10.801285394708202, 
        "accumulated_operating_revenue": 10929841, 
        "long_term_average": 1759403, 
        "date": "2014-06-30", 
        "operating_revenue": 1674583, 
        "short_term_average": 1800969
    }, 
    {
        "accumulated_operating_revenue_yoy": 10.832242086555418, 
        "accumulated_operating_revenue": 12748073, 
        "long_term_average": 1774441, 
        "date": "2014-07-31", 
        "operating_revenue": 1818232, 
        "short_term_average": 1783459
    }, 
    {
        "accumulated_operating_revenue_yoy": 10.982924643913815, 
        "accumulated_operating_revenue": 14497220, 
        "long_term_average": 1790167, 
        "date": "2014-08-31", 
        "operating_revenue": 1749147, 
        "short_term_average": 1747320
    }, 
    {
        "accumulated_operating_revenue_yoy": 11.18515877099584, 
        "accumulated_operating_revenue": 16344543, 
        "long_term_average": 1807634, 
        "date": "2014-09-30", 
        "operating_revenue": 1847323, 
        "short_term_average": 1804900
    }, 
    {
        "accumulated_operating_revenue_yoy": 10.406351201397083, 
        "accumulated_operating_revenue": 18193750, 
        "long_term_average": 1813517, 
        "date": "2014-10-31", 
        "operating_revenue": 1849207, 
        "short_term_average": 1815225
    }, 
    {
        "accumulated_operating_revenue_yoy": 9.190811289379731, 
        "accumulated_operating_revenue": 19907981, 
        "long_term_average": 1810254, 
        "date": "2014-11-30", 
        "operating_revenue": 1714231, 
        "short_term_average": 1803587
    }, 
    {
        "accumulated_operating_revenue_yoy": 8.989228506895671, 
        "accumulated_operating_revenue": 21849463, 
        "long_term_average": 1820788, 
        "date": "2014-12-31", 
        "operating_revenue": 1941482, 
        "short_term_average": 1834973
    }, 
    {
        "accumulated_operating_revenue_yoy": 0.6006303852365824, 
        "accumulated_operating_revenue": 1927160, 
        "long_term_average": 1821747, 
        "date": "2015-01-31", 
        "operating_revenue": 1927160, 
        "short_term_average": 1860957
    }, 
    {
        "accumulated_operating_revenue_yoy": -8.569698826752987, 
        "accumulated_operating_revenue": 3204686, 
        "long_term_average": 1795757, 
        "date": "2015-02-28", 
        "operating_revenue": 1277526, 
        "short_term_average": 1715389
    }, 
    {
        "accumulated_operating_revenue_yoy": -14.039307883650459, 
        "accumulated_operating_revenue": 4750989, 
        "long_term_average": 1756126, 
        "date": "2015-03-31", 
        "operating_revenue": 1546303, 
        "short_term_average": 1583663
    }, 
    {
        "accumulated_operating_revenue_yoy": -15.821845071762883, 
        "accumulated_operating_revenue": 6227244, 
        "long_term_average": 1723250, 
        "date": "2015-04-30", 
        "operating_revenue": 1476255, 
        "short_term_average": 1433361
    }, 
    {
        "accumulated_operating_revenue_yoy": -18.30028941386615, 
        "accumulated_operating_revenue": 7561519, 
        "long_term_average": 1679643, 
        "date": "2015-05-31", 
        "operating_revenue": 1334275, 
        "short_term_average": 1452277
    }, 
    {
        "accumulated_operating_revenue_yoy": -18.19460136702812, 
        "accumulated_operating_revenue": 8941200, 
        "long_term_average": 1655068, 
        "date": "2015-06-30", 
        "operating_revenue": 1379681, 
        "short_term_average": 1396737
    }, 
    {
        "accumulated_operating_revenue_yoy": -17.95005409837236, 
        "accumulated_operating_revenue": 10459787, 
        "long_term_average": 1630098, 
        "date": "2015-07-31", 
        "operating_revenue": 1518587, 
        "short_term_average": 1410847
    }, 
    {
        "accumulated_operating_revenue_yoy": -18.472362287390272, 
        "accumulated_operating_revenue": 11819241, 
        "long_term_average": 1597623, 
        "date": "2015-08-31", 
        "operating_revenue": 1359454, 
        "short_term_average": 1419240
    }
]