[
    {
        "date": "2012-01-31", 
        "operating_revenue": 231709, 
        "accumulated_operating_revenue": 231709, 
        "long_term_average": 231709, 
        "short_term_average": 231709
    }, 
    {
        "date": "2012-02-29", 
        "operating_revenue": 141383, 
        "accumulated_operating_revenue": 373092, 
        "long_term_average": 186546, 
        "short_term_average": 186546
    }, 
    {
        "date": "2012-03-31", 
        "operating_revenue": 146807, 
        "accumulated_operating_revenue": 519899, 
        "long_term_average": 173299, 
        "short_term_average": 173299
    }, 
    {
        "date": "2012-04-30", 
        "operating_revenue": 152956, 
        "accumulated_operating_revenue": 672855, 
        "long_term_average": 168213, 
        "short_term_average": 147048
    }, 
    {
        "date": "2012-05-31", 
        "operating_revenue": 199280, 
        "accumulated_operating_revenue": 872135, 
        "long_term_average": 174427, 
        "short_term_average": 166347
    }, 
    {
        "date": "2012-06-30", 
        "operating_revenue": 153812, 
        "accumulated_operating_revenue": 1025947, 
        "long_term_average": 170991, 
        "short_term_average": 168682
    }, 
    {
        "date": "2012-07-31", 
        "operating_revenue": 158408, 
        "accumulated_operating_revenue": 1184355, 
        "long_term_average": 169193, 
        "short_term_average": 170500
    }, 
    {
        "date": "2012-08-31", 
        "operating_revenue": 173409, 
        "accumulated_operating_revenue": 1357764, 
        "long_term_average": 169720, 
        "short_term_average": 161876
    }, 
    {
        "date": "2012-09-30", 
        "operating_revenue": 185299, 
        "accumulated_operating_revenue": 1543063, 
        "long_term_average": 171451, 
        "short_term_average": 172372
    }, 
    {
        "date": "2012-10-31", 
        "operating_revenue": 150608, 
        "accumulated_operating_revenue": 1693671, 
        "long_term_average": 169367, 
        "short_term_average": 169772
    }, 
    {
        "date": "2012-11-30", 
        "operating_revenue": 171754, 
        "accumulated_operating_revenue": 1865425, 
        "long_term_average": 169584, 
        "short_term_average": 169220
    }, 
    {
        "date": "2012-12-31", 
        "operating_revenue": 180071, 
        "accumulated_operating_revenue": 2045496, 
        "long_term_average": 170458, 
        "short_term_average": 167477
    }, 
    {
        "accumulated_operating_revenue_yoy": -14.323138074049776, 
        "accumulated_operating_revenue": 198521, 
        "long_term_average": 167692, 
        "date": "2013-01-31", 
        "operating_revenue": 198521, 
        "short_term_average": 183448
    }, 
    {
        "accumulated_operating_revenue_yoy": 1.3125448950928993, 
        "accumulated_operating_revenue": 377989, 
        "long_term_average": 170866, 
        "date": "2013-02-28", 
        "operating_revenue": 179468, 
        "short_term_average": 186020
    }, 
    {
        "accumulated_operating_revenue_yoy": 2.5949270916081777, 
        "accumulated_operating_revenue": 533390, 
        "long_term_average": 171582, 
        "date": "2013-03-31", 
        "operating_revenue": 155401, 
        "short_term_average": 177796
    }, 
    {
        "accumulated_operating_revenue_yoy": 1.8125747746542717, 
        "accumulated_operating_revenue": 685051, 
        "long_term_average": 171474, 
        "date": "2013-04-30", 
        "operating_revenue": 151661, 
        "short_term_average": 162176
    }, 
    {
        "accumulated_operating_revenue_yoy": -2.535731280134383, 
        "accumulated_operating_revenue": 850020, 
        "long_term_average": 168615, 
        "date": "2013-05-31", 
        "operating_revenue": 164969, 
        "short_term_average": 157343
    }, 
    {
        "accumulated_operating_revenue_yoy": -2.5326844369153574, 
        "accumulated_operating_revenue": 999963, 
        "long_term_average": 168292, 
        "date": "2013-06-30", 
        "operating_revenue": 149943, 
        "short_term_average": 155524
    }, 
    {
        "accumulated_operating_revenue_yoy": -1.181233667270371, 
        "accumulated_operating_revenue": 1170365, 
        "long_term_average": 169292, 
        "date": "2013-07-31", 
        "operating_revenue": 170402, 
        "short_term_average": 161771
    }, 
    {
        "accumulated_operating_revenue_yoy": -1.2210516702460812, 
        "accumulated_operating_revenue": 1341185, 
        "long_term_average": 169076, 
        "date": "2013-08-31", 
        "operating_revenue": 170820, 
        "short_term_average": 163721
    }, 
    {
        "accumulated_operating_revenue_yoy": -0.924848823411617, 
        "accumulated_operating_revenue": 1528792, 
        "long_term_average": 169268, 
        "date": "2013-09-30", 
        "operating_revenue": 187607, 
        "short_term_average": 176276
    }, 
    {
        "accumulated_operating_revenue_yoy": -0.23363451343265604, 
        "accumulated_operating_revenue": 1689714, 
        "long_term_average": 170128, 
        "date": "2013-10-31", 
        "operating_revenue": 160922, 
        "short_term_average": 173116
    }, 
    {
        "accumulated_operating_revenue_yoy": 0.33011244086468233, 
        "accumulated_operating_revenue": 1871583, 
        "long_term_average": 170971, 
        "date": "2013-11-30", 
        "operating_revenue": 181869, 
        "short_term_average": 176799
    }, 
    {
        "accumulated_operating_revenue_yoy": 0.8875109020012749, 
        "accumulated_operating_revenue": 2063650, 
        "long_term_average": 171970, 
        "date": "2013-12-31", 
        "operating_revenue": 192067, 
        "short_term_average": 178286
    }, 
    {
        "accumulated_operating_revenue_yoy": 27.987467320837595, 
        "accumulated_operating_revenue": 254082, 
        "long_term_average": 176600, 
        "date": "2014-01-31", 
        "operating_revenue": 254082, 
        "short_term_average": 209339
    }, 
    {
        "accumulated_operating_revenue_yoy": 8.90793118318258, 
        "accumulated_operating_revenue": 411660, 
        "long_term_average": 174776, 
        "date": "2014-02-28", 
        "operating_revenue": 157578, 
        "short_term_average": 201242
    }, 
    {
        "accumulated_operating_revenue_yoy": 4.805676896829712, 
        "accumulated_operating_revenue": 559023, 
        "long_term_average": 174106, 
        "date": "2014-03-31", 
        "operating_revenue": 147363, 
        "short_term_average": 186341
    }, 
    {
        "accumulated_operating_revenue_yoy": 4.880658520314546, 
        "accumulated_operating_revenue": 718486, 
        "long_term_average": 174757, 
        "date": "2014-04-30", 
        "operating_revenue": 159463, 
        "short_term_average": 154801
    }, 
    {
        "accumulated_operating_revenue_yoy": 6.407966871367734, 
        "accumulated_operating_revenue": 904489, 
        "long_term_average": 176509, 
        "date": "2014-05-31", 
        "operating_revenue": 186003, 
        "short_term_average": 164276
    }, 
    {
        "accumulated_operating_revenue_yoy": 7.332371297738016, 
        "accumulated_operating_revenue": 1073284, 
        "long_term_average": 178080, 
        "date": "2014-06-30", 
        "operating_revenue": 168795, 
        "short_term_average": 171420
    }, 
    {
        "accumulated_operating_revenue_yoy": 6.087588060135086, 
        "accumulated_operating_revenue": 1241612, 
        "long_term_average": 177908, 
        "date": "2014-07-31", 
        "operating_revenue": 168328, 
        "short_term_average": 174375
    }, 
    {
        "accumulated_operating_revenue_yoy": 7.242997796724539, 
        "accumulated_operating_revenue": 1438327, 
        "long_term_average": 180066, 
        "date": "2014-08-31", 
        "operating_revenue": 196715, 
        "short_term_average": 177946
    }, 
    {
        "accumulated_operating_revenue_yoy": 5.136212120419259, 
        "accumulated_operating_revenue": 1607314, 
        "long_term_average": 178514, 
        "date": "2014-09-30", 
        "operating_revenue": 168987, 
        "short_term_average": 178010
    }, 
    {
        "accumulated_operating_revenue_yoy": 5.344809831723002, 
        "accumulated_operating_revenue": 1780026, 
        "long_term_average": 179496, 
        "date": "2014-10-31", 
        "operating_revenue": 172712, 
        "short_term_average": 179471
    }, 
    {
        "accumulated_operating_revenue_yoy": 5.080886073446917, 
        "accumulated_operating_revenue": 1966676, 
        "long_term_average": 179895, 
        "date": "2014-11-30", 
        "operating_revenue": 186650, 
        "short_term_average": 176116
    }, 
    {
        "accumulated_operating_revenue_yoy": 4.183170595789014, 
        "accumulated_operating_revenue": 2149976, 
        "long_term_average": 179164, 
        "date": "2014-12-31", 
        "operating_revenue": 183300, 
        "short_term_average": 180887
    }, 
    {
        "accumulated_operating_revenue_yoy": -19.615714611818234, 
        "accumulated_operating_revenue": 204242, 
        "long_term_average": 175011, 
        "date": "2015-01-31", 
        "operating_revenue": 204242, 
        "short_term_average": 191397
    }, 
    {
        "accumulated_operating_revenue_yoy": 0.7999319827041733, 
        "accumulated_operating_revenue": 414953, 
        "long_term_average": 179439, 
        "date": "2015-02-28", 
        "operating_revenue": 210711, 
        "short_term_average": 199417
    }, 
    {
        "accumulated_operating_revenue_yoy": 1.538577124733687, 
        "accumulated_operating_revenue": 567624, 
        "long_term_average": 179881, 
        "date": "2015-03-31", 
        "operating_revenue": 152671, 
        "short_term_average": 189208
    }, 
    {
        "accumulated_operating_revenue_yoy": 1.6870196496521852, 
        "accumulated_operating_revenue": 730607, 
        "long_term_average": 180174, 
        "date": "2015-04-30", 
        "operating_revenue": 162983, 
        "short_term_average": 175455
    }, 
    {
        "accumulated_operating_revenue_yoy": 0.5470492178456565, 
        "accumulated_operating_revenue": 909437, 
        "long_term_average": 179577, 
        "date": "2015-05-31", 
        "operating_revenue": 178830, 
        "short_term_average": 164828
    }, 
    {
        "accumulated_operating_revenue_yoy": -0.6936654231312495, 
        "accumulated_operating_revenue": 1065839, 
        "long_term_average": 178544, 
        "date": "2015-06-30", 
        "operating_revenue": 156402, 
        "short_term_average": 166071
    }, 
    {
        "accumulated_operating_revenue_yoy": -0.6679220239495108, 
        "accumulated_operating_revenue": 1233319, 
        "long_term_average": 178473, 
        "date": "2015-07-31", 
        "operating_revenue": 167480, 
        "short_term_average": 167570
    }, 
    {
        "accumulated_operating_revenue_yoy": -1.7325684632215066, 
        "accumulated_operating_revenue": 1413407, 
        "long_term_average": 177088, 
        "date": "2015-08-31", 
        "operating_revenue": 180088, 
        "short_term_average": 167990
    }, 
    {
        "accumulated_operating_revenue_yoy": -0.2694557504009795, 
        "accumulated_operating_revenue": 1602983, 
        "long_term_average": 178803, 
        "date": "2015-09-30", 
        "operating_revenue": 189576, 
        "short_term_average": 179048
    }
]