[
    {
        "date": "2012-01-31", 
        "operating_revenue": 577950, 
        "accumulated_operating_revenue": 577950, 
        "long_term_average": 577950, 
        "short_term_average": 577950
    }, 
    {
        "date": "2012-02-29", 
        "operating_revenue": 531710, 
        "accumulated_operating_revenue": 1109660, 
        "long_term_average": 554830, 
        "short_term_average": 554830
    }, 
    {
        "date": "2012-03-31", 
        "operating_revenue": 568685, 
        "accumulated_operating_revenue": 1678345, 
        "long_term_average": 559448, 
        "short_term_average": 559448
    }, 
    {
        "date": "2012-04-30", 
        "operating_revenue": 494449, 
        "accumulated_operating_revenue": 2172794, 
        "long_term_average": 543198, 
        "short_term_average": 531614
    }, 
    {
        "date": "2012-05-31", 
        "operating_revenue": 576858, 
        "accumulated_operating_revenue": 2749652, 
        "long_term_average": 549930, 
        "short_term_average": 546664
    }, 
    {
        "date": "2012-06-30", 
        "operating_revenue": 427719, 
        "accumulated_operating_revenue": 3177371, 
        "long_term_average": 529561, 
        "short_term_average": 499675
    }, 
    {
        "date": "2012-07-31", 
        "operating_revenue": 765030, 
        "accumulated_operating_revenue": 3942401, 
        "long_term_average": 563200, 
        "short_term_average": 589869
    }, 
    {
        "date": "2012-08-31", 
        "operating_revenue": 745648, 
        "accumulated_operating_revenue": 4688049, 
        "long_term_average": 586006, 
        "short_term_average": 646132
    }, 
    {
        "date": "2012-09-30", 
        "operating_revenue": 551836, 
        "accumulated_operating_revenue": 5239885, 
        "long_term_average": 582209, 
        "short_term_average": 687504
    }, 
    {
        "date": "2012-10-31", 
        "operating_revenue": 568366, 
        "accumulated_operating_revenue": 5808251, 
        "long_term_average": 580825, 
        "short_term_average": 621950
    }, 
    {
        "date": "2012-11-30", 
        "operating_revenue": 498783, 
        "accumulated_operating_revenue": 6307034, 
        "long_term_average": 573366, 
        "short_term_average": 539661
    }, 
    {
        "date": "2012-12-31", 
        "operating_revenue": 551440, 
        "accumulated_operating_revenue": 6858474, 
        "long_term_average": 571539, 
        "short_term_average": 539529
    }, 
    {
        "accumulated_operating_revenue_yoy": 3.8363180205900163, 
        "accumulated_operating_revenue": 600122, 
        "long_term_average": 573387, 
        "date": "2013-01-31", 
        "operating_revenue": 600122, 
        "short_term_average": 550115
    }, 
    {
        "accumulated_operating_revenue_yoy": -2.702629634302399, 
        "accumulated_operating_revenue": 1079670, 
        "long_term_average": 569040, 
        "date": "2013-02-28", 
        "operating_revenue": 479548, 
        "short_term_average": 543703
    }, 
    {
        "accumulated_operating_revenue_yoy": -6.166193482269736, 
        "accumulated_operating_revenue": 1574855, 
        "long_term_average": 562915, 
        "date": "2013-03-31", 
        "operating_revenue": 495185, 
        "short_term_average": 524951
    }, 
    {
        "accumulated_operating_revenue_yoy": -5.984460560918339, 
        "accumulated_operating_revenue": 2042764, 
        "long_term_average": 560703, 
        "date": "2013-04-30", 
        "operating_revenue": 467909, 
        "short_term_average": 480880
    }, 
    {
        "accumulated_operating_revenue_yoy": -5.657224987016539, 
        "accumulated_operating_revenue": 2594098, 
        "long_term_average": 558576, 
        "date": "2013-05-31", 
        "operating_revenue": 551334, 
        "short_term_average": 504809
    }, 
    {
        "accumulated_operating_revenue_yoy": 0.5109884870227619, 
        "accumulated_operating_revenue": 3193607, 
        "long_term_average": 572892, 
        "date": "2013-06-30", 
        "operating_revenue": 599509, 
        "short_term_average": 539584
    }, 
    {
        "accumulated_operating_revenue_yoy": -0.010957789428320458, 
        "accumulated_operating_revenue": 3941969, 
        "long_term_average": 571503, 
        "date": "2013-07-31", 
        "operating_revenue": 748362, 
        "short_term_average": 633068
    }, 
    {
        "accumulated_operating_revenue_yoy": 0.38685602475571396, 
        "accumulated_operating_revenue": 4706185, 
        "long_term_average": 573050, 
        "date": "2013-08-31", 
        "operating_revenue": 764216, 
        "short_term_average": 704029
    }, 
    {
        "accumulated_operating_revenue_yoy": 1.5633930897338395, 
        "accumulated_operating_revenue": 5321805, 
        "long_term_average": 578366, 
        "date": "2013-09-30", 
        "operating_revenue": 615620, 
        "short_term_average": 709399
    }, 
    {
        "accumulated_operating_revenue_yoy": 0.8379975314427699, 
        "accumulated_operating_revenue": 5856924, 
        "long_term_average": 575595, 
        "date": "2013-10-31", 
        "operating_revenue": 535119, 
        "short_term_average": 638318
    }, 
    {
        "accumulated_operating_revenue_yoy": -2.0332853762957357, 
        "accumulated_operating_revenue": 6178794, 
        "long_term_average": 560852, 
        "date": "2013-11-30", 
        "operating_revenue": 321870, 
        "short_term_average": 490869
    }, 
    {
        "accumulated_operating_revenue_yoy": -4.675413218742245, 
        "accumulated_operating_revenue": 6537812, 
        "long_term_average": 544817, 
        "date": "2013-12-31", 
        "operating_revenue": 359018, 
        "short_term_average": 405335
    }, 
    {
        "accumulated_operating_revenue_yoy": -7.967713231642899, 
        "accumulated_operating_revenue": 552306, 
        "long_term_average": 540833, 
        "date": "2014-01-31", 
        "operating_revenue": 552306, 
        "short_term_average": 411064
    }, 
    {
        "accumulated_operating_revenue_yoy": -16.00535348763974, 
        "accumulated_operating_revenue": 906865, 
        "long_term_average": 530417, 
        "date": "2014-02-28", 
        "operating_revenue": 354559, 
        "short_term_average": 421961
    }, 
    {
        "accumulated_operating_revenue_yoy": -19.37365662235571, 
        "accumulated_operating_revenue": 1269748, 
        "long_term_average": 519392, 
        "date": "2014-03-31", 
        "operating_revenue": 362883, 
        "short_term_average": 423249
    }, 
    {
        "accumulated_operating_revenue_yoy": -17.334748409507903, 
        "accumulated_operating_revenue": 1688656, 
        "long_term_average": 515308, 
        "date": "2014-04-30", 
        "operating_revenue": 418908, 
        "short_term_average": 378783
    }, 
    {
        "accumulated_operating_revenue_yoy": -16.042146441653323, 
        "accumulated_operating_revenue": 2177949, 
        "long_term_average": 510138, 
        "date": "2014-05-31", 
        "operating_revenue": 489293, 
        "short_term_average": 423694
    }, 
    {
        "accumulated_operating_revenue_yoy": -15.315253254392292, 
        "accumulated_operating_revenue": 2704498, 
        "long_term_average": 504058, 
        "date": "2014-06-30", 
        "operating_revenue": 526549, 
        "short_term_average": 478250
    }, 
    {
        "accumulated_operating_revenue_yoy": -12.793378131588554, 
        "accumulated_operating_revenue": 3437658, 
        "long_term_average": 502791, 
        "date": "2014-07-31", 
        "operating_revenue": 733160, 
        "short_term_average": 583000
    }, 
    {
        "accumulated_operating_revenue_yoy": -12.858036817507173, 
        "accumulated_operating_revenue": 4101062, 
        "long_term_average": 494390, 
        "date": "2014-08-31", 
        "operating_revenue": 663404, 
        "short_term_average": 641037
    }, 
    {
        "accumulated_operating_revenue_yoy": -11.8924876052392, 
        "accumulated_operating_revenue": 4688910, 
        "long_term_average": 492076, 
        "date": "2014-09-30", 
        "operating_revenue": 587848, 
        "short_term_average": 661470
    }, 
    {
        "accumulated_operating_revenue_yoy": -11.87170945021653, 
        "accumulated_operating_revenue": 5161607, 
        "long_term_average": 486874, 
        "date": "2014-10-31", 
        "operating_revenue": 472697, 
        "short_term_average": 574649
    }, 
    {
        "accumulated_operating_revenue_yoy": -10.34350716337201, 
        "accumulated_operating_revenue": 5539690, 
        "long_term_average": 491559, 
        "date": "2014-11-30", 
        "operating_revenue": 378083, 
        "short_term_average": 479542
    }, 
    {
        "accumulated_operating_revenue_yoy": -7.988773614169389, 
        "accumulated_operating_revenue": 6015521, 
        "long_term_average": 501293, 
        "date": "2014-12-31", 
        "operating_revenue": 475831, 
        "short_term_average": 442203
    }, 
    {
        "accumulated_operating_revenue_yoy": -20.777612410511566, 
        "accumulated_operating_revenue": 437550, 
        "long_term_average": 491730, 
        "date": "2015-01-31", 
        "operating_revenue": 437550, 
        "short_term_average": 430488
    }, 
    {
        "accumulated_operating_revenue_yoy": -4.341660555871051, 
        "accumulated_operating_revenue": 867492, 
        "long_term_average": 498012, 
        "date": "2015-02-28", 
        "operating_revenue": 429942, 
        "short_term_average": 447774
    }, 
    {
        "accumulated_operating_revenue_yoy": 4.838834162369226, 
        "accumulated_operating_revenue": 1331189, 
        "long_term_average": 506413, 
        "date": "2015-03-31", 
        "operating_revenue": 463697, 
        "short_term_average": 443729
    }, 
    {
        "accumulated_operating_revenue_yoy": 2.911250130281123, 
        "accumulated_operating_revenue": 1737817, 
        "long_term_average": 505390, 
        "date": "2015-04-30", 
        "operating_revenue": 406628, 
        "short_term_average": 433422
    }, 
    {
        "accumulated_operating_revenue_yoy": 3.317203479052999, 
        "accumulated_operating_revenue": 2250196, 
        "long_term_average": 507314, 
        "date": "2015-05-31", 
        "operating_revenue": 512379, 
        "short_term_average": 460901
    }, 
    {
        "accumulated_operating_revenue_yoy": 5.821117264645786, 
        "accumulated_operating_revenue": 2861930, 
        "long_term_average": 514412, 
        "date": "2015-06-30", 
        "operating_revenue": 611734, 
        "short_term_average": 510247
    }, 
    {
        "accumulated_operating_revenue_yoy": 4.138573412480241, 
        "accumulated_operating_revenue": 3579928, 
        "long_term_average": 513149, 
        "date": "2015-07-31", 
        "operating_revenue": 717998, 
        "short_term_average": 614037
    }, 
    {
        "accumulated_operating_revenue_yoy": 4.8185567543236365, 
        "accumulated_operating_revenue": 4298674, 
        "long_term_average": 517761, 
        "date": "2015-08-31", 
        "operating_revenue": 718746, 
        "short_term_average": 682826
    }, 
    {
        "accumulated_operating_revenue_yoy": 3.0117447338507244, 
        "accumulated_operating_revenue": 4830128, 
        "long_term_average": 513061, 
        "date": "2015-09-30", 
        "operating_revenue": 531454, 
        "short_term_average": 656066
    }
]