[
    {
        "date": "2012-01-31", 
        "operating_revenue": 21059, 
        "accumulated_operating_revenue": 21059, 
        "long_term_average": 21059, 
        "short_term_average": 21059
    }, 
    {
        "date": "2012-02-29", 
        "operating_revenue": 28711, 
        "accumulated_operating_revenue": 49770, 
        "long_term_average": 24885, 
        "short_term_average": 24885
    }, 
    {
        "date": "2012-03-31", 
        "operating_revenue": 29998, 
        "accumulated_operating_revenue": 79768, 
        "long_term_average": 26589, 
        "short_term_average": 26589
    }, 
    {
        "date": "2012-04-30", 
        "operating_revenue": 29286, 
        "accumulated_operating_revenue": 109054, 
        "long_term_average": 27263, 
        "short_term_average": 29331
    }, 
    {
        "date": "2012-05-31", 
        "operating_revenue": 32119, 
        "accumulated_operating_revenue": 141173, 
        "long_term_average": 28234, 
        "short_term_average": 30467
    }, 
    {
        "date": "2012-06-30", 
        "operating_revenue": 25108, 
        "accumulated_operating_revenue": 166281, 
        "long_term_average": 27713, 
        "short_term_average": 28837
    }, 
    {
        "date": "2012-07-31", 
        "operating_revenue": 26171, 
        "accumulated_operating_revenue": 192452, 
        "long_term_average": 27493, 
        "short_term_average": 27799
    }, 
    {
        "date": "2012-08-31", 
        "operating_revenue": 25234, 
        "accumulated_operating_revenue": 217686, 
        "long_term_average": 27210, 
        "short_term_average": 25504
    }, 
    {
        "date": "2012-09-30", 
        "operating_revenue": 28720, 
        "accumulated_operating_revenue": 246406, 
        "long_term_average": 27378, 
        "short_term_average": 26708
    }, 
    {
        "date": "2012-10-31", 
        "operating_revenue": 27399, 
        "accumulated_operating_revenue": 273805, 
        "long_term_average": 27380, 
        "short_term_average": 27117
    }, 
    {
        "date": "2012-11-30", 
        "operating_revenue": 24656, 
        "accumulated_operating_revenue": 298461, 
        "long_term_average": 27132, 
        "short_term_average": 26925
    }, 
    {
        "date": "2012-12-31", 
        "operating_revenue": 20817, 
        "accumulated_operating_revenue": 319278, 
        "long_term_average": 26606, 
        "short_term_average": 24290
    }, 
    {
        "accumulated_operating_revenue_yoy": -16.76242936511705, 
        "accumulated_operating_revenue": 17529, 
        "long_term_average": 26312, 
        "date": "2013-01-31", 
        "operating_revenue": 17529, 
        "short_term_average": 21000
    }, 
    {
        "accumulated_operating_revenue_yoy": -34.362065501306006, 
        "accumulated_operating_revenue": 32668, 
        "long_term_average": 25181, 
        "date": "2013-02-28", 
        "operating_revenue": 15139, 
        "short_term_average": 17828
    }, 
    {
        "accumulated_operating_revenue_yoy": -27.309196670344, 
        "accumulated_operating_revenue": 57984, 
        "long_term_average": 24791, 
        "date": "2013-03-31", 
        "operating_revenue": 25316, 
        "short_term_average": 19328
    }, 
    {
        "accumulated_operating_revenue_yoy": -26.971958846076255, 
        "accumulated_operating_revenue": 79640, 
        "long_term_average": 24155, 
        "date": "2013-04-30", 
        "operating_revenue": 21656, 
        "short_term_average": 20703
    }, 
    {
        "accumulated_operating_revenue_yoy": -23.884170485857776, 
        "accumulated_operating_revenue": 107455, 
        "long_term_average": 23796, 
        "date": "2013-05-31", 
        "operating_revenue": 27815, 
        "short_term_average": 24929
    }, 
    {
        "accumulated_operating_revenue_yoy": -21.988681809707664, 
        "accumulated_operating_revenue": 129718, 
        "long_term_average": 23559, 
        "date": "2013-06-30", 
        "operating_revenue": 22263, 
        "short_term_average": 23911
    }, 
    {
        "accumulated_operating_revenue_yoy": -22.044457838837737, 
        "accumulated_operating_revenue": 150027, 
        "long_term_average": 23071, 
        "date": "2013-07-31", 
        "operating_revenue": 20309, 
        "short_term_average": 23462
    }, 
    {
        "accumulated_operating_revenue_yoy": -22.25866615216413, 
        "accumulated_operating_revenue": 169232, 
        "long_term_average": 22568, 
        "date": "2013-08-31", 
        "operating_revenue": 19205, 
        "short_term_average": 20592
    }, 
    {
        "accumulated_operating_revenue_yoy": -22.99294660032629, 
        "accumulated_operating_revenue": 189750, 
        "long_term_average": 21885, 
        "date": "2013-09-30", 
        "operating_revenue": 20518, 
        "short_term_average": 20010
    }, 
    {
        "accumulated_operating_revenue_yoy": -22.849473165208817, 
        "accumulated_operating_revenue": 211242, 
        "long_term_average": 21392, 
        "date": "2013-10-31", 
        "operating_revenue": 21492, 
        "short_term_average": 20405
    }, 
    {
        "accumulated_operating_revenue_yoy": -22.322179447230962, 
        "accumulated_operating_revenue": 231838, 
        "long_term_average": 21054, 
        "date": "2013-11-30", 
        "operating_revenue": 20596, 
        "short_term_average": 20868
    }, 
    {
        "accumulated_operating_revenue_yoy": -21.477521157110733, 
        "accumulated_operating_revenue": 250705, 
        "long_term_average": 20892, 
        "date": "2013-12-31", 
        "operating_revenue": 18867, 
        "short_term_average": 20318
    }, 
    {
        "accumulated_operating_revenue_yoy": -20.953847909179075, 
        "accumulated_operating_revenue": 13856, 
        "long_term_average": 20586, 
        "date": "2014-01-31", 
        "operating_revenue": 13856, 
        "short_term_average": 17773
    }, 
    {
        "accumulated_operating_revenue_yoy": -20.86751561160769, 
        "accumulated_operating_revenue": 25851, 
        "long_term_average": 20324, 
        "date": "2014-02-28", 
        "operating_revenue": 11995, 
        "short_term_average": 14906
    }, 
    {
        "accumulated_operating_revenue_yoy": -34.493998344370866, 
        "accumulated_operating_revenue": 37983, 
        "long_term_average": 19225, 
        "date": "2014-03-31", 
        "operating_revenue": 12132, 
        "short_term_average": 12661
    }, 
    {
        "accumulated_operating_revenue_yoy": -33.79834254143647, 
        "accumulated_operating_revenue": 52723, 
        "long_term_average": 18649, 
        "date": "2014-04-30", 
        "operating_revenue": 14740, 
        "short_term_average": 12955
    }, 
    {
        "accumulated_operating_revenue_yoy": -37.74603322320972, 
        "accumulated_operating_revenue": 66895, 
        "long_term_average": 17512, 
        "date": "2014-05-31", 
        "operating_revenue": 14172, 
        "short_term_average": 13681
    }, 
    {
        "accumulated_operating_revenue_yoy": -21.967652908617154, 
        "accumulated_operating_revenue": 101222, 
        "long_term_average": 18517, 
        "date": "2014-06-30", 
        "operating_revenue": 34327, 
        "short_term_average": 21079
    }, 
    {
        "accumulated_operating_revenue_yoy": -25.59139354916115, 
        "accumulated_operating_revenue": 111633, 
        "long_term_average": 17692, 
        "date": "2014-07-31", 
        "operating_revenue": 10411, 
        "short_term_average": 19636
    }, 
    {
        "accumulated_operating_revenue_yoy": -24.26727805615959, 
        "accumulated_operating_revenue": 128164, 
        "long_term_average": 17469, 
        "date": "2014-08-31", 
        "operating_revenue": 16531, 
        "short_term_average": 20423
    }, 
    {
        "accumulated_operating_revenue_yoy": -23.099341238471673, 
        "accumulated_operating_revenue": 145919, 
        "long_term_average": 17239, 
        "date": "2014-09-30", 
        "operating_revenue": 17755, 
        "short_term_average": 14899
    }, 
    {
        "accumulated_operating_revenue_yoy": -25.062250878139764, 
        "accumulated_operating_revenue": 158300, 
        "long_term_average": 16480, 
        "date": "2014-10-31", 
        "operating_revenue": 12381, 
        "short_term_average": 15555
    }, 
    {
        "accumulated_operating_revenue_yoy": -28.34565515575531, 
        "accumulated_operating_revenue": 166122, 
        "long_term_average": 15415, 
        "date": "2014-11-30", 
        "operating_revenue": 7822, 
        "short_term_average": 12652
    }, 
    {
        "accumulated_operating_revenue_yoy": -31.229931592908, 
        "accumulated_operating_revenue": 172410, 
        "long_term_average": 14367, 
        "date": "2014-12-31", 
        "operating_revenue": 6288, 
        "short_term_average": 8830
    }, 
    {
        "accumulated_operating_revenue_yoy": -51.16916859122402, 
        "accumulated_operating_revenue": 6766, 
        "long_term_average": 13776, 
        "date": "2015-01-31", 
        "operating_revenue": 6766, 
        "short_term_average": 6958
    }, 
    {
        "accumulated_operating_revenue_yoy": -42.97706084870991, 
        "accumulated_operating_revenue": 14741, 
        "long_term_average": 13441, 
        "date": "2015-02-28", 
        "operating_revenue": 7975, 
        "short_term_average": 7009
    }, 
    {
        "accumulated_operating_revenue_yoy": -41.055208909248876, 
        "accumulated_operating_revenue": 22389, 
        "long_term_average": 13068, 
        "date": "2015-03-31", 
        "operating_revenue": 7648, 
        "short_term_average": 7463
    }, 
    {
        "accumulated_operating_revenue_yoy": -41.83183809722512, 
        "accumulated_operating_revenue": 30668, 
        "long_term_average": 12529, 
        "date": "2015-04-30", 
        "operating_revenue": 8279, 
        "short_term_average": 7967
    }, 
    {
        "accumulated_operating_revenue_yoy": -42.70423798490171, 
        "accumulated_operating_revenue": 38328, 
        "long_term_average": 11986, 
        "date": "2015-05-31", 
        "operating_revenue": 7660, 
        "short_term_average": 7862
    }, 
    {
        "accumulated_operating_revenue_yoy": -51.581671968544384, 
        "accumulated_operating_revenue": 49010, 
        "long_term_average": 10016, 
        "date": "2015-06-30", 
        "operating_revenue": 10682, 
        "short_term_average": 8873
    }, 
    {
        "accumulated_operating_revenue_yoy": -45.99177662519148, 
        "accumulated_operating_revenue": 60291, 
        "long_term_average": 10089, 
        "date": "2015-07-31", 
        "operating_revenue": 11281, 
        "short_term_average": 9874
    }, 
    {
        "accumulated_operating_revenue_yoy": -45.485471739333974, 
        "accumulated_operating_revenue": 69868, 
        "long_term_average": 9509, 
        "date": "2015-08-31", 
        "operating_revenue": 9577, 
        "short_term_average": 10513
    }
]