[
    {
        "date": "2012-01-31", 
        "operating_revenue": 256873, 
        "accumulated_operating_revenue": 256873, 
        "long_term_average": 256873, 
        "short_term_average": 256873
    }, 
    {
        "date": "2012-02-29", 
        "operating_revenue": 132180, 
        "accumulated_operating_revenue": 389053, 
        "long_term_average": 194526, 
        "short_term_average": 194526
    }, 
    {
        "date": "2012-03-31", 
        "operating_revenue": 150016, 
        "accumulated_operating_revenue": 539069, 
        "long_term_average": 179689, 
        "short_term_average": 179689
    }, 
    {
        "date": "2012-04-30", 
        "operating_revenue": 128476, 
        "accumulated_operating_revenue": 667545, 
        "long_term_average": 166886, 
        "short_term_average": 136890
    }, 
    {
        "date": "2012-05-31", 
        "operating_revenue": 142236, 
        "accumulated_operating_revenue": 809781, 
        "long_term_average": 161956, 
        "short_term_average": 140242
    }, 
    {
        "date": "2012-06-30", 
        "operating_revenue": 133126, 
        "accumulated_operating_revenue": 942907, 
        "long_term_average": 157151, 
        "short_term_average": 134612
    }, 
    {
        "date": "2012-07-31", 
        "operating_revenue": 155381, 
        "accumulated_operating_revenue": 1098288, 
        "long_term_average": 156898, 
        "short_term_average": 143581
    }, 
    {
        "date": "2012-08-31", 
        "operating_revenue": 198683, 
        "accumulated_operating_revenue": 1296971, 
        "long_term_average": 162121, 
        "short_term_average": 162396
    }, 
    {
        "date": "2012-09-30", 
        "operating_revenue": 286525, 
        "accumulated_operating_revenue": 1583496, 
        "long_term_average": 175944, 
        "short_term_average": 213529
    }, 
    {
        "date": "2012-10-31", 
        "operating_revenue": 217329, 
        "accumulated_operating_revenue": 1800825, 
        "long_term_average": 180082, 
        "short_term_average": 234179
    }, 
    {
        "date": "2012-11-30", 
        "operating_revenue": 274172, 
        "accumulated_operating_revenue": 2074997, 
        "long_term_average": 188636, 
        "short_term_average": 259342
    }, 
    {
        "date": "2012-12-31", 
        "operating_revenue": 286144, 
        "accumulated_operating_revenue": 2361141, 
        "long_term_average": 196761, 
        "short_term_average": 259215
    }, 
    {
        "accumulated_operating_revenue_yoy": 54.84811560576628, 
        "accumulated_operating_revenue": 397763, 
        "long_term_average": 208502, 
        "date": "2013-01-31", 
        "operating_revenue": 397763, 
        "short_term_average": 319359
    }, 
    {
        "accumulated_operating_revenue_yoy": 39.65963506257502, 
        "accumulated_operating_revenue": 543350, 
        "long_term_average": 209619, 
        "date": "2013-02-28", 
        "operating_revenue": 145587, 
        "short_term_average": 276498
    }, 
    {
        "accumulated_operating_revenue_yoy": 34.733030465487715, 
        "accumulated_operating_revenue": 726304, 
        "long_term_average": 212364, 
        "date": "2013-03-31", 
        "operating_revenue": 182954, 
        "short_term_average": 242101
    }, 
    {
        "accumulated_operating_revenue_yoy": 33.68102524923414, 
        "accumulated_operating_revenue": 892381, 
        "long_term_average": 215498, 
        "date": "2013-04-30", 
        "operating_revenue": 166077, 
        "short_term_average": 164872
    }, 
    {
        "accumulated_operating_revenue_yoy": 30.660511916184745, 
        "accumulated_operating_revenue": 1058064, 
        "long_term_average": 217452, 
        "date": "2013-05-31", 
        "operating_revenue": 165683, 
        "short_term_average": 171571
    }, 
    {
        "accumulated_operating_revenue_yoy": 27.972642052715695, 
        "accumulated_operating_revenue": 1206663, 
        "long_term_average": 218741, 
        "date": "2013-06-30", 
        "operating_revenue": 148599, 
        "short_term_average": 160119
    }, 
    {
        "accumulated_operating_revenue_yoy": 25.57762626924814, 
        "accumulated_operating_revenue": 1379204, 
        "long_term_average": 220171, 
        "date": "2013-07-31", 
        "operating_revenue": 172541, 
        "short_term_average": 162274
    }, 
    {
        "accumulated_operating_revenue_yoy": 19.905842150672605, 
        "accumulated_operating_revenue": 1555144, 
        "long_term_average": 218276, 
        "date": "2013-08-31", 
        "operating_revenue": 175940, 
        "short_term_average": 165693
    }, 
    {
        "accumulated_operating_revenue_yoy": 17.48106720825313, 
        "accumulated_operating_revenue": 1860308, 
        "long_term_average": 219829, 
        "date": "2013-09-30", 
        "operating_revenue": 305164, 
        "short_term_average": 217881
    }, 
    {
        "accumulated_operating_revenue_yoy": 15.559146502297558, 
        "accumulated_operating_revenue": 2081018, 
        "long_term_average": 220111, 
        "date": "2013-10-31", 
        "operating_revenue": 220710, 
        "short_term_average": 233938
    }, 
    {
        "accumulated_operating_revenue_yoy": 11.715197660526739, 
        "accumulated_operating_revenue": 2318087, 
        "long_term_average": 217019, 
        "date": "2013-11-30", 
        "operating_revenue": 237069, 
        "short_term_average": 254314
    }, 
    {
        "accumulated_operating_revenue_yoy": 13.721247481620116, 
        "accumulated_operating_revenue": 2685119, 
        "long_term_average": 223759, 
        "date": "2013-12-31", 
        "operating_revenue": 367032, 
        "short_term_average": 274937
    }, 
    {
        "accumulated_operating_revenue_yoy": -14.437240266188661, 
        "accumulated_operating_revenue": 340337, 
        "long_term_average": 218974, 
        "date": "2014-01-31", 
        "operating_revenue": 340337, 
        "short_term_average": 314812
    }, 
    {
        "accumulated_operating_revenue_yoy": -10.901444740958867, 
        "accumulated_operating_revenue": 484117, 
        "long_term_average": 218823, 
        "date": "2014-02-28", 
        "operating_revenue": 143780, 
        "short_term_average": 283716
    }, 
    {
        "accumulated_operating_revenue_yoy": -8.856484337137067, 
        "accumulated_operating_revenue": 661979, 
        "long_term_average": 218399, 
        "date": "2014-03-31", 
        "operating_revenue": 177862, 
        "short_term_average": 220659
    }, 
    {
        "accumulated_operating_revenue_yoy": -7.885197017865687, 
        "accumulated_operating_revenue": 822015, 
        "long_term_average": 217896, 
        "date": "2014-04-30", 
        "operating_revenue": 160036, 
        "short_term_average": 160559
    }, 
    {
        "accumulated_operating_revenue_yoy": -6.887390554824662, 
        "accumulated_operating_revenue": 985191, 
        "long_term_average": 217687, 
        "date": "2014-05-31", 
        "operating_revenue": 163176, 
        "short_term_average": 167024
    }, 
    {
        "accumulated_operating_revenue_yoy": -6.174051910102489, 
        "accumulated_operating_revenue": 1132163, 
        "long_term_average": 217551, 
        "date": "2014-06-30", 
        "operating_revenue": 146972, 
        "short_term_average": 156728
    }, 
    {
        "accumulated_operating_revenue_yoy": -4.903045524809963, 
        "accumulated_operating_revenue": 1311581, 
        "long_term_average": 218124, 
        "date": "2014-07-31", 
        "operating_revenue": 179418, 
        "short_term_average": 163188
    }, 
    {
        "accumulated_operating_revenue_yoy": -0.7042434655568873, 
        "accumulated_operating_revenue": 1544192, 
        "long_term_average": 222847, 
        "date": "2014-08-31", 
        "operating_revenue": 232611, 
        "short_term_average": 186333
    }, 
    {
        "accumulated_operating_revenue_yoy": -5.732437854376802, 
        "accumulated_operating_revenue": 1753667, 
        "long_term_average": 214873, 
        "date": "2014-09-30", 
        "operating_revenue": 209475, 
        "short_term_average": 207168
    }, 
    {
        "accumulated_operating_revenue_yoy": -7.758942978868996, 
        "accumulated_operating_revenue": 1919553, 
        "long_term_average": 210304, 
        "date": "2014-10-31", 
        "operating_revenue": 165886, 
        "short_term_average": 202657
    }, 
    {
        "accumulated_operating_revenue_yoy": -9.182140273423732, 
        "accumulated_operating_revenue": 2105237, 
        "long_term_average": 206022, 
        "date": "2014-11-30", 
        "operating_revenue": 185684, 
        "short_term_average": 187015
    }, 
    {
        "accumulated_operating_revenue_yoy": -11.675683647540389, 
        "accumulated_operating_revenue": 2371613, 
        "long_term_average": 197634, 
        "date": "2014-12-31", 
        "operating_revenue": 266376, 
        "short_term_average": 205982
    }, 
    {
        "accumulated_operating_revenue_yoy": 10.723194950886915, 
        "accumulated_operating_revenue": 376832, 
        "long_term_average": 200675, 
        "date": "2015-01-31", 
        "operating_revenue": 376832, 
        "short_term_average": 276297
    }, 
    {
        "accumulated_operating_revenue_yoy": 14.773494836991885, 
        "accumulated_operating_revenue": 555638, 
        "long_term_average": 203594, 
        "date": "2015-02-28", 
        "operating_revenue": 178806, 
        "short_term_average": 274004
    }, 
    {
        "accumulated_operating_revenue_yoy": 6.643866346213399, 
        "accumulated_operating_revenue": 705960, 
        "long_term_average": 201299, 
        "date": "2015-03-31", 
        "operating_revenue": 150322, 
        "short_term_average": 235320
    }, 
    {
        "accumulated_operating_revenue_yoy": 2.628662493993419, 
        "accumulated_operating_revenue": 843623, 
        "long_term_average": 199435, 
        "date": "2015-04-30", 
        "operating_revenue": 137663, 
        "short_term_average": 155597
    }, 
    {
        "accumulated_operating_revenue_yoy": 0.9410357991496066, 
        "accumulated_operating_revenue": 994462, 
        "long_term_average": 198407, 
        "date": "2015-05-31", 
        "operating_revenue": 150839, 
        "short_term_average": 146274
    }, 
    {
        "accumulated_operating_revenue_yoy": -1.1833101770681431, 
        "accumulated_operating_revenue": 1118766, 
        "long_term_average": 196518, 
        "date": "2015-06-30", 
        "operating_revenue": 124304, 
        "short_term_average": 137602
    }, 
    {
        "accumulated_operating_revenue_yoy": -2.0495112387263923, 
        "accumulated_operating_revenue": 1284700, 
        "long_term_average": 195394, 
        "date": "2015-07-31", 
        "operating_revenue": 165934, 
        "short_term_average": 147025
    }, 
    {
        "accumulated_operating_revenue_yoy": -7.091669947778515, 
        "accumulated_operating_revenue": 1434683, 
        "long_term_average": 188508, 
        "date": "2015-08-31", 
        "operating_revenue": 149983, 
        "short_term_average": 146740
    }, 
    {
        "accumulated_operating_revenue_yoy": -3.2852873436062837, 
        "accumulated_operating_revenue": 1696054, 
        "long_term_average": 192833, 
        "date": "2015-09-30", 
        "operating_revenue": 261371, 
        "short_term_average": 192429
    }, 
    {
        "accumulated_operating_revenue_yoy": -2.318716909613853, 
        "accumulated_operating_revenue": 1875044, 
        "long_term_average": 193925, 
        "date": "2015-10-31", 
        "operating_revenue": 178990, 
        "short_term_average": 196781
    }
]