[
    {
        "date": "2011-09-30", 
        "operating_revenue": 93275, 
        "accumulated_operating_revenue": 93275, 
        "long_term_average": 93275, 
        "short_term_average": 93275
    }, 
    {
        "date": "2011-10-31", 
        "operating_revenue": 63262, 
        "accumulated_operating_revenue": 156537, 
        "long_term_average": 78268, 
        "short_term_average": 78268
    }, 
    {
        "date": "2011-11-30", 
        "operating_revenue": 64778, 
        "accumulated_operating_revenue": 221315, 
        "long_term_average": 73771, 
        "short_term_average": 73771
    }, 
    {
        "date": "2011-12-31", 
        "operating_revenue": 102116, 
        "accumulated_operating_revenue": 323431, 
        "long_term_average": 80857, 
        "short_term_average": 76718
    }, 
    {
        "date": "2012-01-31", 
        "operating_revenue": 63352, 
        "accumulated_operating_revenue": 63352, 
        "long_term_average": 77356, 
        "short_term_average": 76748
    }, 
    {
        "date": "2012-02-29", 
        "operating_revenue": 80932, 
        "accumulated_operating_revenue": 144284, 
        "long_term_average": 77952, 
        "short_term_average": 82133
    }, 
    {
        "date": "2012-03-31", 
        "operating_revenue": 98857, 
        "accumulated_operating_revenue": 243141, 
        "long_term_average": 80938, 
        "short_term_average": 81047
    }, 
    {
        "date": "2012-04-30", 
        "operating_revenue": 118812, 
        "accumulated_operating_revenue": 361953, 
        "long_term_average": 85673, 
        "short_term_average": 99533
    }, 
    {
        "date": "2012-05-31", 
        "operating_revenue": 141607, 
        "accumulated_operating_revenue": 503560, 
        "long_term_average": 91887, 
        "short_term_average": 119758
    }, 
    {
        "date": "2012-06-30", 
        "operating_revenue": 112152, 
        "accumulated_operating_revenue": 615712, 
        "long_term_average": 93914, 
        "short_term_average": 124190
    }, 
    {
        "date": "2012-07-31", 
        "operating_revenue": 138015, 
        "accumulated_operating_revenue": 753727, 
        "long_term_average": 97923, 
        "short_term_average": 130591
    }, 
    {
        "date": "2012-08-31", 
        "operating_revenue": 130429, 
        "accumulated_operating_revenue": 884156, 
        "long_term_average": 100632, 
        "short_term_average": 126865
    }, 
    {
        "accumulated_operating_revenue_yoy": 996.9027070490486, 
        "accumulated_operating_revenue": 1023136, 
        "long_term_average": 104441, 
        "date": "2012-09-30", 
        "operating_revenue": 138980, 
        "short_term_average": 135808
    }, 
    {
        "accumulated_operating_revenue_yoy": 605.9136178667025, 
        "accumulated_operating_revenue": 1105016, 
        "long_term_average": 105992, 
        "date": "2012-10-31", 
        "operating_revenue": 81880, 
        "short_term_average": 117096
    }, 
    {
        "accumulated_operating_revenue_yoy": 437.5424169170639, 
        "accumulated_operating_revenue": 1189662, 
        "long_term_average": 107648, 
        "date": "2012-11-30", 
        "operating_revenue": 84646, 
        "short_term_average": 101835
    }, 
    {
        "accumulated_operating_revenue_yoy": 302.05453404280973, 
        "accumulated_operating_revenue": 1300369, 
        "long_term_average": 108364, 
        "date": "2012-12-31", 
        "operating_revenue": 110707, 
        "short_term_average": 92411
    }, 
    {
        "accumulated_operating_revenue_yoy": 138.7738350801869, 
        "accumulated_operating_revenue": 151268, 
        "long_term_average": 115690, 
        "date": "2013-01-31", 
        "operating_revenue": 151268, 
        "short_term_average": 115540
    }, 
    {
        "accumulated_operating_revenue_yoy": 48.961769842810014, 
        "accumulated_operating_revenue": 214928, 
        "long_term_average": 114251, 
        "date": "2013-02-28", 
        "operating_revenue": 63660, 
        "short_term_average": 108545
    }, 
    {
        "accumulated_operating_revenue_yoy": 40.628277419275236, 
        "accumulated_operating_revenue": 341925, 
        "long_term_average": 116596, 
        "date": "2013-03-31", 
        "operating_revenue": 126997, 
        "short_term_average": 113975
    }, 
    {
        "accumulated_operating_revenue_yoy": 32.907587449199205, 
        "accumulated_operating_revenue": 481063, 
        "long_term_average": 118289, 
        "date": "2013-04-30", 
        "operating_revenue": 139138, 
        "short_term_average": 109931
    }, 
    {
        "accumulated_operating_revenue_yoy": 30.344348240527445, 
        "accumulated_operating_revenue": 656362, 
        "long_term_average": 121097, 
        "date": "2013-05-31", 
        "operating_revenue": 175299, 
        "short_term_average": 147144
    }, 
    {
        "accumulated_operating_revenue_yoy": 31.512622784678552, 
        "accumulated_operating_revenue": 809739, 
        "long_term_average": 124533, 
        "date": "2013-06-30", 
        "operating_revenue": 153377, 
        "short_term_average": 155938
    }, 
    {
        "accumulated_operating_revenue_yoy": 33.41315887582639, 
        "accumulated_operating_revenue": 1005571, 
        "long_term_average": 129351, 
        "date": "2013-07-31", 
        "operating_revenue": 195832, 
        "short_term_average": 174836
    }, 
    {
        "accumulated_operating_revenue_yoy": 34.406032419618256, 
        "accumulated_operating_revenue": 1188359, 
        "long_term_average": 133714, 
        "date": "2013-08-31", 
        "operating_revenue": 182788, 
        "short_term_average": 177332
    }, 
    {
        "accumulated_operating_revenue_yoy": 33.89353907984862, 
        "accumulated_operating_revenue": 1369913, 
        "long_term_average": 137262, 
        "date": "2013-09-30", 
        "operating_revenue": 181554, 
        "short_term_average": 186724
    }, 
    {
        "accumulated_operating_revenue_yoy": 34.33461596936153, 
        "accumulated_operating_revenue": 1484419, 
        "long_term_average": 139981, 
        "date": "2013-10-31", 
        "operating_revenue": 114506, 
        "short_term_average": 159616
    }, 
    {
        "accumulated_operating_revenue_yoy": 34.399434461216714, 
        "accumulated_operating_revenue": 1598899, 
        "long_term_average": 142467, 
        "date": "2013-11-30", 
        "operating_revenue": 114480, 
        "short_term_average": 136846
    }, 
    {
        "accumulated_operating_revenue_yoy": 33.297702421389616, 
        "accumulated_operating_revenue": 1733362, 
        "long_term_average": 144446, 
        "date": "2013-12-31", 
        "operating_revenue": 134463, 
        "short_term_average": 121149
    }, 
    {
        "accumulated_operating_revenue_yoy": 2.1068567046566358, 
        "accumulated_operating_revenue": 154455, 
        "long_term_average": 144712, 
        "date": "2014-01-31", 
        "operating_revenue": 154455, 
        "short_term_average": 134466
    }, 
    {
        "accumulated_operating_revenue_yoy": 23.27011836521998, 
        "accumulated_operating_revenue": 264942, 
        "long_term_average": 148614, 
        "date": "2014-02-28", 
        "operating_revenue": 110487, 
        "short_term_average": 133135
    }, 
    {
        "accumulated_operating_revenue_yoy": 26.211888572055276, 
        "accumulated_operating_revenue": 431550, 
        "long_term_average": 151915, 
        "date": "2014-03-31", 
        "operating_revenue": 166608, 
        "short_term_average": 143850
    }, 
    {
        "accumulated_operating_revenue_yoy": 33.505174997869304, 
        "accumulated_operating_revenue": 642244, 
        "long_term_average": 157878, 
        "date": "2014-04-30", 
        "operating_revenue": 210694, 
        "short_term_average": 162596
    }, 
    {
        "accumulated_operating_revenue_yoy": 28.94545997483096, 
        "accumulated_operating_revenue": 846349, 
        "long_term_average": 160279, 
        "date": "2014-05-31", 
        "operating_revenue": 204105, 
        "short_term_average": 193802
    }, 
    {
        "accumulated_operating_revenue_yoy": 28.044098160024404, 
        "accumulated_operating_revenue": 1036823, 
        "long_term_average": 163370, 
        "date": "2014-06-30", 
        "operating_revenue": 190474, 
        "short_term_average": 201757
    }, 
    {
        "accumulated_operating_revenue_yoy": 24.916191894953215, 
        "accumulated_operating_revenue": 1256121, 
        "long_term_average": 165326, 
        "date": "2014-07-31", 
        "operating_revenue": 219298, 
        "short_term_average": 204625
    }, 
    {
        "accumulated_operating_revenue_yoy": 23.212345764200887, 
        "accumulated_operating_revenue": 1464205, 
        "long_term_average": 167434, 
        "date": "2014-08-31", 
        "operating_revenue": 208084, 
        "short_term_average": 205952
    }, 
    {
        "accumulated_operating_revenue_yoy": 20.976660561656104, 
        "accumulated_operating_revenue": 1657275, 
        "long_term_average": 168393, 
        "date": "2014-09-30", 
        "operating_revenue": 193070, 
        "short_term_average": 206817
    }, 
    {
        "accumulated_operating_revenue_yoy": 20.766239181794358, 
        "accumulated_operating_revenue": 1792677, 
        "long_term_average": 170135, 
        "date": "2014-10-31", 
        "operating_revenue": 135402, 
        "short_term_average": 178852
    }, 
    {
        "accumulated_operating_revenue_yoy": 19.28164318071373, 
        "accumulated_operating_revenue": 1907193, 
        "long_term_average": 170138, 
        "date": "2014-11-30", 
        "operating_revenue": 114516, 
        "short_term_average": 147662
    }, 
    {
        "accumulated_operating_revenue_yoy": 18.59386556299261, 
        "accumulated_operating_revenue": 2055661, 
        "long_term_average": 171305, 
        "date": "2014-12-31", 
        "operating_revenue": 148468, 
        "short_term_average": 132795
    }, 
    {
        "accumulated_operating_revenue_yoy": 35.75863520119128, 
        "accumulated_operating_revenue": 209686, 
        "long_term_average": 175907, 
        "date": "2015-01-31", 
        "operating_revenue": 209686, 
        "short_term_average": 157556
    }, 
    {
        "accumulated_operating_revenue_yoy": 12.016214869669588, 
        "accumulated_operating_revenue": 296778, 
        "long_term_average": 173958, 
        "date": "2015-02-28", 
        "operating_revenue": 87092, 
        "short_term_average": 148415
    }, 
    {
        "accumulated_operating_revenue_yoy": 17.444096860155252, 
        "accumulated_operating_revenue": 506830, 
        "long_term_average": 177578, 
        "date": "2015-03-31", 
        "operating_revenue": 210052, 
        "short_term_average": 168943
    }, 
    {
        "accumulated_operating_revenue_yoy": 15.196872216789881, 
        "accumulated_operating_revenue": 739845, 
        "long_term_average": 179438, 
        "date": "2015-04-30", 
        "operating_revenue": 233015, 
        "short_term_average": 176719
    }, 
    {
        "accumulated_operating_revenue_yoy": 15.719874425325722, 
        "accumulated_operating_revenue": 979394, 
        "long_term_average": 182392, 
        "date": "2015-05-31", 
        "operating_revenue": 239549, 
        "short_term_average": 227538
    }, 
    {
        "accumulated_operating_revenue_yoy": 16.366438630315876, 
        "accumulated_operating_revenue": 1206514, 
        "long_term_average": 185446, 
        "date": "2015-06-30", 
        "operating_revenue": 227120, 
        "short_term_average": 233228
    }, 
    {
        "accumulated_operating_revenue_yoy": 14.477347325615925, 
        "accumulated_operating_revenue": 1437974, 
        "long_term_average": 186459, 
        "date": "2015-07-31", 
        "operating_revenue": 231460, 
        "short_term_average": 232709
    }, 
    {
        "accumulated_operating_revenue_yoy": 15.347577695746157, 
        "accumulated_operating_revenue": 1688925, 
        "long_term_average": 190031, 
        "date": "2015-08-31", 
        "operating_revenue": 250951, 
        "short_term_average": 236510
    }, 
    {
        "accumulated_operating_revenue_yoy": 18.231434131330047, 
        "accumulated_operating_revenue": 1959420, 
        "long_term_average": 196483, 
        "date": "2015-09-30", 
        "operating_revenue": 270495, 
        "short_term_average": 250968
    }, 
    {
        "accumulated_operating_revenue_yoy": 17.48770135389699, 
        "accumulated_operating_revenue": 2106175, 
        "long_term_average": 197429, 
        "date": "2015-10-31", 
        "operating_revenue": 146755, 
        "short_term_average": 222733
    }
]