[
    {
        "date": "2011-09-30", 
        "operating_revenue": 106544, 
        "accumulated_operating_revenue": 106544, 
        "long_term_average": 106544, 
        "short_term_average": 106544
    }, 
    {
        "date": "2011-10-31", 
        "operating_revenue": 109317, 
        "accumulated_operating_revenue": 215861, 
        "long_term_average": 107930, 
        "short_term_average": 107930
    }, 
    {
        "date": "2011-11-30", 
        "operating_revenue": 106337, 
        "accumulated_operating_revenue": 322198, 
        "long_term_average": 107399, 
        "short_term_average": 107399
    }, 
    {
        "date": "2011-12-31", 
        "operating_revenue": 112633, 
        "accumulated_operating_revenue": 434831, 
        "long_term_average": 108707, 
        "short_term_average": 109429
    }, 
    {
        "date": "2012-01-31", 
        "operating_revenue": 124308, 
        "accumulated_operating_revenue": 124308, 
        "long_term_average": 111827, 
        "short_term_average": 114426
    }, 
    {
        "date": "2012-02-29", 
        "operating_revenue": 106444, 
        "accumulated_operating_revenue": 230752, 
        "long_term_average": 110930, 
        "short_term_average": 114461
    }, 
    {
        "date": "2012-03-31", 
        "operating_revenue": 114476, 
        "accumulated_operating_revenue": 345228, 
        "long_term_average": 111437, 
        "short_term_average": 115076
    }, 
    {
        "date": "2012-04-30", 
        "operating_revenue": 108163, 
        "accumulated_operating_revenue": 453391, 
        "long_term_average": 111027, 
        "short_term_average": 109694
    }, 
    {
        "date": "2012-05-31", 
        "operating_revenue": 112192, 
        "accumulated_operating_revenue": 565583, 
        "long_term_average": 111157, 
        "short_term_average": 111610
    }, 
    {
        "date": "2012-06-30", 
        "operating_revenue": 104462, 
        "accumulated_operating_revenue": 670045, 
        "long_term_average": 110487, 
        "short_term_average": 108272
    }, 
    {
        "date": "2012-07-31", 
        "operating_revenue": 110895, 
        "accumulated_operating_revenue": 780940, 
        "long_term_average": 110524, 
        "short_term_average": 109183
    }, 
    {
        "date": "2012-08-31", 
        "operating_revenue": 118231, 
        "accumulated_operating_revenue": 899171, 
        "long_term_average": 111166, 
        "short_term_average": 111196
    }, 
    {
        "accumulated_operating_revenue_yoy": 848.2917855533865, 
        "accumulated_operating_revenue": 1010348, 
        "long_term_average": 111552, 
        "date": "2012-09-30", 
        "operating_revenue": 111177, 
        "short_term_average": 113434
    }, 
    {
        "accumulated_operating_revenue_yoy": 420.1662180755208, 
        "accumulated_operating_revenue": 1122836, 
        "long_term_average": 111817, 
        "date": "2012-10-31", 
        "operating_revenue": 112488, 
        "short_term_average": 113965
    }, 
    {
        "accumulated_operating_revenue_yoy": 282.1116208045984, 
        "accumulated_operating_revenue": 1231156, 
        "long_term_average": 111982, 
        "date": "2012-11-30", 
        "operating_revenue": 108320, 
        "short_term_average": 110661
    }, 
    {
        "accumulated_operating_revenue_yoy": 208.95290354183578, 
        "accumulated_operating_revenue": 1343423, 
        "long_term_average": 111951, 
        "date": "2012-12-31", 
        "operating_revenue": 112267, 
        "short_term_average": 111025
    }, 
    {
        "accumulated_operating_revenue_yoy": -11.49081314155163, 
        "accumulated_operating_revenue": 110024, 
        "long_term_average": 110761, 
        "date": "2013-01-31", 
        "operating_revenue": 110024, 
        "short_term_average": 110203
    }, 
    {
        "accumulated_operating_revenue_yoy": -5.49811052558591, 
        "accumulated_operating_revenue": 218065, 
        "long_term_average": 110894, 
        "date": "2013-02-28", 
        "operating_revenue": 108041, 
        "short_term_average": 110110
    }, 
    {
        "accumulated_operating_revenue_yoy": -5.895813781037459, 
        "accumulated_operating_revenue": 324874, 
        "long_term_average": 110255, 
        "date": "2013-03-31", 
        "operating_revenue": 106809, 
        "short_term_average": 108291
    }, 
    {
        "accumulated_operating_revenue_yoy": -6.619672644582711, 
        "accumulated_operating_revenue": 423378, 
        "long_term_average": 109450, 
        "date": "2013-04-30", 
        "operating_revenue": 98504, 
        "short_term_average": 104451
    }, 
    {
        "accumulated_operating_revenue_yoy": -6.949996729038886, 
        "accumulated_operating_revenue": 526275, 
        "long_term_average": 108676, 
        "date": "2013-05-31", 
        "operating_revenue": 102897, 
        "short_term_average": 102736
    }, 
    {
        "accumulated_operating_revenue_yoy": -6.616869016260102, 
        "accumulated_operating_revenue": 625709, 
        "long_term_average": 108257, 
        "date": "2013-06-30", 
        "operating_revenue": 99434, 
        "short_term_average": 100278
    }, 
    {
        "accumulated_operating_revenue_yoy": -6.3321125822726465, 
        "accumulated_operating_revenue": 731490, 
        "long_term_average": 107831, 
        "date": "2013-07-31", 
        "operating_revenue": 105781, 
        "short_term_average": 102704
    }, 
    {
        "accumulated_operating_revenue_yoy": -5.909888108046189, 
        "accumulated_operating_revenue": 846031, 
        "long_term_average": 107523, 
        "date": "2013-08-31", 
        "operating_revenue": 114541, 
        "short_term_average": 106585
    }, 
    {
        "accumulated_operating_revenue_yoy": -6.457181090079854, 
        "accumulated_operating_revenue": 945108, 
        "long_term_average": 106515, 
        "date": "2013-09-30", 
        "operating_revenue": 99077, 
        "short_term_average": 106466
    }, 
    {
        "accumulated_operating_revenue_yoy": -6.485096665942311, 
        "accumulated_operating_revenue": 1050019, 
        "long_term_average": 105883, 
        "date": "2013-10-31", 
        "operating_revenue": 104911, 
        "short_term_average": 106176
    }, 
    {
        "accumulated_operating_revenue_yoy": -6.278814382580274, 
        "accumulated_operating_revenue": 1153854, 
        "long_term_average": 105510, 
        "date": "2013-11-30", 
        "operating_revenue": 103835, 
        "short_term_average": 102607
    }, 
    {
        "accumulated_operating_revenue_yoy": -6.291093721039465, 
        "accumulated_operating_revenue": 1258907, 
        "long_term_average": 104908, 
        "date": "2013-12-31", 
        "operating_revenue": 105053, 
        "short_term_average": 104599
    }, 
    {
        "accumulated_operating_revenue_yoy": 13.248927506725805, 
        "accumulated_operating_revenue": 124601, 
        "long_term_average": 106123, 
        "date": "2014-01-31", 
        "operating_revenue": 124601, 
        "short_term_average": 111163
    }, 
    {
        "accumulated_operating_revenue_yoy": 0.8653383165569899, 
        "accumulated_operating_revenue": 219952, 
        "long_term_average": 105066, 
        "date": "2014-02-28", 
        "operating_revenue": 95351, 
        "short_term_average": 108335
    }, 
    {
        "accumulated_operating_revenue_yoy": 1.3851523975448943, 
        "accumulated_operating_revenue": 329374, 
        "long_term_average": 105283, 
        "date": "2014-03-31", 
        "operating_revenue": 109422, 
        "short_term_average": 109791
    }, 
    {
        "accumulated_operating_revenue_yoy": 2.721917529961406, 
        "accumulated_operating_revenue": 434902, 
        "long_term_average": 105869, 
        "date": "2014-04-30", 
        "operating_revenue": 105528, 
        "short_term_average": 103433
    }, 
    {
        "accumulated_operating_revenue_yoy": 3.470999002422688, 
        "accumulated_operating_revenue": 544542, 
        "long_term_average": 106431, 
        "date": "2014-05-31", 
        "operating_revenue": 109640, 
        "short_term_average": 108196
    }, 
    {
        "accumulated_operating_revenue_yoy": 3.033838413703495, 
        "accumulated_operating_revenue": 644692, 
        "long_term_average": 106490, 
        "date": "2014-06-30", 
        "operating_revenue": 100150, 
        "short_term_average": 105106
    }, 
    {
        "accumulated_operating_revenue_yoy": 3.481250598094301, 
        "accumulated_operating_revenue": 756955, 
        "long_term_average": 107031, 
        "date": "2014-07-31", 
        "operating_revenue": 112263, 
        "short_term_average": 107351
    }, 
    {
        "accumulated_operating_revenue_yoy": 2.9390176010098923, 
        "accumulated_operating_revenue": 870896, 
        "long_term_average": 106981, 
        "date": "2014-08-31", 
        "operating_revenue": 113941, 
        "short_term_average": 108784
    }, 
    {
        "accumulated_operating_revenue_yoy": 3.2156113375402597, 
        "accumulated_operating_revenue": 975499, 
        "long_term_average": 107441, 
        "date": "2014-09-30", 
        "operating_revenue": 104603, 
        "short_term_average": 110269
    }, 
    {
        "accumulated_operating_revenue_yoy": 3.6177440598693926, 
        "accumulated_operating_revenue": 1088006, 
        "long_term_average": 108074, 
        "date": "2014-10-31", 
        "operating_revenue": 112507, 
        "short_term_average": 110350
    }, 
    {
        "accumulated_operating_revenue_yoy": 3.7005548362271137, 
        "accumulated_operating_revenue": 1196553, 
        "long_term_average": 108467, 
        "date": "2014-11-30", 
        "operating_revenue": 108547, 
        "short_term_average": 108552
    }, 
    {
        "accumulated_operating_revenue_yoy": 3.992113793949831, 
        "accumulated_operating_revenue": 1309164, 
        "long_term_average": 109097, 
        "date": "2014-12-31", 
        "operating_revenue": 112611, 
        "short_term_average": 111221
    }, 
    {
        "accumulated_operating_revenue_yoy": -9.682907841831124, 
        "accumulated_operating_revenue": 112536, 
        "long_term_average": 108091, 
        "date": "2015-01-31", 
        "operating_revenue": 112536, 
        "short_term_average": 111231
    }, 
    {
        "accumulated_operating_revenue_yoy": 0.9579362770058922, 
        "accumulated_operating_revenue": 222059, 
        "long_term_average": 109272, 
        "date": "2015-02-28", 
        "operating_revenue": 109523, 
        "short_term_average": 111556
    }, 
    {
        "accumulated_operating_revenue_yoy": -1.4967787378481605, 
        "accumulated_operating_revenue": 324444, 
        "long_term_average": 108686, 
        "date": "2015-03-31", 
        "operating_revenue": 102385, 
        "short_term_average": 108148
    }, 
    {
        "accumulated_operating_revenue_yoy": -2.071731102639215, 
        "accumulated_operating_revenue": 425892, 
        "long_term_average": 108346, 
        "date": "2015-04-30", 
        "operating_revenue": 101448, 
        "short_term_average": 104452
    }, 
    {
        "accumulated_operating_revenue_yoy": 6.5107925559460975, 
        "accumulated_operating_revenue": 579996, 
        "long_term_average": 112051, 
        "date": "2015-05-31", 
        "operating_revenue": 154104, 
        "short_term_average": 119312
    }, 
    {
        "accumulated_operating_revenue_yoy": 16.24760350679084, 
        "accumulated_operating_revenue": 749439, 
        "long_term_average": 117825, 
        "date": "2015-06-30", 
        "operating_revenue": 169443, 
        "short_term_average": 141665
    }, 
    {
        "accumulated_operating_revenue_yoy": 23.260695814150115, 
        "accumulated_operating_revenue": 933028, 
        "long_term_average": 123769, 
        "date": "2015-07-31", 
        "operating_revenue": 183589, 
        "short_term_average": 169045
    }, 
    {
        "accumulated_operating_revenue_yoy": 28.211175616835995, 
        "accumulated_operating_revenue": 1116586, 
        "long_term_average": 129571, 
        "date": "2015-08-31", 
        "operating_revenue": 183558, 
        "short_term_average": 178863
    }, 
    {
        "accumulated_operating_revenue_yoy": 33.06348853253566, 
        "accumulated_operating_revenue": 1298033, 
        "long_term_average": 135974, 
        "date": "2015-09-30", 
        "operating_revenue": 181447, 
        "short_term_average": 182864
    }
]