[
    {
        "date": "2012-01-31", 
        "operating_revenue": 372225, 
        "accumulated_operating_revenue": 372225, 
        "long_term_average": 372225, 
        "short_term_average": 372225
    }, 
    {
        "date": "2012-02-29", 
        "operating_revenue": 321987, 
        "accumulated_operating_revenue": 694212, 
        "long_term_average": 347106, 
        "short_term_average": 347106
    }, 
    {
        "date": "2012-03-31", 
        "operating_revenue": 348276, 
        "accumulated_operating_revenue": 1042488, 
        "long_term_average": 347496, 
        "short_term_average": 347496
    }, 
    {
        "date": "2012-04-30", 
        "operating_revenue": 324232, 
        "accumulated_operating_revenue": 1366720, 
        "long_term_average": 341680, 
        "short_term_average": 331498
    }, 
    {
        "date": "2012-05-31", 
        "operating_revenue": 357920, 
        "accumulated_operating_revenue": 1724640, 
        "long_term_average": 344928, 
        "short_term_average": 343476
    }, 
    {
        "date": "2012-06-30", 
        "operating_revenue": 386268, 
        "accumulated_operating_revenue": 2110908, 
        "long_term_average": 351818, 
        "short_term_average": 356140
    }, 
    {
        "date": "2012-07-31", 
        "operating_revenue": 393894, 
        "accumulated_operating_revenue": 2504802, 
        "long_term_average": 357828, 
        "short_term_average": 379360
    }, 
    {
        "date": "2012-08-31", 
        "operating_revenue": 378197, 
        "accumulated_operating_revenue": 2882999, 
        "long_term_average": 360374, 
        "short_term_average": 386119
    }, 
    {
        "date": "2012-09-30", 
        "operating_revenue": 400707, 
        "accumulated_operating_revenue": 3283706, 
        "long_term_average": 364856, 
        "short_term_average": 390932
    }, 
    {
        "date": "2012-10-31", 
        "operating_revenue": 348448, 
        "accumulated_operating_revenue": 3632154, 
        "long_term_average": 363215, 
        "short_term_average": 375784
    }, 
    {
        "date": "2012-11-30", 
        "operating_revenue": 330610, 
        "accumulated_operating_revenue": 3962764, 
        "long_term_average": 360251, 
        "short_term_average": 359921
    }, 
    {
        "date": "2012-12-31", 
        "operating_revenue": 331053, 
        "accumulated_operating_revenue": 4293817, 
        "long_term_average": 357818, 
        "short_term_average": 336703
    }, 
    {
        "accumulated_operating_revenue_yoy": -9.565451004096984, 
        "accumulated_operating_revenue": 336620, 
        "long_term_average": 354851, 
        "date": "2013-01-31", 
        "operating_revenue": 336620, 
        "short_term_average": 332761
    }, 
    {
        "accumulated_operating_revenue_yoy": -1.5660922023819812, 
        "accumulated_operating_revenue": 683340, 
        "long_term_average": 356912, 
        "date": "2013-02-28", 
        "operating_revenue": 346720, 
        "short_term_average": 338131
    }, 
    {
        "accumulated_operating_revenue_yoy": -0.9047586159265143, 
        "accumulated_operating_revenue": 1033056, 
        "long_term_average": 357032, 
        "date": "2013-03-31", 
        "operating_revenue": 349716, 
        "short_term_average": 344352
    }, 
    {
        "accumulated_operating_revenue_yoy": -0.649218567080309, 
        "accumulated_operating_revenue": 1357847, 
        "long_term_average": 357078, 
        "date": "2013-04-30", 
        "operating_revenue": 324791, 
        "short_term_average": 340409
    }, 
    {
        "accumulated_operating_revenue_yoy": -0.024120975971797014, 
        "accumulated_operating_revenue": 1724224, 
        "long_term_average": 357783, 
        "date": "2013-05-31", 
        "operating_revenue": 366377, 
        "short_term_average": 346961
    }, 
    {
        "accumulated_operating_revenue_yoy": 1.1505475368893385, 
        "accumulated_operating_revenue": 2135195, 
        "long_term_average": 359842, 
        "date": "2013-06-30", 
        "operating_revenue": 410971, 
        "short_term_average": 367379
    }, 
    {
        "accumulated_operating_revenue_yoy": 0.951572220079671, 
        "accumulated_operating_revenue": 2528637, 
        "long_term_average": 359804, 
        "date": "2013-07-31", 
        "operating_revenue": 393442, 
        "short_term_average": 390263
    }, 
    {
        "accumulated_operating_revenue_yoy": 1.142456171507517, 
        "accumulated_operating_revenue": 2915936, 
        "long_term_average": 360562, 
        "date": "2013-08-31", 
        "operating_revenue": 387299, 
        "short_term_average": 397237
    }, 
    {
        "accumulated_operating_revenue_yoy": 0.24530210682685966, 
        "accumulated_operating_revenue": 3291761, 
        "long_term_average": 358489, 
        "date": "2013-09-30", 
        "operating_revenue": 375825, 
        "short_term_average": 385522
    }, 
    {
        "accumulated_operating_revenue_yoy": 0.18121478329388016, 
        "accumulated_operating_revenue": 3638736, 
        "long_term_average": 358366, 
        "date": "2013-10-31", 
        "operating_revenue": 346975, 
        "short_term_average": 370033
    }, 
    {
        "accumulated_operating_revenue_yoy": 0.25217247355633593, 
        "accumulated_operating_revenue": 3972757, 
        "long_term_average": 358650, 
        "date": "2013-11-30", 
        "operating_revenue": 334021, 
        "short_term_average": 352273
    }, 
    {
        "accumulated_operating_revenue_yoy": 0.23852902906667892, 
        "accumulated_operating_revenue": 4304059, 
        "long_term_average": 358671, 
        "date": "2013-12-31", 
        "operating_revenue": 331302, 
        "short_term_average": 337432
    }, 
    {
        "accumulated_operating_revenue_yoy": 3.6010932208424933, 
        "accumulated_operating_revenue": 348742, 
        "long_term_average": 359681, 
        "date": "2014-01-31", 
        "operating_revenue": 348742, 
        "short_term_average": 338021
    }, 
    {
        "accumulated_operating_revenue_yoy": -1.4099862440366435, 
        "accumulated_operating_revenue": 673705, 
        "long_term_average": 357868, 
        "date": "2014-02-28", 
        "operating_revenue": 324963, 
        "short_term_average": 335002
    }, 
    {
        "accumulated_operating_revenue_yoy": -1.8444305052194652, 
        "accumulated_operating_revenue": 1014002, 
        "long_term_average": 357083, 
        "date": "2014-03-31", 
        "operating_revenue": 340297, 
        "short_term_average": 338000
    }, 
    {
        "accumulated_operating_revenue_yoy": -0.7671703807571839, 
        "accumulated_operating_revenue": 1347430, 
        "long_term_average": 357803, 
        "date": "2014-04-30", 
        "operating_revenue": 333428, 
        "short_term_average": 332896
    }, 
    {
        "accumulated_operating_revenue_yoy": -0.4473316692030734, 
        "accumulated_operating_revenue": 1716511, 
        "long_term_average": 358028, 
        "date": "2014-05-31", 
        "operating_revenue": 369081, 
        "short_term_average": 347602
    }, 
    {
        "accumulated_operating_revenue_yoy": -1.8681666077337198, 
        "accumulated_operating_revenue": 2095306, 
        "long_term_average": 355347, 
        "date": "2014-06-30", 
        "operating_revenue": 378795, 
        "short_term_average": 360434
    }, 
    {
        "accumulated_operating_revenue_yoy": -1.0202334301048352, 
        "accumulated_operating_revenue": 2502839, 
        "long_term_average": 356521, 
        "date": "2014-07-31", 
        "operating_revenue": 407533, 
        "short_term_average": 385136
    }, 
    {
        "accumulated_operating_revenue_yoy": -0.21746019117017656, 
        "accumulated_operating_revenue": 2909595, 
        "long_term_average": 358143, 
        "date": "2014-08-31", 
        "operating_revenue": 406756, 
        "short_term_average": 397694
    }, 
    {
        "accumulated_operating_revenue_yoy": -0.48068495859814847, 
        "accumulated_operating_revenue": 3275938, 
        "long_term_average": 357353, 
        "date": "2014-09-30", 
        "operating_revenue": 366343, 
        "short_term_average": 393544
    }, 
    {
        "accumulated_operating_revenue_yoy": -1.0901862624823564, 
        "accumulated_operating_revenue": 3599067, 
        "long_term_average": 355365, 
        "date": "2014-10-31", 
        "operating_revenue": 323129, 
        "short_term_average": 365409
    }, 
    {
        "accumulated_operating_revenue_yoy": -1.2287184944863228, 
        "accumulated_operating_revenue": 3923943, 
        "long_term_average": 354603, 
        "date": "2014-11-30", 
        "operating_revenue": 324876, 
        "short_term_average": 338116
    }, 
    {
        "accumulated_operating_revenue_yoy": -1.1592313209461116, 
        "accumulated_operating_revenue": 4254165, 
        "long_term_average": 354513, 
        "date": "2014-12-31", 
        "operating_revenue": 330222, 
        "short_term_average": 326075
    }, 
    {
        "accumulated_operating_revenue_yoy": -2.13797018999719, 
        "accumulated_operating_revenue": 341286, 
        "long_term_average": 353892, 
        "date": "2015-01-31", 
        "operating_revenue": 341286, 
        "short_term_average": 332128
    }, 
    {
        "accumulated_operating_revenue_yoy": 4.050437506030087, 
        "accumulated_operating_revenue": 700993, 
        "long_term_average": 356787, 
        "date": "2015-02-28", 
        "operating_revenue": 359707, 
        "short_term_average": 343738
    }, 
    {
        "accumulated_operating_revenue_yoy": 3.8795781467886656, 
        "accumulated_operating_revenue": 1053341, 
        "long_term_average": 357792, 
        "date": "2015-03-31", 
        "operating_revenue": 352348, 
        "short_term_average": 351113
    }, 
    {
        "accumulated_operating_revenue_yoy": 3.8174153759378964, 
        "accumulated_operating_revenue": 1398867, 
        "long_term_average": 358800, 
        "date": "2015-04-30", 
        "operating_revenue": 345526, 
        "short_term_average": 352527
    }, 
    {
        "accumulated_operating_revenue_yoy": 2.899544482965737, 
        "accumulated_operating_revenue": 1766282, 
        "long_term_average": 358661, 
        "date": "2015-05-31", 
        "operating_revenue": 367415, 
        "short_term_average": 355096
    }, 
    {
        "accumulated_operating_revenue_yoy": 3.2523173226249527, 
        "accumulated_operating_revenue": 2163452, 
        "long_term_average": 360192, 
        "date": "2015-06-30", 
        "operating_revenue": 397170, 
        "short_term_average": 370037
    }, 
    {
        "accumulated_operating_revenue_yoy": 3.020489931633637, 
        "accumulated_operating_revenue": 2578437, 
        "long_term_average": 360813, 
        "date": "2015-07-31", 
        "operating_revenue": 414985, 
        "short_term_average": 393190
    }, 
    {
        "accumulated_operating_revenue_yoy": 2.169236611968332, 
        "accumulated_operating_revenue": 2972711, 
        "long_term_average": 359773, 
        "date": "2015-08-31", 
        "operating_revenue": 394274, 
        "short_term_average": 402143
    }, 
    {
        "accumulated_operating_revenue_yoy": 2.0509240406869726, 
        "accumulated_operating_revenue": 3343125, 
        "long_term_average": 360112, 
        "date": "2015-09-30", 
        "operating_revenue": 370414, 
        "short_term_average": 393224
    }
]