[
    {
        "date": "2012-12-31", 
        "operating_revenue": 401970, 
        "accumulated_operating_revenue": 401970, 
        "long_term_average": 401970, 
        "short_term_average": 401970
    }, 
    {
        "date": "2013-01-31", 
        "operating_revenue": 409430, 
        "accumulated_operating_revenue": 409430, 
        "long_term_average": 405700, 
        "short_term_average": 405700
    }, 
    {
        "date": "2013-02-28", 
        "operating_revenue": 362890, 
        "accumulated_operating_revenue": 772320, 
        "long_term_average": 391430, 
        "short_term_average": 391430
    }, 
    {
        "date": "2013-03-31", 
        "operating_revenue": 437565, 
        "accumulated_operating_revenue": 1209885, 
        "long_term_average": 402963, 
        "short_term_average": 403295
    }, 
    {
        "date": "2013-04-30", 
        "operating_revenue": 418778, 
        "accumulated_operating_revenue": 1628663, 
        "long_term_average": 406126, 
        "short_term_average": 406411
    }, 
    {
        "date": "2013-05-31", 
        "operating_revenue": 442766, 
        "accumulated_operating_revenue": 2071429, 
        "long_term_average": 412233, 
        "short_term_average": 433036
    }, 
    {
        "date": "2013-06-30", 
        "operating_revenue": 343847, 
        "accumulated_operating_revenue": 2415276, 
        "long_term_average": 402463, 
        "short_term_average": 401797
    }, 
    {
        "date": "2013-07-31", 
        "operating_revenue": 466014, 
        "accumulated_operating_revenue": 2881290, 
        "long_term_average": 410407, 
        "short_term_average": 417542
    }, 
    {
        "date": "2013-08-31", 
        "operating_revenue": 456818, 
        "accumulated_operating_revenue": 3338108, 
        "long_term_average": 415564, 
        "short_term_average": 422226
    }, 
    {
        "date": "2013-09-30", 
        "operating_revenue": 420604, 
        "accumulated_operating_revenue": 3758712, 
        "long_term_average": 416068, 
        "short_term_average": 447812
    }, 
    {
        "date": "2013-10-31", 
        "operating_revenue": 450135, 
        "accumulated_operating_revenue": 4208847, 
        "long_term_average": 419165, 
        "short_term_average": 442519
    }, 
    {
        "date": "2013-11-30", 
        "operating_revenue": 476818, 
        "accumulated_operating_revenue": 4685665, 
        "long_term_average": 423969, 
        "short_term_average": 449185
    }, 
    {
        "accumulated_operating_revenue_yoy": 1186.8699156653481, 
        "accumulated_operating_revenue": 5172831, 
        "long_term_average": 431069, 
        "date": "2013-12-31", 
        "operating_revenue": 487166, 
        "short_term_average": 471373
    }, 
    {
        "accumulated_operating_revenue_yoy": 22.05627335564077, 
        "accumulated_operating_revenue": 499735, 
        "long_term_average": 438594, 
        "date": "2014-01-31", 
        "operating_revenue": 499735, 
        "short_term_average": 487906
    }, 
    {
        "accumulated_operating_revenue_yoy": 29.003910296250258, 
        "accumulated_operating_revenue": 996323, 
        "long_term_average": 449736, 
        "date": "2014-02-28", 
        "operating_revenue": 496588, 
        "short_term_average": 494496
    }, 
    {
        "accumulated_operating_revenue_yoy": 26.372837087822397, 
        "accumulated_operating_revenue": 1528966, 
        "long_term_average": 457659, 
        "date": "2014-03-31", 
        "operating_revenue": 532643, 
        "short_term_average": 509655
    }, 
    {
        "accumulated_operating_revenue_yoy": 25.653680350078563, 
        "accumulated_operating_revenue": 2046475, 
        "long_term_average": 465886, 
        "date": "2014-04-30", 
        "operating_revenue": 517509, 
        "short_term_average": 515580
    }, 
    {
        "accumulated_operating_revenue_yoy": 23.938981254003878, 
        "accumulated_operating_revenue": 2567308, 
        "long_term_average": 472392, 
        "date": "2014-05-31", 
        "operating_revenue": 520833, 
        "short_term_average": 523661
    }, 
    {
        "accumulated_operating_revenue_yoy": 27.965209773127377, 
        "accumulated_operating_revenue": 3090713, 
        "long_term_average": 487355, 
        "date": "2014-06-30", 
        "operating_revenue": 523405, 
        "short_term_average": 520582
    }, 
    {
        "accumulated_operating_revenue_yoy": 25.576044063596516, 
        "accumulated_operating_revenue": 3618210, 
        "long_term_average": 492479, 
        "date": "2014-07-31", 
        "operating_revenue": 527497, 
        "short_term_average": 523911
    }, 
    {
        "accumulated_operating_revenue_yoy": 24.27626667561385, 
        "accumulated_operating_revenue": 4148476, 
        "long_term_average": 498599, 
        "date": "2014-08-31", 
        "operating_revenue": 530266, 
        "short_term_average": 527056
    }, 
    {
        "accumulated_operating_revenue_yoy": 24.562429896198484, 
        "accumulated_operating_revenue": 4681943, 
        "long_term_average": 508005, 
        "date": "2014-09-30", 
        "operating_revenue": 533467, 
        "short_term_average": 530410
    }, 
    {
        "accumulated_operating_revenue_yoy": 24.046371844830663, 
        "accumulated_operating_revenue": 5220922, 
        "long_term_average": 515408, 
        "date": "2014-10-31", 
        "operating_revenue": 538979, 
        "short_term_average": 534237
    }, 
    {
        "accumulated_operating_revenue_yoy": 22.52088017389207, 
        "accumulated_operating_revenue": 5740918, 
        "long_term_average": 519007, 
        "date": "2014-11-30", 
        "operating_revenue": 519996, 
        "short_term_average": 530814
    }, 
    {
        "accumulated_operating_revenue_yoy": 20.90296396692643, 
        "accumulated_operating_revenue": 6254106, 
        "long_term_average": 521175, 
        "date": "2014-12-31", 
        "operating_revenue": 513188, 
        "short_term_average": 524054
    }, 
    {
        "accumulated_operating_revenue_yoy": 0.4712497623740582, 
        "accumulated_operating_revenue": 502090, 
        "long_term_average": 521371, 
        "date": "2015-01-31", 
        "operating_revenue": 502090, 
        "short_term_average": 511758
    }, 
    {
        "accumulated_operating_revenue_yoy": -7.13714327582521, 
        "accumulated_operating_revenue": 925214, 
        "long_term_average": 515249, 
        "date": "2015-02-28", 
        "operating_revenue": 423124, 
        "short_term_average": 479467
    }, 
    {
        "accumulated_operating_revenue_yoy": -7.981668657118601, 
        "accumulated_operating_revenue": 1406929, 
        "long_term_average": 511005, 
        "date": "2015-03-31", 
        "operating_revenue": 481715, 
        "short_term_average": 468976
    }, 
    {
        "accumulated_operating_revenue_yoy": -6.85740114098633, 
        "accumulated_operating_revenue": 1906140, 
        "long_term_average": 509480, 
        "date": "2015-04-30", 
        "operating_revenue": 499211, 
        "short_term_average": 468016
    }, 
    {
        "accumulated_operating_revenue_yoy": -5.02292673882526, 
        "accumulated_operating_revenue": 2438354, 
        "long_term_average": 510429, 
        "date": "2015-05-31", 
        "operating_revenue": 532214, 
        "short_term_average": 504380
    }, 
    {
        "accumulated_operating_revenue_yoy": -3.547142681963676, 
        "accumulated_operating_revenue": 2981081, 
        "long_term_average": 512039, 
        "date": "2015-06-30", 
        "operating_revenue": 542727, 
        "short_term_average": 524717
    }, 
    {
        "accumulated_operating_revenue_yoy": -2.0880767009101184, 
        "accumulated_operating_revenue": 3542659, 
        "long_term_average": 514879, 
        "date": "2015-07-31", 
        "operating_revenue": 561578, 
        "short_term_average": 545506
    }, 
    {
        "accumulated_operating_revenue_yoy": -1.4101322991864964, 
        "accumulated_operating_revenue": 4089977, 
        "long_term_average": 516300, 
        "date": "2015-08-31", 
        "operating_revenue": 547318, 
        "short_term_average": 550541
    }
]