[
    {
        "date": "2012-11-30", 
        "operating_revenue": 166137, 
        "accumulated_operating_revenue": 166137, 
        "long_term_average": 166137, 
        "short_term_average": 166137
    }, 
    {
        "date": "2012-12-31", 
        "operating_revenue": 185480, 
        "accumulated_operating_revenue": 351617, 
        "long_term_average": 175808, 
        "short_term_average": 175808
    }, 
    {
        "date": "2013-01-31", 
        "operating_revenue": 185617, 
        "accumulated_operating_revenue": 185617, 
        "long_term_average": 179078, 
        "short_term_average": 179078
    }, 
    {
        "date": "2013-02-28", 
        "operating_revenue": 129753, 
        "accumulated_operating_revenue": 315370, 
        "long_term_average": 166746, 
        "short_term_average": 166950
    }, 
    {
        "date": "2013-03-31", 
        "operating_revenue": 176830, 
        "accumulated_operating_revenue": 492200, 
        "long_term_average": 168763, 
        "short_term_average": 164066
    }, 
    {
        "date": "2013-04-30", 
        "operating_revenue": 178594, 
        "accumulated_operating_revenue": 670794, 
        "long_term_average": 170401, 
        "short_term_average": 161725
    }, 
    {
        "date": "2013-05-31", 
        "operating_revenue": 166764, 
        "accumulated_operating_revenue": 837558, 
        "long_term_average": 169882, 
        "short_term_average": 174062
    }, 
    {
        "date": "2013-06-30", 
        "operating_revenue": 141005, 
        "accumulated_operating_revenue": 978563, 
        "long_term_average": 166272, 
        "short_term_average": 162121
    }, 
    {
        "date": "2013-07-31", 
        "operating_revenue": 168801, 
        "accumulated_operating_revenue": 1147364, 
        "long_term_average": 166553, 
        "short_term_average": 158856
    }, 
    {
        "date": "2013-08-31", 
        "operating_revenue": 181370, 
        "accumulated_operating_revenue": 1328734, 
        "long_term_average": 168035, 
        "short_term_average": 163725
    }, 
    {
        "date": "2013-09-30", 
        "operating_revenue": 160588, 
        "accumulated_operating_revenue": 1489322, 
        "long_term_average": 167358, 
        "short_term_average": 170253
    }, 
    {
        "date": "2013-10-31", 
        "operating_revenue": 162338, 
        "accumulated_operating_revenue": 1651660, 
        "long_term_average": 166939, 
        "short_term_average": 168098
    }, 
    {
        "accumulated_operating_revenue_yoy": 1003.471231573942, 
        "accumulated_operating_revenue": 1833274, 
        "long_term_average": 168229, 
        "date": "2013-11-30", 
        "operating_revenue": 181614, 
        "short_term_average": 168180
    }, 
    {
        "accumulated_operating_revenue_yoy": 477.7448189365133, 
        "accumulated_operating_revenue": 2031449, 
        "long_term_average": 169287, 
        "date": "2013-12-31", 
        "operating_revenue": 198175, 
        "short_term_average": 180709
    }, 
    {
        "accumulated_operating_revenue_yoy": 78.36027950026129, 
        "accumulated_operating_revenue": 331067, 
        "long_term_average": 181408, 
        "date": "2014-01-31", 
        "operating_revenue": 331067, 
        "short_term_average": 236952
    }, 
    {
        "accumulated_operating_revenue_yoy": 65.61530900212449, 
        "accumulated_operating_revenue": 522301, 
        "long_term_average": 186531, 
        "date": "2014-02-28", 
        "operating_revenue": 191234, 
        "short_term_average": 240158
    }, 
    {
        "accumulated_operating_revenue_yoy": 62.3476229175132, 
        "accumulated_operating_revenue": 799075, 
        "long_term_average": 194860, 
        "date": "2014-03-31", 
        "operating_revenue": 276774, 
        "short_term_average": 266358
    }, 
    {
        "accumulated_operating_revenue_yoy": 62.71195031559614, 
        "accumulated_operating_revenue": 1091462, 
        "long_term_average": 204343, 
        "date": "2014-04-30", 
        "operating_revenue": 292387, 
        "short_term_average": 253465
    }, 
    {
        "accumulated_operating_revenue_yoy": 64.7839313814685, 
        "accumulated_operating_revenue": 1380161, 
        "long_term_average": 214504, 
        "date": "2014-05-31", 
        "operating_revenue": 288699, 
        "short_term_average": 285953
    }, 
    {
        "accumulated_operating_revenue_yoy": 66.74521722157898, 
        "accumulated_operating_revenue": 1631707, 
        "long_term_average": 223716, 
        "date": "2014-06-30", 
        "operating_revenue": 251546, 
        "short_term_average": 277544
    }, 
    {
        "accumulated_operating_revenue_yoy": 67.08045572285691, 
        "accumulated_operating_revenue": 1917021, 
        "long_term_average": 233425, 
        "date": "2014-07-31", 
        "operating_revenue": 285314, 
        "short_term_average": 275186
    }, 
    {
        "accumulated_operating_revenue_yoy": 66.56719855140307, 
        "accumulated_operating_revenue": 2213235, 
        "long_term_average": 242995, 
        "date": "2014-08-31", 
        "operating_revenue": 296214, 
        "short_term_average": 277691
    }, 
    {
        "accumulated_operating_revenue_yoy": 67.97106334291712, 
        "accumulated_operating_revenue": 2501630, 
        "long_term_average": 253646, 
        "date": "2014-09-30", 
        "operating_revenue": 288395, 
        "short_term_average": 289974
    }, 
    {
        "accumulated_operating_revenue_yoy": 69.55281353305159, 
        "accumulated_operating_revenue": 2800436, 
        "long_term_average": 265018, 
        "date": "2014-10-31", 
        "operating_revenue": 298806, 
        "short_term_average": 294471
    }, 
    {
        "accumulated_operating_revenue_yoy": 69.2241312537024, 
        "accumulated_operating_revenue": 3102342, 
        "long_term_average": 275043, 
        "date": "2014-11-30", 
        "operating_revenue": 301906, 
        "short_term_average": 296369
    }, 
    {
        "accumulated_operating_revenue_yoy": 71.47966796114498, 
        "accumulated_operating_revenue": 3483522, 
        "long_term_average": 290293, 
        "date": "2014-12-31", 
        "operating_revenue": 381180, 
        "short_term_average": 327297
    }, 
    {
        "accumulated_operating_revenue_yoy": 21.664496914521834, 
        "accumulated_operating_revenue": 402791, 
        "long_term_average": 296270, 
        "date": "2015-01-31", 
        "operating_revenue": 402791, 
        "short_term_average": 361959
    }, 
    {
        "accumulated_operating_revenue_yoy": 21.353778759757304, 
        "accumulated_operating_revenue": 633832, 
        "long_term_average": 299587, 
        "date": "2015-02-28", 
        "operating_revenue": 231041, 
        "short_term_average": 338337
    }, 
    {
        "accumulated_operating_revenue_yoy": 17.41989174983575, 
        "accumulated_operating_revenue": 938273, 
        "long_term_average": 301893, 
        "date": "2015-03-31", 
        "operating_revenue": 304441, 
        "short_term_average": 312757
    }, 
    {
        "accumulated_operating_revenue_yoy": 16.25168810274659, 
        "accumulated_operating_revenue": 1268843, 
        "long_term_average": 305075, 
        "date": "2015-04-30", 
        "operating_revenue": 330570, 
        "short_term_average": 288684
    }, 
    {
        "accumulated_operating_revenue_yoy": 13.515597093382583, 
        "accumulated_operating_revenue": 1566698, 
        "long_term_average": 305838, 
        "date": "2015-05-31", 
        "operating_revenue": 297855, 
        "short_term_average": 310955
    }, 
    {
        "accumulated_operating_revenue_yoy": 13.526938353515675, 
        "accumulated_operating_revenue": 1852427, 
        "long_term_average": 308686, 
        "date": "2015-06-30", 
        "operating_revenue": 285729, 
        "short_term_average": 304718
    }, 
    {
        "accumulated_operating_revenue_yoy": 13.125208331051146, 
        "accumulated_operating_revenue": 2168634, 
        "long_term_average": 311261, 
        "date": "2015-07-31", 
        "operating_revenue": 316207, 
        "short_term_average": 299930
    }, 
    {
        "accumulated_operating_revenue_yoy": 12.770898707096173, 
        "accumulated_operating_revenue": 2495885, 
        "long_term_average": 313847, 
        "date": "2015-08-31", 
        "operating_revenue": 327251, 
        "short_term_average": 309729
    }, 
    {
        "accumulated_operating_revenue_yoy": 13.471416636353098, 
        "accumulated_operating_revenue": 2838635, 
        "long_term_average": 318377, 
        "date": "2015-09-30", 
        "operating_revenue": 342750, 
        "short_term_average": 328736
    }
]