[
    {
        "date": "2012-01-31", 
        "operating_revenue": 14589809, 
        "accumulated_operating_revenue": 14589809, 
        "long_term_average": 14589809, 
        "short_term_average": 14589809
    }, 
    {
        "date": "2012-02-29", 
        "operating_revenue": 18256709, 
        "accumulated_operating_revenue": 32846518, 
        "long_term_average": 16423259, 
        "short_term_average": 16423259
    }, 
    {
        "date": "2012-03-31", 
        "operating_revenue": 20374505, 
        "accumulated_operating_revenue": 53221023, 
        "long_term_average": 17740341, 
        "short_term_average": 17740341
    }, 
    {
        "date": "2012-04-30", 
        "operating_revenue": 16842603, 
        "accumulated_operating_revenue": 70063626, 
        "long_term_average": 17515906, 
        "short_term_average": 18491272
    }, 
    {
        "date": "2012-05-31", 
        "operating_revenue": 15564027, 
        "accumulated_operating_revenue": 85627653, 
        "long_term_average": 17125530, 
        "short_term_average": 17593711
    }, 
    {
        "date": "2012-06-30", 
        "operating_revenue": 14059363, 
        "accumulated_operating_revenue": 99687016, 
        "long_term_average": 16614502, 
        "short_term_average": 15488664
    }, 
    {
        "date": "2012-07-31", 
        "operating_revenue": 16093340, 
        "accumulated_operating_revenue": 115780356, 
        "long_term_average": 16540050, 
        "short_term_average": 15238910
    }, 
    {
        "date": "2012-08-31", 
        "operating_revenue": 16600868, 
        "accumulated_operating_revenue": 132381224, 
        "long_term_average": 16547653, 
        "short_term_average": 15584523
    }, 
    {
        "date": "2012-09-30", 
        "operating_revenue": 15378307, 
        "accumulated_operating_revenue": 147759531, 
        "long_term_average": 16417725, 
        "short_term_average": 16024171
    }, 
    {
        "date": "2012-10-31", 
        "operating_revenue": 16398754, 
        "accumulated_operating_revenue": 164158285, 
        "long_term_average": 16415828, 
        "short_term_average": 16125976
    }, 
    {
        "date": "2012-11-30", 
        "operating_revenue": 17255770, 
        "accumulated_operating_revenue": 181414055, 
        "long_term_average": 16492186, 
        "short_term_average": 16344277
    }, 
    {
        "date": "2012-12-31", 
        "operating_revenue": 15464899, 
        "accumulated_operating_revenue": 196878954, 
        "long_term_average": 16406579, 
        "short_term_average": 16373141
    }, 
    {
        "accumulated_operating_revenue_yoy": 22.572440804399836, 
        "accumulated_operating_revenue": 17883085, 
        "long_term_average": 16681019, 
        "date": "2013-01-31", 
        "operating_revenue": 17883085, 
        "short_term_average": 16867918
    }, 
    {
        "accumulated_operating_revenue_yoy": -0.46614986708789047, 
        "accumulated_operating_revenue": 32693404, 
        "long_term_average": 16393820, 
        "date": "2013-02-28", 
        "operating_revenue": 14810319, 
        "short_term_average": 16052767
    }, 
    {
        "accumulated_operating_revenue_yoy": -5.968472270816741, 
        "accumulated_operating_revenue": 50044541, 
        "long_term_average": 16141872, 
        "date": "2013-03-31", 
        "operating_revenue": 17351137, 
        "short_term_average": 16681513
    }, 
    {
        "accumulated_operating_revenue_yoy": -2.961844995004969, 
        "accumulated_operating_revenue": 67988450, 
        "long_term_average": 16233648, 
        "date": "2013-04-30", 
        "operating_revenue": 17943909, 
        "short_term_average": 16701788
    }, 
    {
        "accumulated_operating_revenue_yoy": 2.7309729019432543, 
        "accumulated_operating_revenue": 87966121, 
        "long_term_average": 16601451, 
        "date": "2013-05-31", 
        "operating_revenue": 19977671, 
        "short_term_average": 18424239
    }, 
    {
        "accumulated_operating_revenue_yoy": 6.668175321849337, 
        "accumulated_operating_revenue": 106334321, 
        "long_term_average": 16960521, 
        "date": "2013-06-30", 
        "operating_revenue": 18368200, 
        "short_term_average": 18763260
    }, 
    {
        "accumulated_operating_revenue_yoy": 7.526946971902556, 
        "accumulated_operating_revenue": 124495082, 
        "long_term_average": 17132806, 
        "date": "2013-07-31", 
        "operating_revenue": 18160761, 
        "short_term_average": 18835544
    }, 
    {
        "accumulated_operating_revenue_yoy": 8.100523379357785, 
        "accumulated_operating_revenue": 143104796, 
        "long_term_average": 17300210, 
        "date": "2013-08-31", 
        "operating_revenue": 18609714, 
        "short_term_average": 18379558
    }, 
    {
        "accumulated_operating_revenue_yoy": 7.931452489518256, 
        "accumulated_operating_revenue": 159479008, 
        "long_term_average": 17383202, 
        "date": "2013-09-30", 
        "operating_revenue": 16374212, 
        "short_term_average": 17714895
    }, 
    {
        "accumulated_operating_revenue_yoy": 7.844150540437238, 
        "accumulated_operating_revenue": 177035108, 
        "long_term_average": 17479648, 
        "date": "2013-10-31", 
        "operating_revenue": 17556100, 
        "short_term_average": 17513342
    }, 
    {
        "accumulated_operating_revenue_yoy": 7.787916983609677, 
        "accumulated_operating_revenue": 195542431, 
        "long_term_average": 17583944, 
        "date": "2013-11-30", 
        "operating_revenue": 18507323, 
        "short_term_average": 17479211
    }, 
    {
        "accumulated_operating_revenue_yoy": 9.419906812385847, 
        "accumulated_operating_revenue": 215424768, 
        "long_term_average": 17952064, 
        "date": "2013-12-31", 
        "operating_revenue": 19882337, 
        "short_term_average": 18648586
    }, 
    {
        "accumulated_operating_revenue_yoy": 0.4802974430865815, 
        "accumulated_operating_revenue": 17968977, 
        "long_term_average": 17959221, 
        "date": "2014-01-31", 
        "operating_revenue": 17968977, 
        "short_term_average": 18786212
    }, 
    {
        "accumulated_operating_revenue_yoy": 2.6152798283103222, 
        "accumulated_operating_revenue": 33548428, 
        "long_term_average": 18023316, 
        "date": "2014-02-28", 
        "operating_revenue": 15579451, 
        "short_term_average": 17810255
    }, 
    {
        "accumulated_operating_revenue_yoy": 3.8871972069840743, 
        "accumulated_operating_revenue": 51989871, 
        "long_term_average": 18114174, 
        "date": "2014-03-31", 
        "operating_revenue": 18441443, 
        "short_term_average": 17329957
    }, 
    {
        "accumulated_operating_revenue_yoy": 5.483791732272173, 
        "accumulated_operating_revenue": 71716795, 
        "long_term_average": 18262759, 
        "date": "2014-04-30", 
        "operating_revenue": 19726924, 
        "short_term_average": 17915939
    }, 
    {
        "accumulated_operating_revenue_yoy": 3.844402778656115, 
        "accumulated_operating_revenue": 91347893, 
        "long_term_average": 18233878, 
        "date": "2014-05-31", 
        "operating_revenue": 19631098, 
        "short_term_average": 19266488
    }, 
    {
        "accumulated_operating_revenue_yoy": 4.405472246350263, 
        "accumulated_operating_revenue": 111018850, 
        "long_term_average": 18342441, 
        "date": "2014-06-30", 
        "operating_revenue": 19670957, 
        "short_term_average": 19676326
    }, 
    {
        "accumulated_operating_revenue_yoy": 5.198446312923429, 
        "accumulated_operating_revenue": 130966892, 
        "long_term_average": 18491381, 
        "date": "2014-07-31", 
        "operating_revenue": 19948042, 
        "short_term_average": 19750032
    }, 
    {
        "accumulated_operating_revenue_yoy": 4.263625098910032, 
        "accumulated_operating_revenue": 149206248, 
        "long_term_average": 18460518, 
        "date": "2014-08-31", 
        "operating_revenue": 18239356, 
        "short_term_average": 19286118
    }, 
    {
        "accumulated_operating_revenue_yoy": 4.314498871224481, 
        "accumulated_operating_revenue": 166359728, 
        "long_term_average": 18525457, 
        "date": "2014-09-30", 
        "operating_revenue": 17153480, 
        "short_term_average": 18446959
    }, 
    {
        "accumulated_operating_revenue_yoy": 3.594889777455893, 
        "accumulated_operating_revenue": 183399325, 
        "long_term_average": 18482415, 
        "date": "2014-10-31", 
        "operating_revenue": 17039597, 
        "short_term_average": 17477477
    }, 
    {
        "accumulated_operating_revenue_yoy": 2.2722132364202836, 
        "accumulated_operating_revenue": 199985572, 
        "long_term_average": 18322325, 
        "date": "2014-11-30", 
        "operating_revenue": 16586247, 
        "short_term_average": 16926441
    }, 
    {
        "accumulated_operating_revenue_yoy": 0.5404536399454309, 
        "accumulated_operating_revenue": 216589039, 
        "long_term_average": 18049086, 
        "date": "2014-12-31", 
        "operating_revenue": 16603467, 
        "short_term_average": 16743103
    }, 
    {
        "accumulated_operating_revenue_yoy": -5.5196798348620515, 
        "accumulated_operating_revenue": 16977147, 
        "long_term_average": 17966434, 
        "date": "2015-01-31", 
        "operating_revenue": 16977147, 
        "short_term_average": 16722287
    }, 
    {
        "accumulated_operating_revenue_yoy": -11.953543695102494, 
        "accumulated_operating_revenue": 29538202, 
        "long_term_average": 17714901, 
        "date": "2015-02-28", 
        "operating_revenue": 12561055, 
        "short_term_average": 15380556
    }, 
    {
        "accumulated_operating_revenue_yoy": -8.25691604428101, 
        "accumulated_operating_revenue": 47697111, 
        "long_term_average": 17691356, 
        "date": "2015-03-31", 
        "operating_revenue": 18158909, 
        "short_term_average": 15899037
    }, 
    {
        "accumulated_operating_revenue_yoy": -8.356741262628928, 
        "accumulated_operating_revenue": 65723608, 
        "long_term_average": 17549654, 
        "date": "2015-04-30", 
        "operating_revenue": 18026497, 
        "short_term_average": 16248820
    }, 
    {
        "accumulated_operating_revenue_yoy": -9.656035525636044, 
        "accumulated_operating_revenue": 82527308, 
        "long_term_average": 17314037, 
        "date": "2015-05-31", 
        "operating_revenue": 16803700, 
        "short_term_average": 17663035
    }, 
    {
        "accumulated_operating_revenue_yoy": -11.09214696423175, 
        "accumulated_operating_revenue": 98704476, 
        "long_term_average": 17022888, 
        "date": "2015-06-30", 
        "operating_revenue": 16177168, 
        "short_term_average": 17002455
    }, 
    {
        "accumulated_operating_revenue_yoy": -12.50360129184405, 
        "accumulated_operating_revenue": 114591314, 
        "long_term_average": 16684455, 
        "date": "2015-07-31", 
        "operating_revenue": 15886838, 
        "short_term_average": 16289235
    }, 
    {
        "accumulated_operating_revenue_yoy": -13.086450642469075, 
        "accumulated_operating_revenue": 129680446, 
        "long_term_average": 16421936, 
        "date": "2015-08-31", 
        "operating_revenue": 15089132, 
        "short_term_average": 15717712
    }
]