[
    {
        "date": "2012-01-31", 
        "operating_revenue": 23861149, 
        "accumulated_operating_revenue": 23861149, 
        "long_term_average": 23861149, 
        "short_term_average": 23861149
    }, 
    {
        "date": "2012-02-29", 
        "operating_revenue": 26690985, 
        "accumulated_operating_revenue": 50552134, 
        "long_term_average": 25276067, 
        "short_term_average": 25276067
    }, 
    {
        "date": "2012-03-31", 
        "operating_revenue": 28703599, 
        "accumulated_operating_revenue": 79255733, 
        "long_term_average": 26418577, 
        "short_term_average": 26418577
    }, 
    {
        "date": "2012-04-30", 
        "operating_revenue": 24863035, 
        "accumulated_operating_revenue": 104118768, 
        "long_term_average": 26029692, 
        "short_term_average": 26752539
    }, 
    {
        "date": "2012-05-31", 
        "operating_revenue": 24346135, 
        "accumulated_operating_revenue": 128464903, 
        "long_term_average": 25692980, 
        "short_term_average": 25970923
    }, 
    {
        "date": "2012-06-30", 
        "operating_revenue": 24989272, 
        "accumulated_operating_revenue": 153454175, 
        "long_term_average": 25575695, 
        "short_term_average": 24732814
    }, 
    {
        "date": "2012-07-31", 
        "operating_revenue": 24593564, 
        "accumulated_operating_revenue": 178047739, 
        "long_term_average": 25435391, 
        "short_term_average": 24642990
    }, 
    {
        "date": "2012-08-31", 
        "operating_revenue": 25052915, 
        "accumulated_operating_revenue": 203100654, 
        "long_term_average": 25387581, 
        "short_term_average": 24878583
    }, 
    {
        "date": "2012-09-30", 
        "operating_revenue": 25405973, 
        "accumulated_operating_revenue": 228506627, 
        "long_term_average": 25389625, 
        "short_term_average": 25017484
    }, 
    {
        "date": "2012-10-31", 
        "operating_revenue": 24709755, 
        "accumulated_operating_revenue": 253216382, 
        "long_term_average": 25321638, 
        "short_term_average": 25056214
    }, 
    {
        "date": "2012-11-30", 
        "operating_revenue": 22317782, 
        "accumulated_operating_revenue": 275534164, 
        "long_term_average": 25048560, 
        "short_term_average": 24144503
    }, 
    {
        "date": "2012-12-31", 
        "operating_revenue": 25176333, 
        "accumulated_operating_revenue": 300710497, 
        "long_term_average": 25059208, 
        "short_term_average": 24067956
    }, 
    {
        "accumulated_operating_revenue_yoy": 16.85296462462893, 
        "accumulated_operating_revenue": 27882460, 
        "long_term_average": 25394317, 
        "date": "2013-01-31", 
        "operating_revenue": 27882460, 
        "short_term_average": 25125525
    }, 
    {
        "accumulated_operating_revenue_yoy": -0.5260490091278838, 
        "accumulated_operating_revenue": 50286205, 
        "long_term_average": 25037047, 
        "date": "2013-02-28", 
        "operating_revenue": 22403745, 
        "short_term_average": 25154179
    }, 
    {
        "accumulated_operating_revenue_yoy": -6.296860569064449, 
        "accumulated_operating_revenue": 74265110, 
        "long_term_average": 24643322, 
        "date": "2013-03-31", 
        "operating_revenue": 23978905, 
        "short_term_average": 24755036
    }, 
    {
        "accumulated_operating_revenue_yoy": -4.608475582423334, 
        "accumulated_operating_revenue": 99320480, 
        "long_term_average": 24659350, 
        "date": "2013-04-30", 
        "operating_revenue": 25055370, 
        "short_term_average": 23812673
    }, 
    {
        "accumulated_operating_revenue_yoy": -2.5881294597638083, 
        "accumulated_operating_revenue": 125140065, 
        "long_term_average": 24782138, 
        "date": "2013-05-31", 
        "operating_revenue": 25819585, 
        "short_term_average": 24951286
    }, 
    {
        "accumulated_operating_revenue_yoy": -3.3589591159706145, 
        "accumulated_operating_revenue": 148299712, 
        "long_term_average": 24629669, 
        "date": "2013-06-30", 
        "operating_revenue": 23159647, 
        "short_term_average": 24678200
    }, 
    {
        "accumulated_operating_revenue_yoy": -1.6993712006643342, 
        "accumulated_operating_revenue": 175022047, 
        "long_term_average": 24807067, 
        "date": "2013-07-31", 
        "operating_revenue": 26722335, 
        "short_term_average": 25233855
    }, 
    {
        "accumulated_operating_revenue_yoy": 0.6791386304447843, 
        "accumulated_operating_revenue": 204479989, 
        "long_term_average": 25174152, 
        "date": "2013-08-31", 
        "operating_revenue": 29457942, 
        "short_term_average": 26446641
    }, 
    {
        "accumulated_operating_revenue_yoy": 0.8911680272625091, 
        "accumulated_operating_revenue": 230543005, 
        "long_term_average": 25228906, 
        "date": "2013-09-30", 
        "operating_revenue": 26063016, 
        "short_term_average": 27414431
    }, 
    {
        "accumulated_operating_revenue_yoy": 1.5215595332216698, 
        "accumulated_operating_revenue": 257069220, 
        "long_term_average": 25380277, 
        "date": "2013-10-31", 
        "operating_revenue": 26526215, 
        "short_term_average": 27349057
    }, 
    {
        "accumulated_operating_revenue_yoy": 2.880498695617288, 
        "accumulated_operating_revenue": 283470922, 
        "long_term_average": 25720604, 
        "date": "2013-11-30", 
        "operating_revenue": 26401702, 
        "short_term_average": 26330311
    }, 
    {
        "accumulated_operating_revenue_yoy": 3.423489403497611, 
        "accumulated_operating_revenue": 311005289, 
        "long_term_average": 25917107, 
        "date": "2013-12-31", 
        "operating_revenue": 27534367, 
        "short_term_average": 26820761
    }, 
    {
        "accumulated_operating_revenue_yoy": -3.459777221952439, 
        "accumulated_operating_revenue": 26917789, 
        "long_term_average": 25836718, 
        "date": "2014-01-31", 
        "operating_revenue": 26917789, 
        "short_term_average": 26951286
    }, 
    {
        "accumulated_operating_revenue_yoy": 1.4157123211027756, 
        "accumulated_operating_revenue": 50998113, 
        "long_term_average": 25976433, 
        "date": "2014-02-28", 
        "operating_revenue": 24080324, 
        "short_term_average": 26177493
    }, 
    {
        "accumulated_operating_revenue_yoy": 4.320802864225206, 
        "accumulated_operating_revenue": 77473959, 
        "long_term_average": 26184511, 
        "date": "2014-03-31", 
        "operating_revenue": 26475846, 
        "short_term_average": 25824653
    }, 
    {
        "accumulated_operating_revenue_yoy": 5.768577638770977, 
        "accumulated_operating_revenue": 105049859, 
        "long_term_average": 26394555, 
        "date": "2014-04-30", 
        "operating_revenue": 27575900, 
        "short_term_average": 26044023
    }, 
    {
        "accumulated_operating_revenue_yoy": 6.319008224903831, 
        "accumulated_operating_revenue": 133047676, 
        "long_term_average": 26576075, 
        "date": "2014-05-31", 
        "operating_revenue": 27997817, 
        "short_term_average": 27349854
    }, 
    {
        "accumulated_operating_revenue_yoy": 8.354209750589401, 
        "accumulated_operating_revenue": 160688981, 
        "long_term_average": 26949546, 
        "date": "2014-06-30", 
        "operating_revenue": 27641305, 
        "short_term_average": 27738340
    }, 
    {
        "accumulated_operating_revenue_yoy": 8.73756835903079, 
        "accumulated_operating_revenue": 190314718, 
        "long_term_average": 27191496, 
        "date": "2014-07-31", 
        "operating_revenue": 29625737, 
        "short_term_average": 28421619
    }, 
    {
        "accumulated_operating_revenue_yoy": 6.851550153399118, 
        "accumulated_operating_revenue": 218490038, 
        "long_term_average": 27084611, 
        "date": "2014-08-31", 
        "operating_revenue": 28175320, 
        "short_term_average": 28480787
    }, 
    {
        "accumulated_operating_revenue_yoy": 6.520884899544013, 
        "accumulated_operating_revenue": 245576449, 
        "long_term_average": 27169894, 
        "date": "2014-09-30", 
        "operating_revenue": 27086411, 
        "short_term_average": 28295822
    }, 
    {
        "accumulated_operating_revenue_yoy": 5.72482695516795, 
        "accumulated_operating_revenue": 271785988, 
        "long_term_average": 27143504, 
        "date": "2014-10-31", 
        "operating_revenue": 26209539, 
        "short_term_average": 27157090
    }, 
    {
        "accumulated_operating_revenue_yoy": 5.021572900517818, 
        "accumulated_operating_revenue": 297705621, 
        "long_term_average": 27103332, 
        "date": "2014-11-30", 
        "operating_revenue": 25919633, 
        "short_term_average": 26405194
    }, 
    {
        "accumulated_operating_revenue_yoy": 4.657146843570239, 
        "accumulated_operating_revenue": 325489262, 
        "long_term_average": 27124105, 
        "date": "2014-12-31", 
        "operating_revenue": 27783641, 
        "short_term_average": 26637604
    }, 
    {
        "accumulated_operating_revenue_yoy": 1.5657601001330383, 
        "accumulated_operating_revenue": 27339257, 
        "long_term_average": 27159227, 
        "date": "2015-01-31", 
        "operating_revenue": 27339257, 
        "short_term_average": 27014177
    }, 
    {
        "accumulated_operating_revenue_yoy": -0.6742308288936102, 
        "accumulated_operating_revenue": 50654268, 
        "long_term_average": 27095451, 
        "date": "2015-02-28", 
        "operating_revenue": 23315011, 
        "short_term_average": 26145969
    }, 
    {
        "accumulated_operating_revenue_yoy": 2.648390538555026, 
        "accumulated_operating_revenue": 79525772, 
        "long_term_average": 27295089, 
        "date": "2015-03-31", 
        "operating_revenue": 28871504, 
        "short_term_average": 26508590
    }, 
    {
        "accumulated_operating_revenue_yoy": 3.0518917688409273, 
        "accumulated_operating_revenue": 108255867, 
        "long_term_average": 27391272, 
        "date": "2015-04-30", 
        "operating_revenue": 28730095, 
        "short_term_average": 26972203
    }, 
    {
        "accumulated_operating_revenue_yoy": 1.7394524050160787, 
        "accumulated_operating_revenue": 135361977, 
        "long_term_average": 27316963, 
        "date": "2015-05-31", 
        "operating_revenue": 27106110, 
        "short_term_average": 28235903
    }, 
    {
        "accumulated_operating_revenue_yoy": 0.5355812169846295, 
        "accumulated_operating_revenue": 161549601, 
        "long_term_average": 27195823, 
        "date": "2015-06-30", 
        "operating_revenue": 26187624, 
        "short_term_average": 27341276
    }, 
    {
        "accumulated_operating_revenue_yoy": -2.266717490551624, 
        "accumulated_operating_revenue": 186000821, 
        "long_term_average": 26764613, 
        "date": "2015-07-31", 
        "operating_revenue": 24451220, 
        "short_term_average": 25914984
    }, 
    {
        "accumulated_operating_revenue_yoy": -4.314637448138482, 
        "accumulated_operating_revenue": 209062985, 
        "long_term_average": 26338517, 
        "date": "2015-08-31", 
        "operating_revenue": 23062164, 
        "short_term_average": 24567002
    }, 
    {
        "accumulated_operating_revenue_yoy": -5.1805692491302375, 
        "accumulated_operating_revenue": 232854191, 
        "long_term_average": 26063917, 
        "date": "2015-09-30", 
        "operating_revenue": 23791206, 
        "short_term_average": 23768196
    }, 
    {
        "accumulated_operating_revenue_yoy": -5.7956155561632565, 
        "accumulated_operating_revenue": 256034317, 
        "long_term_average": 25811465, 
        "date": "2015-10-31", 
        "operating_revenue": 23180126, 
        "short_term_average": 23344498
    }
]