[
    {
        "date": "2012-01-31", 
        "operating_revenue": 4091511, 
        "accumulated_operating_revenue": 4091511, 
        "long_term_average": 4091511, 
        "short_term_average": 4091511
    }, 
    {
        "date": "2012-02-29", 
        "operating_revenue": 4582339, 
        "accumulated_operating_revenue": 8673850, 
        "long_term_average": 4336925, 
        "short_term_average": 4336925
    }, 
    {
        "date": "2012-03-31", 
        "operating_revenue": 4850028, 
        "accumulated_operating_revenue": 13523878, 
        "long_term_average": 4507959, 
        "short_term_average": 4507959
    }, 
    {
        "date": "2012-04-30", 
        "operating_revenue": 4951458, 
        "accumulated_operating_revenue": 18475336, 
        "long_term_average": 4618834, 
        "short_term_average": 4794608
    }, 
    {
        "date": "2012-05-31", 
        "operating_revenue": 4442835, 
        "accumulated_operating_revenue": 22918171, 
        "long_term_average": 4583634, 
        "short_term_average": 4748107
    }, 
    {
        "date": "2012-06-30", 
        "operating_revenue": 4647869, 
        "accumulated_operating_revenue": 27566040, 
        "long_term_average": 4594340, 
        "short_term_average": 4680720
    }, 
    {
        "date": "2012-07-31", 
        "operating_revenue": 5038229, 
        "accumulated_operating_revenue": 32604269, 
        "long_term_average": 4657752, 
        "short_term_average": 4709644
    }, 
    {
        "date": "2012-08-31", 
        "operating_revenue": 4779950, 
        "accumulated_operating_revenue": 37384219, 
        "long_term_average": 4673027, 
        "short_term_average": 4822016
    }, 
    {
        "date": "2012-09-30", 
        "operating_revenue": 4632944, 
        "accumulated_operating_revenue": 42017163, 
        "long_term_average": 4668573, 
        "short_term_average": 4817041
    }, 
    {
        "date": "2012-10-31", 
        "operating_revenue": 4307211, 
        "accumulated_operating_revenue": 46324374, 
        "long_term_average": 4632437, 
        "short_term_average": 4573368
    }, 
    {
        "date": "2012-11-30", 
        "operating_revenue": 4618697, 
        "accumulated_operating_revenue": 50943071, 
        "long_term_average": 4631188, 
        "short_term_average": 4519617
    }, 
    {
        "date": "2012-12-31", 
        "operating_revenue": 4354458, 
        "accumulated_operating_revenue": 55297529, 
        "long_term_average": 4608127, 
        "short_term_average": 4426788
    }, 
    {
        "accumulated_operating_revenue_yoy": 13.690370134651966, 
        "accumulated_operating_revenue": 4651654, 
        "long_term_average": 4654806, 
        "date": "2013-01-31", 
        "operating_revenue": 4651654, 
        "short_term_average": 4541603
    }, 
    {
        "accumulated_operating_revenue_yoy": -4.553456654196234, 
        "accumulated_operating_revenue": 8278890, 
        "long_term_average": 4575214, 
        "date": "2013-02-28", 
        "operating_revenue": 3627236, 
        "short_term_average": 4211116
    }, 
    {
        "accumulated_operating_revenue_yoy": -6.13988088327919, 
        "accumulated_operating_revenue": 12693528, 
        "long_term_average": 4538931, 
        "date": "2013-03-31", 
        "operating_revenue": 4414638, 
        "short_term_average": 4231176
    }, 
    {
        "accumulated_operating_revenue_yoy": -3.7773819106726934, 
        "accumulated_operating_revenue": 17777452, 
        "long_term_average": 4549970, 
        "date": "2013-04-30", 
        "operating_revenue": 5083924, 
        "short_term_average": 4375266
    }, 
    {
        "accumulated_operating_revenue_yoy": 0.8463371706232579, 
        "accumulated_operating_revenue": 23112136, 
        "long_term_average": 4624291, 
        "date": "2013-05-31", 
        "operating_revenue": 5334684, 
        "short_term_average": 4944415
    }, 
    {
        "accumulated_operating_revenue_yoy": 1.9793702686348855, 
        "accumulated_operating_revenue": 28111674, 
        "long_term_average": 4653596, 
        "date": "2013-06-30", 
        "operating_revenue": 4999538, 
        "short_term_average": 5139382
    }, 
    {
        "accumulated_operating_revenue_yoy": 1.9181629252292085, 
        "accumulated_operating_revenue": 33229672, 
        "long_term_average": 4660244, 
        "date": "2013-07-31", 
        "operating_revenue": 5117998, 
        "short_term_average": 5150740
    }, 
    {
        "accumulated_operating_revenue_yoy": 2.724636296400896, 
        "accumulated_operating_revenue": 38402803, 
        "long_term_average": 4693009, 
        "date": "2013-08-31", 
        "operating_revenue": 5173131, 
        "short_term_average": 5096889
    }, 
    {
        "accumulated_operating_revenue_yoy": 3.765285152641077, 
        "accumulated_operating_revenue": 43599229, 
        "long_term_average": 4739966, 
        "date": "2013-09-30", 
        "operating_revenue": 5196426, 
        "short_term_average": 5162518
    }, 
    {
        "accumulated_operating_revenue_yoy": 5.13117133541837, 
        "accumulated_operating_revenue": 48701357, 
        "long_term_average": 4806209, 
        "date": "2013-10-31", 
        "operating_revenue": 5102128, 
        "short_term_average": 5157228
    }, 
    {
        "accumulated_operating_revenue_yoy": 5.447512184728715, 
        "accumulated_operating_revenue": 53718201, 
        "long_term_average": 4839388, 
        "date": "2013-11-30", 
        "operating_revenue": 5016844, 
        "short_term_average": 5105132
    }, 
    {
        "accumulated_operating_revenue_yoy": 6.08337128409481, 
        "accumulated_operating_revenue": 58661483, 
        "long_term_average": 4888456, 
        "date": "2013-12-31", 
        "operating_revenue": 4943282, 
        "short_term_average": 5020751
    }, 
    {
        "accumulated_operating_revenue_yoy": 0.9021952191629042, 
        "accumulated_operating_revenue": 4693621, 
        "long_term_average": 4891954, 
        "date": "2014-01-31", 
        "operating_revenue": 4693621, 
        "short_term_average": 4884582
    }, 
    {
        "accumulated_operating_revenue_yoy": 5.22297071225732, 
        "accumulated_operating_revenue": 8711294, 
        "long_term_average": 4924490, 
        "date": "2014-02-28", 
        "operating_revenue": 4017673, 
        "short_term_average": 4551525
    }, 
    {
        "accumulated_operating_revenue_yoy": 8.03621341521443, 
        "accumulated_operating_revenue": 13713607, 
        "long_term_average": 4973463, 
        "date": "2014-03-31", 
        "operating_revenue": 5002313, 
        "short_term_average": 4571202
    }, 
    {
        "accumulated_operating_revenue_yoy": 8.279504846926319, 
        "accumulated_operating_revenue": 19249337, 
        "long_term_average": 5011114, 
        "date": "2014-04-30", 
        "operating_revenue": 5535730, 
        "short_term_average": 4851905
    }, 
    {
        "accumulated_operating_revenue_yoy": 7.043182854237272, 
        "accumulated_operating_revenue": 24739966, 
        "long_term_average": 5024109, 
        "date": "2014-05-31", 
        "operating_revenue": 5490629, 
        "short_term_average": 5342890
    }, 
    {
        "accumulated_operating_revenue_yoy": 6.958095060436458, 
        "accumulated_operating_revenue": 30067711, 
        "long_term_average": 5051460, 
        "date": "2014-06-30", 
        "operating_revenue": 5327745, 
        "short_term_average": 5451368
    }, 
    {
        "accumulated_operating_revenue_yoy": 7.003803708926166, 
        "accumulated_operating_revenue": 35557013, 
        "long_term_average": 5082402, 
        "date": "2014-07-31", 
        "operating_revenue": 5489302, 
        "short_term_average": 5435892
    }, 
    {
        "accumulated_operating_revenue_yoy": 6.325645031692087, 
        "accumulated_operating_revenue": 40832028, 
        "long_term_average": 5090892, 
        "date": "2014-08-31", 
        "operating_revenue": 5275015, 
        "short_term_average": 5364020
    }, 
    {
        "accumulated_operating_revenue_yoy": 6.566967044302549, 
        "accumulated_operating_revenue": 46462376, 
        "long_term_average": 5127052, 
        "date": "2014-09-30", 
        "operating_revenue": 5630348, 
        "short_term_average": 5464888
    }, 
    {
        "accumulated_operating_revenue_yoy": 4.974614978387564, 
        "accumulated_operating_revenue": 51124062, 
        "long_term_average": 5090349, 
        "date": "2014-10-31", 
        "operating_revenue": 4661686, 
        "short_term_average": 5189016
    }, 
    {
        "accumulated_operating_revenue_yoy": 3.359997107870385, 
        "accumulated_operating_revenue": 55523131, 
        "long_term_average": 5038867, 
        "date": "2014-11-30", 
        "operating_revenue": 4399069, 
        "short_term_average": 4897034
    }, 
    {
        "accumulated_operating_revenue_yoy": 1.9223891765572991, 
        "accumulated_operating_revenue": 59789185, 
        "long_term_average": 4982432, 
        "date": "2014-12-31", 
        "operating_revenue": 4266054, 
        "short_term_average": 4442269
    }, 
    {
        "accumulated_operating_revenue_yoy": -7.112142203215812, 
        "accumulated_operating_revenue": 4359804, 
        "long_term_average": 4954614, 
        "date": "2015-01-31", 
        "operating_revenue": 4359804, 
        "short_term_average": 4341642
    }, 
    {
        "accumulated_operating_revenue_yoy": -5.961571265991022, 
        "accumulated_operating_revenue": 8191964, 
        "long_term_average": 4939154, 
        "date": "2015-02-28", 
        "operating_revenue": 3832160, 
        "short_term_average": 4152672
    }, 
    {
        "accumulated_operating_revenue_yoy": -4.65121247823421, 
        "accumulated_operating_revenue": 13075758, 
        "long_term_average": 4929278, 
        "date": "2015-03-31", 
        "operating_revenue": 4883794, 
        "short_term_average": 4358586
    }, 
    {
        "accumulated_operating_revenue_yoy": -7.187348842196487, 
        "accumulated_operating_revenue": 17865820, 
        "long_term_average": 4867139, 
        "date": "2015-04-30", 
        "operating_revenue": 4790062, 
        "short_term_average": 4502005
    }, 
    {
        "accumulated_operating_revenue_yoy": -8.284449542089103, 
        "accumulated_operating_revenue": 22690396, 
        "long_term_average": 4811634, 
        "date": "2015-05-31", 
        "operating_revenue": 4824576, 
        "short_term_average": 4832810
    }, 
    {
        "accumulated_operating_revenue_yoy": -9.689982719336367, 
        "accumulated_operating_revenue": 27154155, 
        "long_term_average": 4739635, 
        "date": "2015-06-30", 
        "operating_revenue": 4463759, 
        "short_term_average": 4692799
    }, 
    {
        "accumulated_operating_revenue_yoy": -11.726662754264538, 
        "accumulated_operating_revenue": 31387362, 
        "long_term_average": 4634961, 
        "date": "2015-07-31", 
        "operating_revenue": 4233207, 
        "short_term_average": 4507180
    }, 
    {
        "accumulated_operating_revenue_yoy": -13.682658622785034, 
        "accumulated_operating_revenue": 35245121, 
        "long_term_average": 4516856, 
        "date": "2015-08-31", 
        "operating_revenue": 3857759, 
        "short_term_average": 4184908
    }
]