[
    {
        "date": "2012-01-31", 
        "operating_revenue": 1234286, 
        "accumulated_operating_revenue": 1234286, 
        "long_term_average": 1234286, 
        "short_term_average": 1234286
    }, 
    {
        "date": "2012-02-29", 
        "operating_revenue": 1091371, 
        "accumulated_operating_revenue": 2325657, 
        "long_term_average": 1162828, 
        "short_term_average": 1162828
    }, 
    {
        "date": "2012-03-31", 
        "operating_revenue": 1277962, 
        "accumulated_operating_revenue": 3603619, 
        "long_term_average": 1201206, 
        "short_term_average": 1201206
    }, 
    {
        "date": "2012-04-30", 
        "operating_revenue": 1270800, 
        "accumulated_operating_revenue": 4874419, 
        "long_term_average": 1218604, 
        "short_term_average": 1213377
    }, 
    {
        "date": "2012-05-31", 
        "operating_revenue": 1038338, 
        "accumulated_operating_revenue": 5912757, 
        "long_term_average": 1182551, 
        "short_term_average": 1195700
    }, 
    {
        "date": "2012-06-30", 
        "operating_revenue": 1230046, 
        "accumulated_operating_revenue": 7142803, 
        "long_term_average": 1190467, 
        "short_term_average": 1179728
    }, 
    {
        "date": "2012-07-31", 
        "operating_revenue": 1098078, 
        "accumulated_operating_revenue": 8240881, 
        "long_term_average": 1177268, 
        "short_term_average": 1122154
    }, 
    {
        "date": "2012-08-31", 
        "operating_revenue": 1187969, 
        "accumulated_operating_revenue": 9428850, 
        "long_term_average": 1178606, 
        "short_term_average": 1172031
    }, 
    {
        "date": "2012-09-30", 
        "operating_revenue": 1271779, 
        "accumulated_operating_revenue": 10700629, 
        "long_term_average": 1188958, 
        "short_term_average": 1185942
    }, 
    {
        "date": "2012-10-31", 
        "operating_revenue": 945059, 
        "accumulated_operating_revenue": 11645688, 
        "long_term_average": 1164568, 
        "short_term_average": 1134935
    }, 
    {
        "date": "2012-11-30", 
        "operating_revenue": 1322692, 
        "accumulated_operating_revenue": 12968380, 
        "long_term_average": 1178943, 
        "short_term_average": 1179843
    }, 
    {
        "date": "2012-12-31", 
        "operating_revenue": 1198108, 
        "accumulated_operating_revenue": 14166488, 
        "long_term_average": 1180540, 
        "short_term_average": 1155286
    }, 
    {
        "accumulated_operating_revenue_yoy": -3.0028696752616493, 
        "accumulated_operating_revenue": 1197222, 
        "long_term_average": 1177452, 
        "date": "2013-01-31", 
        "operating_revenue": 1197222, 
        "short_term_average": 1239340
    }, 
    {
        "accumulated_operating_revenue_yoy": -8.477647391683297, 
        "accumulated_operating_revenue": 2128496, 
        "long_term_average": 1164110, 
        "date": "2013-02-28", 
        "operating_revenue": 931274, 
        "short_term_average": 1108868
    }, 
    {
        "accumulated_operating_revenue_yoy": -11.148542617851666, 
        "accumulated_operating_revenue": 3201868, 
        "long_term_average": 1147061, 
        "date": "2013-03-31", 
        "operating_revenue": 1073372, 
        "short_term_average": 1067289
    }, 
    {
        "accumulated_operating_revenue_yoy": -5.268792034496829, 
        "accumulated_operating_revenue": 4617596, 
        "long_term_average": 1159138, 
        "date": "2013-04-30", 
        "operating_revenue": 1415728, 
        "short_term_average": 1140124
    }, 
    {
        "accumulated_operating_revenue_yoy": 0.21161025220552782, 
        "accumulated_operating_revenue": 5925269, 
        "long_term_average": 1181583, 
        "date": "2013-05-31", 
        "operating_revenue": 1307673, 
        "short_term_average": 1265591
    }, 
    {
        "accumulated_operating_revenue_yoy": 0.6625970224854305, 
        "accumulated_operating_revenue": 7190131, 
        "long_term_average": 1184484, 
        "date": "2013-06-30", 
        "operating_revenue": 1264862, 
        "short_term_average": 1329421
    }, 
    {
        "accumulated_operating_revenue_yoy": 2.2359259889810326, 
        "accumulated_operating_revenue": 8425141, 
        "long_term_average": 1195895, 
        "date": "2013-07-31", 
        "operating_revenue": 1235010, 
        "short_term_average": 1269181
    }, 
    {
        "accumulated_operating_revenue_yoy": 1.8919062239827762, 
        "accumulated_operating_revenue": 9607235, 
        "long_term_average": 1195406, 
        "date": "2013-08-31", 
        "operating_revenue": 1182094, 
        "short_term_average": 1227322
    }, 
    {
        "accumulated_operating_revenue_yoy": 0.15102850495984863, 
        "accumulated_operating_revenue": 10716790, 
        "long_term_average": 1181887, 
        "date": "2013-09-30", 
        "operating_revenue": 1109555, 
        "short_term_average": 1175553
    }, 
    {
        "accumulated_operating_revenue_yoy": 2.2208219900790747, 
        "accumulated_operating_revenue": 11904318, 
        "long_term_average": 1202093, 
        "date": "2013-10-31", 
        "operating_revenue": 1187528, 
        "short_term_average": 1159725
    }, 
    {
        "accumulated_operating_revenue_yoy": 0.5461283521920239, 
        "accumulated_operating_revenue": 13039204, 
        "long_term_average": 1186442, 
        "date": "2013-11-30", 
        "operating_revenue": 1134886, 
        "short_term_average": 1143989
    }, 
    {
        "accumulated_operating_revenue_yoy": 0.1743763168401371, 
        "accumulated_operating_revenue": 14191191, 
        "long_term_average": 1182599, 
        "date": "2013-12-31", 
        "operating_revenue": 1151987, 
        "short_term_average": 1158133
    }, 
    {
        "accumulated_operating_revenue_yoy": 9.152939053909801, 
        "accumulated_operating_revenue": 1306803, 
        "long_term_average": 1191731, 
        "date": "2014-01-31", 
        "operating_revenue": 1306803, 
        "short_term_average": 1197892
    }, 
    {
        "accumulated_operating_revenue_yoy": 13.628543347039413, 
        "accumulated_operating_revenue": 2418579, 
        "long_term_average": 1206772, 
        "date": "2014-02-28", 
        "operating_revenue": 1111776, 
        "short_term_average": 1190188
    }, 
    {
        "accumulated_operating_revenue_yoy": 10.203699840218272, 
        "accumulated_operating_revenue": 3528577, 
        "long_term_average": 1209825, 
        "date": "2014-03-31", 
        "operating_revenue": 1109998, 
        "short_term_average": 1176192
    }, 
    {
        "accumulated_operating_revenue_yoy": 6.447792314442406, 
        "accumulated_operating_revenue": 4915329, 
        "long_term_average": 1207410, 
        "date": "2014-04-30", 
        "operating_revenue": 1386752, 
        "short_term_average": 1202842
    }, 
    {
        "accumulated_operating_revenue_yoy": 8.220588803647564, 
        "accumulated_operating_revenue": 6412361, 
        "long_term_average": 1223190, 
        "date": "2014-05-31", 
        "operating_revenue": 1497032, 
        "short_term_average": 1331260
    }, 
    {
        "accumulated_operating_revenue_yoy": 7.179910908438247, 
        "accumulated_operating_revenue": 7706376, 
        "long_term_average": 1225619, 
        "date": "2014-06-30", 
        "operating_revenue": 1294015, 
        "short_term_average": 1392599
    }, 
    {
        "accumulated_operating_revenue_yoy": 5.3898919911251335, 
        "accumulated_operating_revenue": 8879247, 
        "long_term_average": 1220441, 
        "date": "2014-07-31", 
        "operating_revenue": 1172871, 
        "short_term_average": 1321306
    }, 
    {
        "accumulated_operating_revenue_yoy": 4.355883872935345, 
        "accumulated_operating_revenue": 10025715, 
        "long_term_average": 1217472, 
        "date": "2014-08-31", 
        "operating_revenue": 1146468, 
        "short_term_average": 1204451
    }, 
    {
        "accumulated_operating_revenue_yoy": 5.815967281247463, 
        "accumulated_operating_revenue": 11340075, 
        "long_term_average": 1234539, 
        "date": "2014-09-30", 
        "operating_revenue": 1314360, 
        "short_term_average": 1211233
    }, 
    {
        "accumulated_operating_revenue_yoy": 5.162236089459304, 
        "accumulated_operating_revenue": 12518847, 
        "long_term_average": 1233810, 
        "date": "2014-10-31", 
        "operating_revenue": 1178772, 
        "short_term_average": 1213200
    }, 
    {
        "accumulated_operating_revenue_yoy": 4.031273688179125, 
        "accumulated_operating_revenue": 13564850, 
        "long_term_average": 1226403, 
        "date": "2014-11-30", 
        "operating_revenue": 1046003, 
        "short_term_average": 1179711
    }, 
    {
        "accumulated_operating_revenue_yoy": 2.59832314285672, 
        "accumulated_operating_revenue": 14559924, 
        "long_term_average": 1213327, 
        "date": "2014-12-31", 
        "operating_revenue": 995074, 
        "short_term_average": 1073283
    }, 
    {
        "accumulated_operating_revenue_yoy": -14.545880289531016, 
        "accumulated_operating_revenue": 1116717, 
        "long_term_average": 1197486, 
        "date": "2015-01-31", 
        "operating_revenue": 1116717, 
        "short_term_average": 1052598
    }, 
    {
        "accumulated_operating_revenue_yoy": -4.666211027218875, 
        "accumulated_operating_revenue": 2305723, 
        "long_term_average": 1203922, 
        "date": "2015-02-28", 
        "operating_revenue": 1189006, 
        "short_term_average": 1100265
    }, 
    {
        "accumulated_operating_revenue_yoy": 3.7544879989865603, 
        "accumulated_operating_revenue": 3661057, 
        "long_term_average": 1224367, 
        "date": "2015-03-31", 
        "operating_revenue": 1355334, 
        "short_term_average": 1220352
    }, 
    {
        "accumulated_operating_revenue_yoy": -2.014819353902862, 
        "accumulated_operating_revenue": 4816294, 
        "long_term_average": 1205074, 
        "date": "2015-04-30", 
        "operating_revenue": 1155237, 
        "short_term_average": 1233192
    }, 
    {
        "accumulated_operating_revenue_yoy": -3.9513994923242777, 
        "accumulated_operating_revenue": 6158983, 
        "long_term_average": 1192212, 
        "date": "2015-05-31", 
        "operating_revenue": 1342689, 
        "short_term_average": 1284420
    }, 
    {
        "accumulated_operating_revenue_yoy": -4.676763760294073, 
        "accumulated_operating_revenue": 7345967, 
        "long_term_average": 1183292, 
        "date": "2015-06-30", 
        "operating_revenue": 1186984, 
        "short_term_average": 1228303
    }, 
    {
        "accumulated_operating_revenue_yoy": -5.762684606025713, 
        "accumulated_operating_revenue": 8367564, 
        "long_term_average": 1170686, 
        "date": "2015-07-31", 
        "operating_revenue": 1021597, 
        "short_term_average": 1183756
    }, 
    {
        "accumulated_operating_revenue_yoy": -8.31362152225552, 
        "accumulated_operating_revenue": 9192215, 
        "long_term_average": 1143868, 
        "date": "2015-08-31", 
        "operating_revenue": 824651, 
        "short_term_average": 1011077
    }, 
    {
        "accumulated_operating_revenue_yoy": -9.083828810656014, 
        "accumulated_operating_revenue": 10309962, 
        "long_term_average": 1127484, 
        "date": "2015-09-30", 
        "operating_revenue": 1117747, 
        "short_term_average": 987998
    }, 
    {
        "accumulated_operating_revenue_yoy": -7.067256273680796, 
        "accumulated_operating_revenue": 11634108, 
        "long_term_average": 1139598, 
        "date": "2015-10-31", 
        "operating_revenue": 1324146, 
        "short_term_average": 1088848
    }
]