[
    {
        "date": "2011-09-30", 
        "operating_revenue": 1046431, 
        "accumulated_operating_revenue": 1046431, 
        "long_term_average": 1046431, 
        "short_term_average": 1046431
    }, 
    {
        "date": "2011-10-31", 
        "operating_revenue": 971435, 
        "accumulated_operating_revenue": 2017866, 
        "long_term_average": 1008933, 
        "short_term_average": 1008933
    }, 
    {
        "date": "2011-11-30", 
        "operating_revenue": 890905, 
        "accumulated_operating_revenue": 2908771, 
        "long_term_average": 969590, 
        "short_term_average": 969590
    }, 
    {
        "date": "2011-12-31", 
        "operating_revenue": 802575, 
        "accumulated_operating_revenue": 3711346, 
        "long_term_average": 927836, 
        "short_term_average": 888305
    }, 
    {
        "date": "2012-01-31", 
        "operating_revenue": 628419, 
        "accumulated_operating_revenue": 628419, 
        "long_term_average": 867953, 
        "short_term_average": 773966
    }, 
    {
        "date": "2012-02-29", 
        "operating_revenue": 976237, 
        "accumulated_operating_revenue": 1604656, 
        "long_term_average": 886000, 
        "short_term_average": 802410
    }, 
    {
        "date": "2012-03-31", 
        "operating_revenue": 1008809, 
        "accumulated_operating_revenue": 2613465, 
        "long_term_average": 903544, 
        "short_term_average": 871155
    }, 
    {
        "date": "2012-04-30", 
        "operating_revenue": 927510, 
        "accumulated_operating_revenue": 3540975, 
        "long_term_average": 906540, 
        "short_term_average": 970852
    }, 
    {
        "date": "2012-05-31", 
        "operating_revenue": 884786, 
        "accumulated_operating_revenue": 4425761, 
        "long_term_average": 904123, 
        "short_term_average": 940368
    }, 
    {
        "date": "2012-06-30", 
        "operating_revenue": 787585, 
        "accumulated_operating_revenue": 5213346, 
        "long_term_average": 892469, 
        "short_term_average": 866627
    }, 
    {
        "date": "2012-07-31", 
        "operating_revenue": 807506, 
        "accumulated_operating_revenue": 6020852, 
        "long_term_average": 884745, 
        "short_term_average": 826625
    }, 
    {
        "date": "2012-08-31", 
        "operating_revenue": 916527, 
        "accumulated_operating_revenue": 6937379, 
        "long_term_average": 887393, 
        "short_term_average": 837206
    }, 
    {
        "accumulated_operating_revenue_yoy": 655.7045806173556, 
        "accumulated_operating_revenue": 7907927, 
        "long_term_average": 881070, 
        "date": "2012-09-30", 
        "operating_revenue": 970548, 
        "short_term_average": 898193
    }, 
    {
        "accumulated_operating_revenue_yoy": 340.61944648455346, 
        "accumulated_operating_revenue": 8891110, 
        "long_term_average": 882049, 
        "date": "2012-10-31", 
        "operating_revenue": 983183, 
        "short_term_average": 956752
    }, 
    {
        "accumulated_operating_revenue_yoy": 235.7336139558597, 
        "accumulated_operating_revenue": 9765722, 
        "long_term_average": 880691, 
        "date": "2012-11-30", 
        "operating_revenue": 874612, 
        "short_term_average": 942781
    }, 
    {
        "accumulated_operating_revenue_yoy": 182.83800540289155, 
        "accumulated_operating_revenue": 10497097, 
        "long_term_average": 874758, 
        "date": "2012-12-31", 
        "operating_revenue": 731375, 
        "short_term_average": 863056
    }, 
    {
        "accumulated_operating_revenue_yoy": 37.818239104801094, 
        "accumulated_operating_revenue": 866076, 
        "long_term_average": 894562, 
        "date": "2013-01-31", 
        "operating_revenue": 866076, 
        "short_term_average": 824021
    }, 
    {
        "accumulated_operating_revenue_yoy": -1.120240101305202, 
        "accumulated_operating_revenue": 1586680, 
        "long_term_average": 873260, 
        "date": "2013-02-28", 
        "operating_revenue": 720604, 
        "short_term_average": 772685
    }, 
    {
        "accumulated_operating_revenue_yoy": -0.056476746388415384, 
        "accumulated_operating_revenue": 2611989, 
        "long_term_average": 874635, 
        "date": "2013-03-31", 
        "operating_revenue": 1025309, 
        "short_term_average": 870663
    }, 
    {
        "accumulated_operating_revenue_yoy": 1.4451951792938387, 
        "accumulated_operating_revenue": 3592149, 
        "long_term_average": 879022, 
        "date": "2013-04-30", 
        "operating_revenue": 980160, 
        "short_term_average": 908691
    }, 
    {
        "accumulated_operating_revenue_yoy": 0.5727828502262098, 
        "accumulated_operating_revenue": 4451111, 
        "long_term_average": 876870, 
        "date": "2013-05-31", 
        "operating_revenue": 858962, 
        "short_term_average": 954810
    }, 
    {
        "accumulated_operating_revenue_yoy": -1.3152973157737853, 
        "accumulated_operating_revenue": 5144775, 
        "long_term_average": 869043, 
        "date": "2013-06-30", 
        "operating_revenue": 693664, 
        "short_term_average": 844262
    }, 
    {
        "accumulated_operating_revenue_yoy": 0.18334614436627905, 
        "accumulated_operating_revenue": 6031891, 
        "long_term_average": 875678, 
        "date": "2013-07-31", 
        "operating_revenue": 887116, 
        "short_term_average": 813247
    }, 
    {
        "accumulated_operating_revenue_yoy": -1.128408870266422, 
        "accumulated_operating_revenue": 6859097, 
        "long_term_average": 868234, 
        "date": "2013-08-31", 
        "operating_revenue": 827206, 
        "short_term_average": 802662
    }, 
    {
        "accumulated_operating_revenue_yoy": -0.8311027656173355, 
        "accumulated_operating_revenue": 7842204, 
        "long_term_average": 869281, 
        "date": "2013-09-30", 
        "operating_revenue": 983107, 
        "short_term_average": 899143
    }, 
    {
        "accumulated_operating_revenue_yoy": -0.7220245841070463, 
        "accumulated_operating_revenue": 8826914, 
        "long_term_average": 869408, 
        "date": "2013-10-31", 
        "operating_revenue": 984710, 
        "short_term_average": 931674
    }, 
    {
        "accumulated_operating_revenue_yoy": -0.533498700864104, 
        "accumulated_operating_revenue": 9713622, 
        "long_term_average": 870416, 
        "date": "2013-11-30", 
        "operating_revenue": 886708, 
        "short_term_average": 951508
    }, 
    {
        "accumulated_operating_revenue_yoy": -0.026473986093488514, 
        "accumulated_operating_revenue": 10494318, 
        "long_term_average": 874526, 
        "date": "2013-12-31", 
        "operating_revenue": 780696, 
        "short_term_average": 884038
    }, 
    {
        "accumulated_operating_revenue_yoy": -0.44407188283707205, 
        "accumulated_operating_revenue": 862230, 
        "long_term_average": 874206, 
        "date": "2014-01-31", 
        "operating_revenue": 862230, 
        "short_term_average": 843211
    }, 
    {
        "accumulated_operating_revenue_yoy": 10.48749590339577, 
        "accumulated_operating_revenue": 1753083, 
        "long_term_average": 888393, 
        "date": "2014-02-28", 
        "operating_revenue": 890853, 
        "short_term_average": 844593
    }, 
    {
        "accumulated_operating_revenue_yoy": 8.19115241296958, 
        "accumulated_operating_revenue": 2825941, 
        "long_term_average": 892355, 
        "date": "2014-03-31", 
        "operating_revenue": 1072858, 
        "short_term_average": 941980
    }, 
    {
        "accumulated_operating_revenue_yoy": 8.902386844198277, 
        "accumulated_operating_revenue": 3911936, 
        "long_term_average": 901175, 
        "date": "2014-04-30", 
        "operating_revenue": 1085995, 
        "short_term_average": 1016568
    }, 
    {
        "accumulated_operating_revenue_yoy": 7.172523893472888, 
        "accumulated_operating_revenue": 4770368, 
        "long_term_average": 901131, 
        "date": "2014-05-31", 
        "operating_revenue": 858432, 
        "short_term_average": 1005761
    }, 
    {
        "accumulated_operating_revenue_yoy": 7.447245020433352, 
        "accumulated_operating_revenue": 5527919, 
        "long_term_average": 906455, 
        "date": "2014-06-30", 
        "operating_revenue": 757551, 
        "short_term_average": 900659
    }, 
    {
        "accumulated_operating_revenue_yoy": 6.089201545584958, 
        "accumulated_operating_revenue": 6399185, 
        "long_term_average": 905134, 
        "date": "2014-07-31", 
        "operating_revenue": 871266, 
        "short_term_average": 829083
    }, 
    {
        "accumulated_operating_revenue_yoy": 6.640903314240927, 
        "accumulated_operating_revenue": 7314603, 
        "long_term_average": 912485, 
        "date": "2014-08-31", 
        "operating_revenue": 915418, 
        "short_term_average": 848078
    }, 
    {
        "accumulated_operating_revenue_yoy": 6.319753987526975, 
        "accumulated_operating_revenue": 8337812, 
        "long_term_average": 915827, 
        "date": "2014-09-30", 
        "operating_revenue": 1023209, 
        "short_term_average": 936631
    }, 
    {
        "accumulated_operating_revenue_yoy": 6.868074164991299, 
        "accumulated_operating_revenue": 9433153, 
        "long_term_average": 925046, 
        "date": "2014-10-31", 
        "operating_revenue": 1095341, 
        "short_term_average": 1011322
    }, 
    {
        "accumulated_operating_revenue_yoy": 6.378074007821182, 
        "accumulated_operating_revenue": 10333164, 
        "long_term_average": 926155, 
        "date": "2014-11-30", 
        "operating_revenue": 900011, 
        "short_term_average": 1006187
    }, 
    {
        "accumulated_operating_revenue_yoy": 6.654515329152404, 
        "accumulated_operating_revenue": 11192664, 
        "long_term_average": 932722, 
        "date": "2014-12-31", 
        "operating_revenue": 859500, 
        "short_term_average": 951617
    }, 
    {
        "accumulated_operating_revenue_yoy": 13.794811129281051, 
        "accumulated_operating_revenue": 981173, 
        "long_term_average": 942633, 
        "date": "2015-01-31", 
        "operating_revenue": 981173, 
        "short_term_average": 913561
    }, 
    {
        "accumulated_operating_revenue_yoy": 0.05219376378642654, 
        "accumulated_operating_revenue": 1753998, 
        "long_term_average": 932798, 
        "date": "2015-02-28", 
        "operating_revenue": 772825, 
        "short_term_average": 871166
    }, 
    {
        "accumulated_operating_revenue_yoy": 5.153787711774592, 
        "accumulated_operating_revenue": 2971584, 
        "long_term_average": 944858, 
        "date": "2015-03-31", 
        "operating_revenue": 1217586, 
        "short_term_average": 990528
    }, 
    {
        "accumulated_operating_revenue_yoy": 0.3616112329036058, 
        "accumulated_operating_revenue": 3926082, 
        "long_term_average": 933900, 
        "date": "2015-04-30", 
        "operating_revenue": 954498, 
        "short_term_average": 981636
    }, 
    {
        "accumulated_operating_revenue_yoy": -0.8323257241370058, 
        "accumulated_operating_revenue": 4730663, 
        "long_term_average": 929413, 
        "date": "2015-05-31", 
        "operating_revenue": 804581, 
        "short_term_average": 992221
    }, 
    {
        "accumulated_operating_revenue_yoy": -0.044230025801752886, 
        "accumulated_operating_revenue": 5525474, 
        "long_term_average": 932518, 
        "date": "2015-06-30", 
        "operating_revenue": 794811, 
        "short_term_average": 851296
    }, 
    {
        "accumulated_operating_revenue_yoy": 0.5253950307734501, 
        "accumulated_operating_revenue": 6432806, 
        "long_term_average": 935523, 
        "date": "2015-07-31", 
        "operating_revenue": 907332, 
        "short_term_average": 835574
    }, 
    {
        "accumulated_operating_revenue_yoy": 1.546796182923393, 
        "accumulated_operating_revenue": 7427745, 
        "long_term_average": 942150, 
        "date": "2015-08-31", 
        "operating_revenue": 994939, 
        "short_term_average": 899027
    }, 
    {
        "accumulated_operating_revenue_yoy": 1.6748158869497178, 
        "accumulated_operating_revenue": 8477455, 
        "long_term_average": 944358, 
        "date": "2015-09-30", 
        "operating_revenue": 1049710, 
        "short_term_average": 983993
    }
]