[
    {
        "date": "2012-01-31", 
        "operating_revenue": 359988, 
        "accumulated_operating_revenue": 359988, 
        "long_term_average": 359988, 
        "short_term_average": 359988
    }, 
    {
        "date": "2012-02-29", 
        "operating_revenue": 493382, 
        "accumulated_operating_revenue": 853370, 
        "long_term_average": 426685, 
        "short_term_average": 426685
    }, 
    {
        "date": "2012-03-31", 
        "operating_revenue": 485097, 
        "accumulated_operating_revenue": 1338467, 
        "long_term_average": 446155, 
        "short_term_average": 446155
    }, 
    {
        "date": "2012-04-30", 
        "operating_revenue": 451151, 
        "accumulated_operating_revenue": 1789618, 
        "long_term_average": 447404, 
        "short_term_average": 476543
    }, 
    {
        "date": "2012-05-31", 
        "operating_revenue": 310448, 
        "accumulated_operating_revenue": 2100066, 
        "long_term_average": 420013, 
        "short_term_average": 415565
    }, 
    {
        "date": "2012-06-30", 
        "operating_revenue": 384323, 
        "accumulated_operating_revenue": 2484389, 
        "long_term_average": 414064, 
        "short_term_average": 381974
    }, 
    {
        "date": "2012-07-31", 
        "operating_revenue": 546229, 
        "accumulated_operating_revenue": 3030618, 
        "long_term_average": 432945, 
        "short_term_average": 413666
    }, 
    {
        "date": "2012-08-31", 
        "operating_revenue": 438979, 
        "accumulated_operating_revenue": 3469597, 
        "long_term_average": 433699, 
        "short_term_average": 456510
    }, 
    {
        "date": "2012-09-30", 
        "operating_revenue": 359417, 
        "accumulated_operating_revenue": 3829014, 
        "long_term_average": 425446, 
        "short_term_average": 448208
    }, 
    {
        "date": "2012-10-31", 
        "operating_revenue": 267235, 
        "accumulated_operating_revenue": 4096249, 
        "long_term_average": 409624, 
        "short_term_average": 355210
    }, 
    {
        "date": "2012-11-30", 
        "operating_revenue": 302902, 
        "accumulated_operating_revenue": 4399151, 
        "long_term_average": 399922, 
        "short_term_average": 309851
    }, 
    {
        "date": "2012-12-31", 
        "operating_revenue": 391359, 
        "accumulated_operating_revenue": 4790510, 
        "long_term_average": 399209, 
        "short_term_average": 320498
    }, 
    {
        "accumulated_operating_revenue_yoy": 25.490571907952486, 
        "accumulated_operating_revenue": 451751, 
        "long_term_average": 406856, 
        "date": "2013-01-31", 
        "operating_revenue": 451751, 
        "short_term_average": 382004
    }, 
    {
        "accumulated_operating_revenue_yoy": -0.14858736538664352, 
        "accumulated_operating_revenue": 852102, 
        "long_term_average": 399103, 
        "date": "2013-02-28", 
        "operating_revenue": 400351, 
        "short_term_average": 414487
    }, 
    {
        "accumulated_operating_revenue_yoy": -8.310701720699875, 
        "accumulated_operating_revenue": 1227231, 
        "long_term_average": 389939, 
        "date": "2013-03-31", 
        "operating_revenue": 375129, 
        "short_term_average": 409077
    }, 
    {
        "accumulated_operating_revenue_yoy": -10.56007483161211, 
        "accumulated_operating_revenue": 1600633, 
        "long_term_average": 383460, 
        "date": "2013-04-30", 
        "operating_revenue": 373402, 
        "short_term_average": 382960
    }, 
    {
        "accumulated_operating_revenue_yoy": -0.3696074313854898, 
        "accumulated_operating_revenue": 2092304, 
        "long_term_average": 398562, 
        "date": "2013-05-31", 
        "operating_revenue": 491671, 
        "short_term_average": 413400
    }, 
    {
        "accumulated_operating_revenue_yoy": 3.7207538755001734, 
        "accumulated_operating_revenue": 2576827, 
        "long_term_average": 406912, 
        "date": "2013-06-30", 
        "operating_revenue": 484523, 
        "short_term_average": 449865
    }, 
    {
        "accumulated_operating_revenue_yoy": 0.7800389227543689, 
        "accumulated_operating_revenue": 3054258, 
        "long_term_average": 401179, 
        "date": "2013-07-31", 
        "operating_revenue": 477431, 
        "short_term_average": 484541
    }, 
    {
        "accumulated_operating_revenue_yoy": 3.3136701467057987, 
        "accumulated_operating_revenue": 3584568, 
        "long_term_average": 408790, 
        "date": "2013-08-31", 
        "operating_revenue": 530310, 
        "short_term_average": 497421
    }, 
    {
        "accumulated_operating_revenue_yoy": 7.7349939174941635, 
        "accumulated_operating_revenue": 4125188, 
        "long_term_average": 423890, 
        "date": "2013-09-30", 
        "operating_revenue": 540620, 
        "short_term_average": 516120
    }, 
    {
        "accumulated_operating_revenue_yoy": 14.906759818555951, 
        "accumulated_operating_revenue": 4706867, 
        "long_term_average": 450094, 
        "date": "2013-10-31", 
        "operating_revenue": 581679, 
        "short_term_average": 550869
    }, 
    {
        "accumulated_operating_revenue_yoy": 19.7967062280881, 
        "accumulated_operating_revenue": 5270038, 
        "long_term_average": 471783, 
        "date": "2013-11-30", 
        "operating_revenue": 563171, 
        "short_term_average": 561823
    }, 
    {
        "accumulated_operating_revenue_yoy": 21.16098285986252, 
        "accumulated_operating_revenue": 5804229, 
        "long_term_average": 483685, 
        "date": "2013-12-31", 
        "operating_revenue": 534191, 
        "short_term_average": 559680
    }, 
    {
        "accumulated_operating_revenue_yoy": 4.444483797490211, 
        "accumulated_operating_revenue": 471829, 
        "long_term_average": 485358, 
        "date": "2014-01-31", 
        "operating_revenue": 471829, 
        "short_term_average": 523063
    }, 
    {
        "accumulated_operating_revenue_yoy": 4.049515198884641, 
        "accumulated_operating_revenue": 886608, 
        "long_term_average": 486561, 
        "date": "2014-02-28", 
        "operating_revenue": 414779, 
        "short_term_average": 473599
    }, 
    {
        "accumulated_operating_revenue_yoy": 9.544168946188615, 
        "accumulated_operating_revenue": 1344360, 
        "long_term_average": 493446, 
        "date": "2014-03-31", 
        "operating_revenue": 457752, 
        "short_term_average": 448120
    }, 
    {
        "accumulated_operating_revenue_yoy": 17.57479697094837, 
        "accumulated_operating_revenue": 1881941, 
        "long_term_average": 507128, 
        "date": "2014-04-30", 
        "operating_revenue": 537581, 
        "short_term_average": 470037
    }, 
    {
        "accumulated_operating_revenue_yoy": 15.93525606221658, 
        "accumulated_operating_revenue": 2425718, 
        "long_term_average": 511470, 
        "date": "2014-05-31", 
        "operating_revenue": 543777, 
        "short_term_average": 513036
    }, 
    {
        "accumulated_operating_revenue_yoy": 13.012398581666524, 
        "accumulated_operating_revenue": 2912134, 
        "long_term_average": 511628, 
        "date": "2014-06-30", 
        "operating_revenue": 486416, 
        "short_term_average": 522591
    }, 
    {
        "accumulated_operating_revenue_yoy": 12.140657403533035, 
        "accumulated_operating_revenue": 3425065, 
        "long_term_average": 514586, 
        "date": "2014-07-31", 
        "operating_revenue": 512931, 
        "short_term_average": 514374
    }, 
    {
        "accumulated_operating_revenue_yoy": 9.389109092085853, 
        "accumulated_operating_revenue": 3921127, 
        "long_term_average": 511732, 
        "date": "2014-08-31", 
        "operating_revenue": 496062, 
        "short_term_average": 498469
    }, 
    {
        "accumulated_operating_revenue_yoy": 6.273653467429847, 
        "accumulated_operating_revenue": 4383988, 
        "long_term_average": 505252, 
        "date": "2014-09-30", 
        "operating_revenue": 462861, 
        "short_term_average": 490618
    }, 
    {
        "accumulated_operating_revenue_yoy": 2.111064536134121, 
        "accumulated_operating_revenue": 4806232, 
        "long_term_average": 491966, 
        "date": "2014-10-31", 
        "operating_revenue": 422244, 
        "short_term_average": 460389
    }, 
    {
        "accumulated_operating_revenue_yoy": -1.422114982852116, 
        "accumulated_operating_revenue": 5195092, 
        "long_term_average": 477440, 
        "date": "2014-11-30", 
        "operating_revenue": 388860, 
        "short_term_average": 424655
    }, 
    {
        "accumulated_operating_revenue_yoy": -4.099493662293476, 
        "accumulated_operating_revenue": 5566285, 
        "long_term_average": 463857, 
        "date": "2014-12-31", 
        "operating_revenue": 371193, 
        "short_term_average": 394099
    }, 
    {
        "accumulated_operating_revenue_yoy": -21.292671709454062, 
        "accumulated_operating_revenue": 371364, 
        "long_term_average": 455485, 
        "date": "2015-01-31", 
        "operating_revenue": 371364, 
        "short_term_average": 377139
    }, 
    {
        "accumulated_operating_revenue_yoy": -13.990399364770001, 
        "accumulated_operating_revenue": 762568, 
        "long_term_average": 453520, 
        "date": "2015-02-28", 
        "operating_revenue": 391204, 
        "short_term_average": 377920
    }, 
    {
        "accumulated_operating_revenue_yoy": -8.457184087595584, 
        "accumulated_operating_revenue": 1230665, 
        "long_term_average": 454382, 
        "date": "2015-03-31", 
        "operating_revenue": 468097, 
        "short_term_average": 410221
    }, 
    {
        "accumulated_operating_revenue_yoy": -10.009931235888905, 
        "accumulated_operating_revenue": 1693560, 
        "long_term_average": 448158, 
        "date": "2015-04-30", 
        "operating_revenue": 462895, 
        "short_term_average": 440732
    }, 
    {
        "accumulated_operating_revenue_yoy": -11.854387030973921, 
        "accumulated_operating_revenue": 2138164, 
        "long_term_average": 439894, 
        "date": "2015-05-31", 
        "operating_revenue": 444604, 
        "short_term_average": 458532
    }, 
    {
        "accumulated_operating_revenue_yoy": -14.582124311587311, 
        "accumulated_operating_revenue": 2487483, 
        "long_term_average": 428469, 
        "date": "2015-06-30", 
        "operating_revenue": 349319, 
        "short_term_average": 418939
    }, 
    {
        "accumulated_operating_revenue_yoy": -16.058439766836543, 
        "accumulated_operating_revenue": 2875053, 
        "long_term_average": 418022, 
        "date": "2015-07-31", 
        "operating_revenue": 387570, 
        "short_term_average": 393831
    }, 
    {
        "accumulated_operating_revenue_yoy": -15.84059888904389, 
        "accumulated_operating_revenue": 3299997, 
        "long_term_average": 412096, 
        "date": "2015-08-31", 
        "operating_revenue": 424944, 
        "short_term_average": 387277
    }
]