[
    {
        "date": "2012-01-31", 
        "operating_revenue": 1132368, 
        "accumulated_operating_revenue": 1132368, 
        "long_term_average": 1132368, 
        "short_term_average": 1132368
    }, 
    {
        "date": "2012-02-29", 
        "operating_revenue": 1391170, 
        "accumulated_operating_revenue": 2523538, 
        "long_term_average": 1261769, 
        "short_term_average": 1261769
    }, 
    {
        "date": "2012-03-31", 
        "operating_revenue": 1361330, 
        "accumulated_operating_revenue": 3884868, 
        "long_term_average": 1294956, 
        "short_term_average": 1294956
    }, 
    {
        "date": "2012-04-30", 
        "operating_revenue": 1554522, 
        "accumulated_operating_revenue": 5439390, 
        "long_term_average": 1359847, 
        "short_term_average": 1435674
    }, 
    {
        "date": "2012-05-31", 
        "operating_revenue": 1510685, 
        "accumulated_operating_revenue": 6950075, 
        "long_term_average": 1390015, 
        "short_term_average": 1475512
    }, 
    {
        "date": "2012-06-30", 
        "operating_revenue": 1689033, 
        "accumulated_operating_revenue": 8639108, 
        "long_term_average": 1439851, 
        "short_term_average": 1584746
    }, 
    {
        "date": "2012-07-31", 
        "operating_revenue": 1808336, 
        "accumulated_operating_revenue": 10447444, 
        "long_term_average": 1492492, 
        "short_term_average": 1669351
    }, 
    {
        "date": "2012-08-31", 
        "operating_revenue": 1625610, 
        "accumulated_operating_revenue": 12073054, 
        "long_term_average": 1509131, 
        "short_term_average": 1707659
    }, 
    {
        "date": "2012-09-30", 
        "operating_revenue": 1805336, 
        "accumulated_operating_revenue": 13878390, 
        "long_term_average": 1542043, 
        "short_term_average": 1746427
    }, 
    {
        "date": "2012-10-31", 
        "operating_revenue": 1640128, 
        "accumulated_operating_revenue": 15518518, 
        "long_term_average": 1551851, 
        "short_term_average": 1690358
    }, 
    {
        "date": "2012-11-30", 
        "operating_revenue": 1602661, 
        "accumulated_operating_revenue": 17121179, 
        "long_term_average": 1556470, 
        "short_term_average": 1682708
    }, 
    {
        "date": "2012-12-31", 
        "operating_revenue": 1510032, 
        "accumulated_operating_revenue": 18631211, 
        "long_term_average": 1552600, 
        "short_term_average": 1584273
    }, 
    {
        "accumulated_operating_revenue_yoy": 32.963047348565134, 
        "accumulated_operating_revenue": 1505631, 
        "long_term_average": 1583706, 
        "date": "2013-01-31", 
        "operating_revenue": 1505631, 
        "short_term_average": 1539441
    }, 
    {
        "accumulated_operating_revenue_yoy": 3.526556762767194, 
        "accumulated_operating_revenue": 2612532, 
        "long_term_average": 1560017, 
        "date": "2013-02-28", 
        "operating_revenue": 1106901, 
        "short_term_average": 1374188
    }, 
    {
        "accumulated_operating_revenue_yoy": 12.977274903548846, 
        "accumulated_operating_revenue": 4389018, 
        "long_term_average": 1594613, 
        "date": "2013-03-31", 
        "operating_revenue": 1776486, 
        "short_term_average": 1463006
    }, 
    {
        "accumulated_operating_revenue_yoy": 15.12669619203624, 
        "accumulated_operating_revenue": 6262190, 
        "long_term_average": 1621167, 
        "date": "2013-04-30", 
        "operating_revenue": 1873172, 
        "short_term_average": 1585519
    }, 
    {
        "accumulated_operating_revenue_yoy": 19.98991377790887, 
        "accumulated_operating_revenue": 8339389, 
        "long_term_average": 1668377, 
        "date": "2013-05-31", 
        "operating_revenue": 2077199, 
        "short_term_average": 1908952
    }, 
    {
        "accumulated_operating_revenue_yoy": 17.414263139203722, 
        "accumulated_operating_revenue": 10143545, 
        "long_term_average": 1677970, 
        "date": "2013-06-30", 
        "operating_revenue": 1804156, 
        "short_term_average": 1918175
    }, 
    {
        "accumulated_operating_revenue_yoy": 15.711421855910402, 
        "accumulated_operating_revenue": 12088886, 
        "long_term_average": 1689387, 
        "date": "2013-07-31", 
        "operating_revenue": 1945341, 
        "short_term_average": 1942232
    }, 
    {
        "accumulated_operating_revenue_yoy": 16.19103169753072, 
        "accumulated_operating_revenue": 14027806, 
        "long_term_average": 1715496, 
        "date": "2013-08-31", 
        "operating_revenue": 1938920, 
        "short_term_average": 1896139
    }, 
    {
        "accumulated_operating_revenue_yoy": 16.04546348675891, 
        "accumulated_operating_revenue": 16105242, 
        "long_term_average": 1738171, 
        "date": "2013-09-30", 
        "operating_revenue": 2077436, 
        "short_term_average": 1987232
    }, 
    {
        "accumulated_operating_revenue_yoy": 15.566750639461835, 
        "accumulated_operating_revenue": 17934247, 
        "long_term_average": 1753911, 
        "date": "2013-10-31", 
        "operating_revenue": 1829005, 
        "short_term_average": 1948453
    }, 
    {
        "accumulated_operating_revenue_yoy": 15.22078590498937, 
        "accumulated_operating_revenue": 19727157, 
        "long_term_average": 1769765, 
        "date": "2013-11-30", 
        "operating_revenue": 1792910, 
        "short_term_average": 1899783
    }, 
    {
        "accumulated_operating_revenue_yoy": 15.095497549783532, 
        "accumulated_operating_revenue": 21443685, 
        "long_term_average": 1786973, 
        "date": "2013-12-31", 
        "operating_revenue": 1716528, 
        "short_term_average": 1779481
    }, 
    {
        "accumulated_operating_revenue_yoy": -6.728076135520588, 
        "accumulated_operating_revenue": 1404331, 
        "long_term_average": 1778532, 
        "date": "2014-01-31", 
        "operating_revenue": 1404331, 
        "short_term_average": 1637923
    }, 
    {
        "accumulated_operating_revenue_yoy": -3.0003843015128617, 
        "accumulated_operating_revenue": 2534146, 
        "long_term_average": 1780441, 
        "date": "2014-02-28", 
        "operating_revenue": 1129815, 
        "short_term_average": 1416891
    }, 
    {
        "accumulated_operating_revenue_yoy": -0.5776462981013064, 
        "accumulated_operating_revenue": 4363665, 
        "long_term_average": 1784861, 
        "date": "2014-03-31", 
        "operating_revenue": 1829519, 
        "short_term_average": 1454555
    }, 
    {
        "accumulated_operating_revenue_yoy": 1.9987256854231508, 
        "accumulated_operating_revenue": 6387354, 
        "long_term_average": 1797404, 
        "date": "2014-04-30", 
        "operating_revenue": 2023689, 
        "short_term_average": 1661007
    }, 
    {
        "accumulated_operating_revenue_yoy": -0.7960655151114788, 
        "accumulated_operating_revenue": 8273002, 
        "long_term_average": 1781441, 
        "date": "2014-05-31", 
        "operating_revenue": 1885648, 
        "short_term_average": 1912952
    }, 
    {
        "accumulated_operating_revenue_yoy": -0.5730639534797746, 
        "accumulated_operating_revenue": 10085416, 
        "long_term_average": 1782129, 
        "date": "2014-06-30", 
        "operating_revenue": 1812414, 
        "short_term_average": 1907250
    }, 
    {
        "accumulated_operating_revenue_yoy": -0.3559467762372811, 
        "accumulated_operating_revenue": 12045856, 
        "long_term_average": 1783387, 
        "date": "2014-07-31", 
        "operating_revenue": 1960440, 
        "short_term_average": 1886167
    }, 
    {
        "accumulated_operating_revenue_yoy": -0.8438882031872982, 
        "accumulated_operating_revenue": 13909427, 
        "long_term_average": 1777108, 
        "date": "2014-08-31", 
        "operating_revenue": 1863571, 
        "short_term_average": 1878808
    }, 
    {
        "accumulated_operating_revenue_yoy": -1.1916306504428806, 
        "accumulated_operating_revenue": 15913327, 
        "long_term_average": 1770980, 
        "date": "2014-09-30", 
        "operating_revenue": 2003900, 
        "short_term_average": 1942637
    }, 
    {
        "accumulated_operating_revenue_yoy": -1.4362855602468283, 
        "accumulated_operating_revenue": 17676660, 
        "long_term_average": 1765508, 
        "date": "2014-10-31", 
        "operating_revenue": 1763333, 
        "short_term_average": 1876934
    }, 
    {
        "accumulated_operating_revenue_yoy": -2.1798326033497886, 
        "accumulated_operating_revenue": 19297138, 
        "long_term_average": 1751138, 
        "date": "2014-11-30", 
        "operating_revenue": 1620478, 
        "short_term_average": 1795903
    }, 
    {
        "accumulated_operating_revenue_yoy": -2.379950087869692, 
        "accumulated_operating_revenue": 20933336, 
        "long_term_average": 1744444, 
        "date": "2014-12-31", 
        "operating_revenue": 1636198, 
        "short_term_average": 1673336
    }, 
    {
        "accumulated_operating_revenue_yoy": -2.854099211653093, 
        "accumulated_operating_revenue": 1364250, 
        "long_term_average": 1741104, 
        "date": "2015-01-31", 
        "operating_revenue": 1364250, 
        "short_term_average": 1540308
    }, 
    {
        "accumulated_operating_revenue_yoy": -3.164142871010589, 
        "accumulated_operating_revenue": 2453962, 
        "long_term_average": 1737762, 
        "date": "2015-02-28", 
        "operating_revenue": 1089712, 
        "short_term_average": 1363386
    }, 
    {
        "accumulated_operating_revenue_yoy": -6.617602405317548, 
        "accumulated_operating_revenue": 4074895, 
        "long_term_average": 1720380, 
        "date": "2015-03-31", 
        "operating_revenue": 1620933, 
        "short_term_average": 1358298
    }, 
    {
        "accumulated_operating_revenue_yoy": -7.934287030278892, 
        "accumulated_operating_revenue": 5880563, 
        "long_term_average": 1702212, 
        "date": "2015-04-30", 
        "operating_revenue": 1805668, 
        "short_term_average": 1505437
    }, 
    {
        "accumulated_operating_revenue_yoy": -9.112302885941524, 
        "accumulated_operating_revenue": 7519141, 
        "long_term_average": 1681622, 
        "date": "2015-05-31", 
        "operating_revenue": 1638578, 
        "short_term_average": 1688393
    }, 
    {
        "accumulated_operating_revenue_yoy": -9.757495377483686, 
        "accumulated_operating_revenue": 9101332, 
        "long_term_average": 1662437, 
        "date": "2015-06-30", 
        "operating_revenue": 1582191, 
        "short_term_average": 1675479
    }, 
    {
        "accumulated_operating_revenue_yoy": -12.111476345060076, 
        "accumulated_operating_revenue": 10586925, 
        "long_term_average": 1622867, 
        "date": "2015-07-31", 
        "operating_revenue": 1485593, 
        "short_term_average": 1568787
    }, 
    {
        "accumulated_operating_revenue_yoy": -14.82301176029753, 
        "accumulated_operating_revenue": 11847631, 
        "long_term_average": 1572628, 
        "date": "2015-08-31", 
        "operating_revenue": 1260706, 
        "short_term_average": 1442830
    }, 
    {
        "accumulated_operating_revenue_yoy": -17.09584677044593, 
        "accumulated_operating_revenue": 13192809, 
        "long_term_average": 1517734, 
        "date": "2015-09-30", 
        "operating_revenue": 1345178, 
        "short_term_average": 1363825
    }, 
    {
        "accumulated_operating_revenue_yoy": -18.20862085937049, 
        "accumulated_operating_revenue": 14457984, 
        "long_term_average": 1476221, 
        "date": "2015-10-31", 
        "operating_revenue": 1265175, 
        "short_term_average": 1290353
    }
]