[
    {
        "date": "2012-01-31", 
        "operating_revenue": 1845461, 
        "accumulated_operating_revenue": 1845461, 
        "long_term_average": 1845461, 
        "short_term_average": 1845461
    }, 
    {
        "date": "2012-02-29", 
        "operating_revenue": 1968816, 
        "accumulated_operating_revenue": 3814277, 
        "long_term_average": 1907138, 
        "short_term_average": 1907138
    }, 
    {
        "date": "2012-03-31", 
        "operating_revenue": 1727765, 
        "accumulated_operating_revenue": 5542042, 
        "long_term_average": 1847347, 
        "short_term_average": 1847347
    }, 
    {
        "date": "2012-04-30", 
        "operating_revenue": 1938838, 
        "accumulated_operating_revenue": 7480880, 
        "long_term_average": 1870220, 
        "short_term_average": 1878473
    }, 
    {
        "date": "2012-05-31", 
        "operating_revenue": 1867970, 
        "accumulated_operating_revenue": 9348850, 
        "long_term_average": 1869770, 
        "short_term_average": 1844857
    }, 
    {
        "date": "2012-06-30", 
        "operating_revenue": 1856985, 
        "accumulated_operating_revenue": 11205835, 
        "long_term_average": 1867639, 
        "short_term_average": 1887931
    }, 
    {
        "date": "2012-07-31", 
        "operating_revenue": 2058017, 
        "accumulated_operating_revenue": 13263852, 
        "long_term_average": 1894836, 
        "short_term_average": 1927657
    }, 
    {
        "date": "2012-08-31", 
        "operating_revenue": 2090408, 
        "accumulated_operating_revenue": 15354260, 
        "long_term_average": 1919282, 
        "short_term_average": 2001803
    }, 
    {
        "date": "2012-09-30", 
        "operating_revenue": 2033356, 
        "accumulated_operating_revenue": 17387616, 
        "long_term_average": 1931957, 
        "short_term_average": 2060593
    }, 
    {
        "date": "2012-10-31", 
        "operating_revenue": 2032945, 
        "accumulated_operating_revenue": 19420561, 
        "long_term_average": 1942056, 
        "short_term_average": 2052236
    }, 
    {
        "date": "2012-11-30", 
        "operating_revenue": 1641988, 
        "accumulated_operating_revenue": 21062549, 
        "long_term_average": 1914777, 
        "short_term_average": 1902763
    }, 
    {
        "date": "2012-12-31", 
        "operating_revenue": 1700101, 
        "accumulated_operating_revenue": 22762650, 
        "long_term_average": 1896887, 
        "short_term_average": 1791678
    }, 
    {
        "accumulated_operating_revenue_yoy": -5.865472096132077, 
        "accumulated_operating_revenue": 1737216, 
        "long_term_average": 1887867, 
        "date": "2013-01-31", 
        "operating_revenue": 1737216, 
        "short_term_average": 1693101
    }, 
    {
        "accumulated_operating_revenue_yoy": -5.612439788720117, 
        "accumulated_operating_revenue": 3600203, 
        "long_term_average": 1879048, 
        "date": "2013-02-28", 
        "operating_revenue": 1862987, 
        "short_term_average": 1766768
    }, 
    {
        "accumulated_operating_revenue_yoy": 7.909575567994613, 
        "accumulated_operating_revenue": 5980394, 
        "long_term_average": 1933416, 
        "date": "2013-03-31", 
        "operating_revenue": 2380191, 
        "short_term_average": 1993464
    }, 
    {
        "accumulated_operating_revenue_yoy": 10.356321716161734, 
        "accumulated_operating_revenue": 8255624, 
        "long_term_average": 1961449, 
        "date": "2013-04-30", 
        "operating_revenue": 2275230, 
        "short_term_average": 2172802
    }, 
    {
        "accumulated_operating_revenue_yoy": 16.0113489894479, 
        "accumulated_operating_revenue": 10845727, 
        "long_term_average": 2021627, 
        "date": "2013-05-31", 
        "operating_revenue": 2590103, 
        "short_term_average": 2415174
    }, 
    {
        "accumulated_operating_revenue_yoy": 16.647184257130327, 
        "accumulated_operating_revenue": 13071291, 
        "long_term_average": 2052342, 
        "date": "2013-06-30", 
        "operating_revenue": 2225564, 
        "short_term_average": 2363632
    }, 
    {
        "accumulated_operating_revenue_yoy": 16.384275095952518, 
        "accumulated_operating_revenue": 15437038, 
        "long_term_average": 2077986, 
        "date": "2013-07-31", 
        "operating_revenue": 2365747, 
        "short_term_average": 2393804
    }, 
    {
        "accumulated_operating_revenue_yoy": 13.378078787255133, 
        "accumulated_operating_revenue": 17408365, 
        "long_term_average": 2068062, 
        "date": "2013-08-31", 
        "operating_revenue": 1971327, 
        "short_term_average": 2187546
    }, 
    {
        "accumulated_operating_revenue_yoy": 12.941716679273341, 
        "accumulated_operating_revenue": 19637872, 
        "long_term_average": 2084408, 
        "date": "2013-09-30", 
        "operating_revenue": 2229507, 
        "short_term_average": 2188860
    }, 
    {
        "accumulated_operating_revenue_yoy": 12.683248439630553, 
        "accumulated_operating_revenue": 21883719, 
        "long_term_average": 2102150, 
        "date": "2013-10-31", 
        "operating_revenue": 2245847, 
        "short_term_average": 2148893
    }, 
    {
        "accumulated_operating_revenue_yoy": 14.262927055979787, 
        "accumulated_operating_revenue": 24066685, 
        "long_term_average": 2147232, 
        "date": "2013-11-30", 
        "operating_revenue": 2182966, 
        "short_term_average": 2219440
    }, 
    {
        "accumulated_operating_revenue_yoy": 15.480332913786398, 
        "accumulated_operating_revenue": 26286384, 
        "long_term_average": 2190532, 
        "date": "2013-12-31", 
        "operating_revenue": 2219699, 
        "short_term_average": 2216170
    }, 
    {
        "accumulated_operating_revenue_yoy": 32.61925978116711, 
        "accumulated_operating_revenue": 2303883, 
        "long_term_average": 2237754, 
        "date": "2014-01-31", 
        "operating_revenue": 2303883, 
        "short_term_average": 2235516
    }, 
    {
        "accumulated_operating_revenue_yoy": 17.067565356731272, 
        "accumulated_operating_revenue": 4214670, 
        "long_term_average": 2241737, 
        "date": "2014-02-28", 
        "operating_revenue": 1910787, 
        "short_term_average": 2144789
    }, 
    {
        "accumulated_operating_revenue_yoy": 3.6998900072470144, 
        "accumulated_operating_revenue": 6201662, 
        "long_term_average": 2208971, 
        "date": "2014-03-31", 
        "operating_revenue": 1986992, 
        "short_term_average": 2067220
    }, 
    {
        "accumulated_operating_revenue_yoy": -1.214178358898128, 
        "accumulated_operating_revenue": 8155386, 
        "long_term_average": 2182178, 
        "date": "2014-04-30", 
        "operating_revenue": 1953724, 
        "short_term_average": 1950501
    }, 
    {
        "accumulated_operating_revenue_yoy": -6.82618140766405, 
        "accumulated_operating_revenue": 10105378, 
        "long_term_average": 2128836, 
        "date": "2014-05-31", 
        "operating_revenue": 1949992, 
        "short_term_average": 1963569
    }, 
    {
        "accumulated_operating_revenue_yoy": -5.733580562164824, 
        "accumulated_operating_revenue": 12321838, 
        "long_term_average": 2128077, 
        "date": "2014-06-30", 
        "operating_revenue": 2216460, 
        "short_term_average": 2040058
    }, 
    {
        "accumulated_operating_revenue_yoy": -5.990922610930931, 
        "accumulated_operating_revenue": 14512217, 
        "long_term_average": 2113463, 
        "date": "2014-07-31", 
        "operating_revenue": 2190379, 
        "short_term_average": 2118943
    }, 
    {
        "accumulated_operating_revenue_yoy": -4.08124484981789, 
        "accumulated_operating_revenue": 16697887, 
        "long_term_average": 2131325, 
        "date": "2014-08-31", 
        "operating_revenue": 2185670, 
        "short_term_average": 2197503
    }, 
    {
        "accumulated_operating_revenue_yoy": -4.57448240827723, 
        "accumulated_operating_revenue": 18739541, 
        "long_term_average": 2115671, 
        "date": "2014-09-30", 
        "operating_revenue": 2041654, 
        "short_term_average": 2139234
    }, 
    {
        "accumulated_operating_revenue_yoy": -4.887738688291511, 
        "accumulated_operating_revenue": 20814100, 
        "long_term_average": 2101397, 
        "date": "2014-10-31", 
        "operating_revenue": 2074559, 
        "short_term_average": 2100627
    }, 
    {
        "accumulated_operating_revenue_yoy": -5.4199529349389, 
        "accumulated_operating_revenue": 22762282, 
        "long_term_average": 2081831, 
        "date": "2014-11-30", 
        "operating_revenue": 1948182, 
        "short_term_average": 2021465
    }, 
    {
        "accumulated_operating_revenue_yoy": -7.407561268221601, 
        "accumulated_operating_revenue": 24339204, 
        "long_term_average": 2028267, 
        "date": "2014-12-31", 
        "operating_revenue": 1576922, 
        "short_term_average": 1866554
    }, 
    {
        "accumulated_operating_revenue_yoy": -36.17935459396159, 
        "accumulated_operating_revenue": 1470353, 
        "long_term_average": 1958806, 
        "date": "2015-01-31", 
        "operating_revenue": 1470353, 
        "short_term_average": 1665152
    }, 
    {
        "accumulated_operating_revenue_yoy": -26.789025000771115, 
        "accumulated_operating_revenue": 3085601, 
        "long_term_average": 1934177, 
        "date": "2015-02-28", 
        "operating_revenue": 1615248, 
        "short_term_average": 1554174
    }, 
    {
        "accumulated_operating_revenue_yoy": -19.196160642098846, 
        "accumulated_operating_revenue": 5011181, 
        "long_term_average": 1929060, 
        "date": "2015-03-31", 
        "operating_revenue": 1925580, 
        "short_term_average": 1670393
    }, 
    {
        "accumulated_operating_revenue_yoy": -13.326984155011179, 
        "accumulated_operating_revenue": 7068519, 
        "long_term_average": 1937694, 
        "date": "2015-04-30", 
        "operating_revenue": 2057338, 
        "short_term_average": 1866055
    }, 
    {
        "accumulated_operating_revenue_yoy": -10.414622787984774, 
        "accumulated_operating_revenue": 9052941, 
        "long_term_average": 1940563, 
        "date": "2015-05-31", 
        "operating_revenue": 1984422, 
        "short_term_average": 1989113
    }, 
    {
        "accumulated_operating_revenue_yoy": -10.51851192979489, 
        "accumulated_operating_revenue": 11025764, 
        "long_term_average": 1920260, 
        "date": "2015-06-30", 
        "operating_revenue": 1972823, 
        "short_term_average": 2004861
    }, 
    {
        "accumulated_operating_revenue_yoy": -11.347308271368876, 
        "accumulated_operating_revenue": 12865471, 
        "long_term_average": 1891038, 
        "date": "2015-07-31", 
        "operating_revenue": 1839707, 
        "short_term_average": 1932317
    }, 
    {
        "accumulated_operating_revenue_yoy": -13.599636888188307, 
        "accumulated_operating_revenue": 14427035, 
        "long_term_average": 1839029, 
        "date": "2015-08-31", 
        "operating_revenue": 1561564, 
        "short_term_average": 1791364
    }
]