[
    {
        "date": "2011-09-30", 
        "operating_revenue": 3353661, 
        "accumulated_operating_revenue": 3353661, 
        "long_term_average": 3353661, 
        "short_term_average": 3353661
    }, 
    {
        "date": "2011-10-31", 
        "operating_revenue": 2903874, 
        "accumulated_operating_revenue": 6257535, 
        "long_term_average": 3128767, 
        "short_term_average": 3128767
    }, 
    {
        "date": "2011-11-30", 
        "operating_revenue": 3316830, 
        "accumulated_operating_revenue": 9574365, 
        "long_term_average": 3191455, 
        "short_term_average": 3191455
    }, 
    {
        "date": "2011-12-31", 
        "operating_revenue": 3910696, 
        "accumulated_operating_revenue": 13485061, 
        "long_term_average": 3371265, 
        "short_term_average": 3377133
    }, 
    {
        "date": "2012-01-31", 
        "operating_revenue": 2885737, 
        "accumulated_operating_revenue": 2885737, 
        "long_term_average": 3274159, 
        "short_term_average": 3371087
    }, 
    {
        "date": "2012-02-29", 
        "operating_revenue": 4030191, 
        "accumulated_operating_revenue": 6915928, 
        "long_term_average": 3400164, 
        "short_term_average": 3608874
    }, 
    {
        "date": "2012-03-31", 
        "operating_revenue": 4996200, 
        "accumulated_operating_revenue": 11912128, 
        "long_term_average": 3628169, 
        "short_term_average": 3970709
    }, 
    {
        "date": "2012-04-30", 
        "operating_revenue": 4794328, 
        "accumulated_operating_revenue": 16706456, 
        "long_term_average": 3773939, 
        "short_term_average": 4606906
    }, 
    {
        "date": "2012-05-31", 
        "operating_revenue": 3993244, 
        "accumulated_operating_revenue": 20699700, 
        "long_term_average": 3798306, 
        "short_term_average": 4594590
    }, 
    {
        "date": "2012-06-30", 
        "operating_revenue": 3661437, 
        "accumulated_operating_revenue": 24361137, 
        "long_term_average": 3784619, 
        "short_term_average": 4149669
    }, 
    {
        "date": "2012-07-31", 
        "operating_revenue": 4311933, 
        "accumulated_operating_revenue": 28673070, 
        "long_term_average": 3832557, 
        "short_term_average": 3988871
    }, 
    {
        "date": "2012-08-31", 
        "operating_revenue": 4624568, 
        "accumulated_operating_revenue": 33297638, 
        "long_term_average": 3898558, 
        "short_term_average": 4199312
    }, 
    {
        "accumulated_operating_revenue_yoy": 1021.0939626873438, 
        "accumulated_operating_revenue": 37597691, 
        "long_term_average": 3977424, 
        "date": "2012-09-30", 
        "operating_revenue": 4300053, 
        "short_term_average": 4412184
    }, 
    {
        "accumulated_operating_revenue_yoy": 562.1441030693396, 
        "accumulated_operating_revenue": 41433899, 
        "long_term_average": 4055118, 
        "date": "2012-10-31", 
        "operating_revenue": 3836208, 
        "short_term_average": 4253609
    }, 
    {
        "accumulated_operating_revenue_yoy": 375.55832684465236, 
        "accumulated_operating_revenue": 45531690, 
        "long_term_average": 4120198, 
        "date": "2012-11-30", 
        "operating_revenue": 4097791, 
        "short_term_average": 4078017
    }, 
    {
        "accumulated_operating_revenue_yoy": 269.20320197290914, 
        "accumulated_operating_revenue": 49787277, 
        "long_term_average": 4148939, 
        "date": "2012-12-31", 
        "operating_revenue": 4255587, 
        "short_term_average": 4063195
    }, 
    {
        "accumulated_operating_revenue_yoy": 57.53178477456539, 
        "accumulated_operating_revenue": 4545953, 
        "long_term_average": 4287291, 
        "date": "2013-01-31", 
        "operating_revenue": 4545953, 
        "short_term_average": 4299777
    }, 
    {
        "accumulated_operating_revenue_yoy": 4.172079292901834, 
        "accumulated_operating_revenue": 7204466, 
        "long_term_average": 4172984, 
        "date": "2013-02-28", 
        "operating_revenue": 2658513, 
        "short_term_average": 3820017
    }, 
    {
        "accumulated_operating_revenue_yoy": -5.257717176981309, 
        "accumulated_operating_revenue": 11285822, 
        "long_term_average": 4096747, 
        "date": "2013-03-31", 
        "operating_revenue": 4081356, 
        "short_term_average": 3761940
    }, 
    {
        "accumulated_operating_revenue_yoy": -2.8150793920625654, 
        "accumulated_operating_revenue": 16236156, 
        "long_term_average": 4109748, 
        "date": "2013-04-30", 
        "operating_revenue": 4950334, 
        "short_term_average": 3896734
    }, 
    {
        "accumulated_operating_revenue_yoy": 1.4469968163789813, 
        "accumulated_operating_revenue": 20999224, 
        "long_term_average": 4173900, 
        "date": "2013-05-31", 
        "operating_revenue": 4763068, 
        "short_term_average": 4598252
    }, 
    {
        "accumulated_operating_revenue_yoy": 2.412596751949632, 
        "accumulated_operating_revenue": 24948873, 
        "long_term_average": 4197917, 
        "date": "2013-06-30", 
        "operating_revenue": 3949649, 
        "short_term_average": 4554350
    }, 
    {
        "accumulated_operating_revenue_yoy": 2.1364053448061195, 
        "accumulated_operating_revenue": 29285643, 
        "long_term_average": 4199987, 
        "date": "2013-07-31", 
        "operating_revenue": 4336770, 
        "short_term_average": 4349829
    }, 
    {
        "accumulated_operating_revenue_yoy": -0.04991044710138298, 
        "accumulated_operating_revenue": 33281019, 
        "long_term_average": 4147554, 
        "date": "2013-08-31", 
        "operating_revenue": 3995376, 
        "short_term_average": 4093931
    }, 
    {
        "accumulated_operating_revenue_yoy": 0.12815680622514825, 
        "accumulated_operating_revenue": 37645875, 
        "long_term_average": 4152955, 
        "date": "2013-09-30", 
        "operating_revenue": 4364856, 
        "short_term_average": 4232334
    }, 
    {
        "accumulated_operating_revenue_yoy": 0.6938062961441307, 
        "accumulated_operating_revenue": 41721370, 
        "long_term_average": 4172895, 
        "date": "2013-10-31", 
        "operating_revenue": 4075495, 
        "short_term_average": 4145242
    }, 
    {
        "accumulated_operating_revenue_yoy": 2.237182498607014, 
        "accumulated_operating_revenue": 46550317, 
        "long_term_average": 4233825, 
        "date": "2013-11-30", 
        "operating_revenue": 4828947, 
        "short_term_average": 4423099
    }, 
    {
        "accumulated_operating_revenue_yoy": 2.670342866913569, 
        "accumulated_operating_revenue": 51116768, 
        "long_term_average": 4259730, 
        "date": "2013-12-31", 
        "operating_revenue": 4566451, 
        "short_term_average": 4490297
    }, 
    {
        "accumulated_operating_revenue_yoy": -9.204450639942824, 
        "accumulated_operating_revenue": 4127523, 
        "long_term_average": 4224861, 
        "date": "2014-01-31", 
        "operating_revenue": 4127523, 
        "short_term_average": 4507640
    }, 
    {
        "accumulated_operating_revenue_yoy": 8.634186072916439, 
        "accumulated_operating_revenue": 7826513, 
        "long_term_average": 4311567, 
        "date": "2014-02-28", 
        "operating_revenue": 3698990, 
        "short_term_average": 4130988
    }, 
    {
        "accumulated_operating_revenue_yoy": 16.32468596438966, 
        "accumulated_operating_revenue": 13128197, 
        "long_term_average": 4413261, 
        "date": "2014-03-31", 
        "operating_revenue": 5301684, 
        "short_term_average": 4376065
    }, 
    {
        "accumulated_operating_revenue_yoy": 11.230071945600917, 
        "accumulated_operating_revenue": 18059488, 
        "long_term_average": 4411675, 
        "date": "2014-04-30", 
        "operating_revenue": 4931291, 
        "short_term_average": 4643988
    }, 
    {
        "accumulated_operating_revenue_yoy": 8.878485224025422, 
        "accumulated_operating_revenue": 22863637, 
        "long_term_average": 4415098, 
        "date": "2014-05-31", 
        "operating_revenue": 4804149, 
        "short_term_average": 5012374
    }, 
    {
        "accumulated_operating_revenue_yoy": 9.61859880404217, 
        "accumulated_operating_revenue": 27348605, 
        "long_term_average": 4459708, 
        "date": "2014-06-30", 
        "operating_revenue": 4484968, 
        "short_term_average": 4740136
    }, 
    {
        "accumulated_operating_revenue_yoy": 7.1825740688022455, 
        "accumulated_operating_revenue": 31389106, 
        "long_term_average": 4435019, 
        "date": "2014-07-31", 
        "operating_revenue": 4040501, 
        "short_term_average": 4443206
    }, 
    {
        "accumulated_operating_revenue_yoy": 7.95046269466689, 
        "accumulated_operating_revenue": 35927014, 
        "long_term_average": 4480230, 
        "date": "2014-08-31", 
        "operating_revenue": 4537908, 
        "short_term_average": 4354459
    }, 
    {
        "accumulated_operating_revenue_yoy": 6.940051200828775, 
        "accumulated_operating_revenue": 40258518, 
        "long_term_average": 4477450, 
        "date": "2014-09-30", 
        "operating_revenue": 4331504, 
        "short_term_average": 4303304
    }, 
    {
        "accumulated_operating_revenue_yoy": 6.3100013254598295, 
        "accumulated_operating_revenue": 44353989, 
        "long_term_average": 4479115, 
        "date": "2014-10-31", 
        "operating_revenue": 4095471, 
        "short_term_average": 4321627
    }, 
    {
        "accumulated_operating_revenue_yoy": 4.677888659705583, 
        "accumulated_operating_revenue": 48727889, 
        "long_term_average": 4441195, 
        "date": "2014-11-30", 
        "operating_revenue": 4373900, 
        "short_term_average": 4266958
    }, 
    {
        "accumulated_operating_revenue_yoy": 3.9698988793657692, 
        "accumulated_operating_revenue": 53146052, 
        "long_term_average": 4428837, 
        "date": "2014-12-31", 
        "operating_revenue": 4418163, 
        "short_term_average": 4295844
    }, 
    {
        "accumulated_operating_revenue_yoy": 1.358151123567331, 
        "accumulated_operating_revenue": 4183581, 
        "long_term_average": 4433509, 
        "date": "2015-01-31", 
        "operating_revenue": 4183581, 
        "short_term_average": 4325214
    }, 
    {
        "accumulated_operating_revenue_yoy": -16.365091324833934, 
        "accumulated_operating_revenue": 6545697, 
        "long_term_average": 4322103, 
        "date": "2015-02-28", 
        "operating_revenue": 2362116, 
        "short_term_average": 3654620
    }, 
    {
        "accumulated_operating_revenue_yoy": -16.48541684741629, 
        "accumulated_operating_revenue": 10963959, 
        "long_term_average": 4248484, 
        "date": "2015-03-31", 
        "operating_revenue": 4418262, 
        "short_term_average": 3654653
    }, 
    {
        "accumulated_operating_revenue_yoy": -16.77050866558343, 
        "accumulated_operating_revenue": 15030820, 
        "long_term_average": 4176448, 
        "date": "2015-04-30", 
        "operating_revenue": 4066861, 
        "short_term_average": 3615746
    }, 
    {
        "accumulated_operating_revenue_yoy": -15.927807111353282, 
        "accumulated_operating_revenue": 19221961, 
        "long_term_average": 4125364, 
        "date": "2015-05-31", 
        "operating_revenue": 4191141, 
        "short_term_average": 4225421
    }, 
    {
        "accumulated_operating_revenue_yoy": -16.286929443019122, 
        "accumulated_operating_revenue": 22894357, 
        "long_term_average": 4057650, 
        "date": "2015-06-30", 
        "operating_revenue": 3672396, 
        "short_term_average": 3976799
    }, 
    {
        "accumulated_operating_revenue_yoy": -15.976396396890054, 
        "accumulated_operating_revenue": 26374258, 
        "long_term_average": 4010933, 
        "date": "2015-07-31", 
        "operating_revenue": 3479901, 
        "short_term_average": 3781146
    }, 
    {
        "accumulated_operating_revenue_yoy": -16.63670128555632, 
        "accumulated_operating_revenue": 29949944, 
        "long_term_average": 3930748, 
        "date": "2015-08-31", 
        "operating_revenue": 3575686, 
        "short_term_average": 3575994
    }
]