[
    {
        "date": "2012-01-31", 
        "operating_revenue": 3269110, 
        "accumulated_operating_revenue": 3269110, 
        "long_term_average": 3269110, 
        "short_term_average": 3269110
    }, 
    {
        "date": "2012-02-29", 
        "operating_revenue": 2963858, 
        "accumulated_operating_revenue": 6232968, 
        "long_term_average": 3116484, 
        "short_term_average": 3116484
    }, 
    {
        "date": "2012-03-31", 
        "operating_revenue": 3917655, 
        "accumulated_operating_revenue": 10150623, 
        "long_term_average": 3383541, 
        "short_term_average": 3383541
    }, 
    {
        "date": "2012-04-30", 
        "operating_revenue": 3581087, 
        "accumulated_operating_revenue": 13731710, 
        "long_term_average": 3432927, 
        "short_term_average": 3487533
    }, 
    {
        "date": "2012-05-31", 
        "operating_revenue": 2860910, 
        "accumulated_operating_revenue": 16592620, 
        "long_term_average": 3318524, 
        "short_term_average": 3453217
    }, 
    {
        "date": "2012-06-30", 
        "operating_revenue": 2374755, 
        "accumulated_operating_revenue": 18967375, 
        "long_term_average": 3161229, 
        "short_term_average": 2938917
    }, 
    {
        "date": "2012-07-31", 
        "operating_revenue": 3442752, 
        "accumulated_operating_revenue": 22410127, 
        "long_term_average": 3201446, 
        "short_term_average": 2892805
    }, 
    {
        "date": "2012-08-31", 
        "operating_revenue": 3403917, 
        "accumulated_operating_revenue": 25814044, 
        "long_term_average": 3226755, 
        "short_term_average": 3073808
    }, 
    {
        "date": "2012-09-30", 
        "operating_revenue": 3395283, 
        "accumulated_operating_revenue": 29209327, 
        "long_term_average": 3245480, 
        "short_term_average": 3413984
    }, 
    {
        "date": "2012-10-31", 
        "operating_revenue": 3490177, 
        "accumulated_operating_revenue": 32699504, 
        "long_term_average": 3269950, 
        "short_term_average": 3429792
    }, 
    {
        "date": "2012-11-30", 
        "operating_revenue": 2647131, 
        "accumulated_operating_revenue": 35346635, 
        "long_term_average": 3213330, 
        "short_term_average": 3177530
    }, 
    {
        "date": "2012-12-31", 
        "operating_revenue": 2987998, 
        "accumulated_operating_revenue": 38334633, 
        "long_term_average": 3194552, 
        "short_term_average": 3041768
    }, 
    {
        "accumulated_operating_revenue_yoy": -21.12198732988489, 
        "accumulated_operating_revenue": 2578609, 
        "long_term_average": 3137011, 
        "date": "2013-01-31", 
        "operating_revenue": 2578609, 
        "short_term_average": 2737912
    }, 
    {
        "accumulated_operating_revenue_yoy": -9.738378249334827, 
        "accumulated_operating_revenue": 5625978, 
        "long_term_average": 3143970, 
        "date": "2013-02-28", 
        "operating_revenue": 3047369, 
        "short_term_average": 2871325
    }, 
    {
        "accumulated_operating_revenue_yoy": -10.601043896517485, 
        "accumulated_operating_revenue": 9074551, 
        "long_term_average": 3104880, 
        "date": "2013-03-31", 
        "operating_revenue": 3448573, 
        "short_term_average": 3024850
    }, 
    {
        "accumulated_operating_revenue_yoy": -14.89251520750147, 
        "accumulated_operating_revenue": 11686713, 
        "long_term_average": 3024136, 
        "date": "2013-04-30", 
        "operating_revenue": 2612162, 
        "short_term_average": 3036034
    }, 
    {
        "accumulated_operating_revenue_yoy": -13.25583301491868, 
        "accumulated_operating_revenue": 14393130, 
        "long_term_average": 3011261, 
        "date": "2013-05-31", 
        "operating_revenue": 2706417, 
        "short_term_average": 2922384
    }, 
    {
        "accumulated_operating_revenue_yoy": -10.37838920778442, 
        "accumulated_operating_revenue": 16998867, 
        "long_term_average": 3030510, 
        "date": "2013-06-30", 
        "operating_revenue": 2605737, 
        "short_term_average": 2641438
    }, 
    {
        "accumulated_operating_revenue_yoy": -10.654455461140405, 
        "accumulated_operating_revenue": 20022450, 
        "long_term_average": 2995579, 
        "date": "2013-07-31", 
        "operating_revenue": 3023583, 
        "short_term_average": 2778579
    }, 
    {
        "accumulated_operating_revenue_yoy": -9.600746787291445, 
        "accumulated_operating_revenue": 23335703, 
        "long_term_average": 2988024, 
        "date": "2013-08-31", 
        "operating_revenue": 3313253, 
        "short_term_average": 2980857
    }, 
    {
        "accumulated_operating_revenue_yoy": -9.67094175090032, 
        "accumulated_operating_revenue": 26384510, 
        "long_term_average": 2959151, 
        "date": "2013-09-30", 
        "operating_revenue": 3048807, 
        "short_term_average": 3128547
    }, 
    {
        "accumulated_operating_revenue_yoy": -10.246455114426201, 
        "accumulated_operating_revenue": 29348964, 
        "long_term_average": 2915341, 
        "date": "2013-10-31", 
        "operating_revenue": 2964454, 
        "short_term_average": 3108838
    }, 
    {
        "accumulated_operating_revenue_yoy": -8.93161965771282, 
        "accumulated_operating_revenue": 32189608, 
        "long_term_average": 2931467, 
        "date": "2013-11-30", 
        "operating_revenue": 2840644, 
        "short_term_average": 2951301
    }, 
    {
        "accumulated_operating_revenue_yoy": -7.892330676545149, 
        "accumulated_operating_revenue": 35309137, 
        "long_term_average": 2942428, 
        "date": "2013-12-31", 
        "operating_revenue": 3119529, 
        "short_term_average": 2974875
    }, 
    {
        "accumulated_operating_revenue_yoy": 16.514523915801117, 
        "accumulated_operating_revenue": 3004454, 
        "long_term_average": 2977915, 
        "date": "2014-01-31", 
        "operating_revenue": 3004454, 
        "short_term_average": 2988209
    }, 
    {
        "accumulated_operating_revenue_yoy": 9.759138766628665, 
        "accumulated_operating_revenue": 6175025, 
        "long_term_average": 2988182, 
        "date": "2014-02-28", 
        "operating_revenue": 3170571, 
        "short_term_average": 3098184
    }, 
    {
        "accumulated_operating_revenue_yoy": -1.4442477649858378, 
        "accumulated_operating_revenue": 8943492, 
        "long_term_average": 2931506, 
        "date": "2014-03-31", 
        "operating_revenue": 2768467, 
        "short_term_average": 2981164
    }, 
    {
        "accumulated_operating_revenue_yoy": -0.6650116247399931, 
        "accumulated_operating_revenue": 11608995, 
        "long_term_average": 2935951, 
        "date": "2014-04-30", 
        "operating_revenue": 2665503, 
        "short_term_average": 2868180
    }, 
    {
        "accumulated_operating_revenue_yoy": -0.549400998948804, 
        "accumulated_operating_revenue": 14314054, 
        "long_term_average": 2935838, 
        "date": "2014-05-31", 
        "operating_revenue": 2705059, 
        "short_term_average": 2713009
    }, 
    {
        "accumulated_operating_revenue_yoy": 0.8924006523493596, 
        "accumulated_operating_revenue": 17150565, 
        "long_term_average": 2955069, 
        "date": "2014-06-30", 
        "operating_revenue": 2836511, 
        "short_term_average": 2735691
    }, 
    {
        "accumulated_operating_revenue_yoy": 0.18988185761482737, 
        "accumulated_operating_revenue": 20060469, 
        "long_term_average": 2945596, 
        "date": "2014-07-31", 
        "operating_revenue": 2909904, 
        "short_term_average": 2817158
    }, 
    {
        "accumulated_operating_revenue_yoy": -1.001418298818767, 
        "accumulated_operating_revenue": 23102015, 
        "long_term_average": 2922954, 
        "date": "2014-08-31", 
        "operating_revenue": 3041546, 
        "short_term_average": 2929320
    }, 
    {
        "accumulated_operating_revenue_yoy": -1.89343292712277, 
        "accumulated_operating_revenue": 25884937, 
        "long_term_average": 2900797, 
        "date": "2014-09-30", 
        "operating_revenue": 2782922, 
        "short_term_average": 2911457
    }, 
    {
        "accumulated_operating_revenue_yoy": -2.6860914068380746, 
        "accumulated_operating_revenue": 28560624, 
        "long_term_average": 2876733, 
        "date": "2014-10-31", 
        "operating_revenue": 2675687, 
        "short_term_average": 2833385
    }, 
    {
        "accumulated_operating_revenue_yoy": -4.509980363849103, 
        "accumulated_operating_revenue": 30737863, 
        "long_term_average": 2821449, 
        "date": "2014-11-30", 
        "operating_revenue": 2177239, 
        "short_term_average": 2545282
    }, 
    {
        "accumulated_operating_revenue_yoy": -5.813347972792425, 
        "accumulated_operating_revenue": 33256494, 
        "long_term_average": 2771374, 
        "date": "2014-12-31", 
        "operating_revenue": 2518631, 
        "short_term_average": 2457185
    }, 
    {
        "accumulated_operating_revenue_yoy": -16.260591774745095, 
        "accumulated_operating_revenue": 2515912, 
        "long_term_average": 2730662, 
        "date": "2015-01-31", 
        "operating_revenue": 2515912, 
        "short_term_average": 2403927
    }, 
    {
        "accumulated_operating_revenue_yoy": -21.821369144254476, 
        "accumulated_operating_revenue": 4827550, 
        "long_term_average": 2659084, 
        "date": "2015-02-28", 
        "operating_revenue": 2311638, 
        "short_term_average": 2448727
    }, 
    {
        "accumulated_operating_revenue_yoy": -17.274236953530007, 
        "accumulated_operating_revenue": 7398572, 
        "long_term_average": 2642631, 
        "date": "2015-03-31", 
        "operating_revenue": 2571022, 
        "short_term_average": 2466190
    }, 
    {
        "accumulated_operating_revenue_yoy": -15.047486884092894, 
        "accumulated_operating_revenue": 9862133, 
        "long_term_average": 2625802, 
        "date": "2015-04-30", 
        "operating_revenue": 2463561, 
        "short_term_average": 2448740
    }, 
    {
        "accumulated_operating_revenue_yoy": -13.738253327813352, 
        "accumulated_operating_revenue": 12347553, 
        "long_term_average": 2607499, 
        "date": "2015-05-31", 
        "operating_revenue": 2485420, 
        "short_term_average": 2506667
    }, 
    {
        "accumulated_operating_revenue_yoy": -12.239433511374115, 
        "accumulated_operating_revenue": 15051433, 
        "long_term_average": 2596446, 
        "date": "2015-06-30", 
        "operating_revenue": 2703880, 
        "short_term_average": 2550953
    }, 
    {
        "accumulated_operating_revenue_yoy": -12.38509428667894, 
        "accumulated_operating_revenue": 17575961, 
        "long_term_average": 2564332, 
        "date": "2015-07-31", 
        "operating_revenue": 2524528, 
        "short_term_average": 2571276
    }, 
    {
        "accumulated_operating_revenue_yoy": -14.516473995883041, 
        "accumulated_operating_revenue": 19748417, 
        "long_term_average": 2491908, 
        "date": "2015-08-31", 
        "operating_revenue": 2172456, 
        "short_term_average": 2466954
    }, 
    {
        "accumulated_operating_revenue_yoy": -17.01593478863789, 
        "accumulated_operating_revenue": 21480373, 
        "long_term_average": 2404327, 
        "date": "2015-09-30", 
        "operating_revenue": 1731956, 
        "short_term_average": 2142980
    }, 
    {
        "accumulated_operating_revenue_yoy": -19.99839009119689, 
        "accumulated_operating_revenue": 22848959, 
        "long_term_average": 2295402, 
        "date": "2015-10-31", 
        "operating_revenue": 1368586, 
        "short_term_average": 1757666
    }
]