[
    {
        "date": "2012-01-31", 
        "operating_revenue": 247617, 
        "accumulated_operating_revenue": 247617, 
        "long_term_average": 247617, 
        "short_term_average": 247617
    }, 
    {
        "date": "2012-02-29", 
        "operating_revenue": 239379, 
        "accumulated_operating_revenue": 486996, 
        "long_term_average": 243498, 
        "short_term_average": 243498
    }, 
    {
        "date": "2012-03-31", 
        "operating_revenue": 303262, 
        "accumulated_operating_revenue": 790258, 
        "long_term_average": 263419, 
        "short_term_average": 263419
    }, 
    {
        "date": "2012-04-30", 
        "operating_revenue": 253117, 
        "accumulated_operating_revenue": 1043375, 
        "long_term_average": 260843, 
        "short_term_average": 265252
    }, 
    {
        "date": "2012-05-31", 
        "operating_revenue": 286591, 
        "accumulated_operating_revenue": 1329966, 
        "long_term_average": 265993, 
        "short_term_average": 280990
    }, 
    {
        "date": "2012-06-30", 
        "operating_revenue": 382459, 
        "accumulated_operating_revenue": 1712425, 
        "long_term_average": 285404, 
        "short_term_average": 307389
    }, 
    {
        "date": "2012-07-31", 
        "operating_revenue": 359616, 
        "accumulated_operating_revenue": 2072041, 
        "long_term_average": 296005, 
        "short_term_average": 342888
    }, 
    {
        "date": "2012-08-31", 
        "operating_revenue": 443743, 
        "accumulated_operating_revenue": 2515784, 
        "long_term_average": 314473, 
        "short_term_average": 395272
    }, 
    {
        "date": "2012-09-30", 
        "operating_revenue": 284446, 
        "accumulated_operating_revenue": 2800230, 
        "long_term_average": 311136, 
        "short_term_average": 362601
    }, 
    {
        "date": "2012-10-31", 
        "operating_revenue": 276693, 
        "accumulated_operating_revenue": 3076923, 
        "long_term_average": 307692, 
        "short_term_average": 334960
    }, 
    {
        "date": "2012-11-30", 
        "operating_revenue": 188124, 
        "accumulated_operating_revenue": 3265047, 
        "long_term_average": 296822, 
        "short_term_average": 249754
    }, 
    {
        "date": "2012-12-31", 
        "operating_revenue": 225285, 
        "accumulated_operating_revenue": 3490332, 
        "long_term_average": 290861, 
        "short_term_average": 230034
    }, 
    {
        "accumulated_operating_revenue_yoy": -0.8896804338958958, 
        "accumulated_operating_revenue": 245414, 
        "long_term_average": 290677, 
        "date": "2013-01-31", 
        "operating_revenue": 245414, 
        "short_term_average": 219607
    }, 
    {
        "accumulated_operating_revenue_yoy": -15.320043696457466, 
        "accumulated_operating_revenue": 412388, 
        "long_term_average": 284643, 
        "date": "2013-02-28", 
        "operating_revenue": 166974, 
        "short_term_average": 212557
    }, 
    {
        "accumulated_operating_revenue_yoy": -9.935742504346681, 
        "accumulated_operating_revenue": 711740, 
        "long_term_average": 284317, 
        "date": "2013-03-31", 
        "operating_revenue": 299352, 
        "short_term_average": 237246
    }, 
    {
        "accumulated_operating_revenue_yoy": -12.444998202947167, 
        "accumulated_operating_revenue": 913527, 
        "long_term_average": 280040, 
        "date": "2013-04-30", 
        "operating_revenue": 201787, 
        "short_term_average": 222704
    }, 
    {
        "accumulated_operating_revenue_yoy": -15.665814013290566, 
        "accumulated_operating_revenue": 1121616, 
        "long_term_average": 273498, 
        "date": "2013-05-31", 
        "operating_revenue": 208089, 
        "short_term_average": 236409
    }, 
    {
        "accumulated_operating_revenue_yoy": -17.336525687256376, 
        "accumulated_operating_revenue": 1415550, 
        "long_term_average": 266121, 
        "date": "2013-06-30", 
        "operating_revenue": 293934, 
        "short_term_average": 234603
    }, 
    {
        "accumulated_operating_revenue_yoy": -5.625902190159365, 
        "accumulated_operating_revenue": 1955470, 
        "long_term_average": 281146, 
        "date": "2013-07-31", 
        "operating_revenue": 539920, 
        "short_term_average": 347314
    }, 
    {
        "accumulated_operating_revenue_yoy": -5.042205531158478, 
        "accumulated_operating_revenue": 2388933, 
        "long_term_average": 280290, 
        "date": "2013-08-31", 
        "operating_revenue": 433463, 
        "short_term_average": 422439
    }, 
    {
        "accumulated_operating_revenue_yoy": -4.945093795866768, 
        "accumulated_operating_revenue": 2661756, 
        "long_term_average": 279321, 
        "date": "2013-09-30", 
        "operating_revenue": 272823, 
        "short_term_average": 415402
    }, 
    {
        "accumulated_operating_revenue_yoy": -4.732455118311378, 
        "accumulated_operating_revenue": 2931309, 
        "long_term_average": 278726, 
        "date": "2013-10-31", 
        "operating_revenue": 269553, 
        "short_term_average": 325279
    }, 
    {
        "accumulated_operating_revenue_yoy": -2.8538333445123456, 
        "accumulated_operating_revenue": 3171868, 
        "long_term_average": 283096, 
        "date": "2013-11-30", 
        "operating_revenue": 240559, 
        "short_term_average": 260978
    }, 
    {
        "accumulated_operating_revenue_yoy": -2.9078036129514326, 
        "accumulated_operating_revenue": 3388840, 
        "long_term_average": 282403, 
        "date": "2013-12-31", 
        "operating_revenue": 216972, 
        "short_term_average": 242361
    }, 
    {
        "accumulated_operating_revenue_yoy": 4.008328783199003, 
        "accumulated_operating_revenue": 255251, 
        "long_term_average": 283223, 
        "date": "2014-01-31", 
        "operating_revenue": 255251, 
        "short_term_average": 237594
    }, 
    {
        "accumulated_operating_revenue_yoy": -0.9932393765095008, 
        "accumulated_operating_revenue": 408292, 
        "long_term_average": 282062, 
        "date": "2014-02-28", 
        "operating_revenue": 153041, 
        "short_term_average": 208421
    }, 
    {
        "accumulated_operating_revenue_yoy": -11.20437238317363, 
        "accumulated_operating_revenue": 631994, 
        "long_term_average": 275757, 
        "date": "2014-03-31", 
        "operating_revenue": 223702, 
        "short_term_average": 210664
    }, 
    {
        "accumulated_operating_revenue_yoy": -10.158867772928442, 
        "accumulated_operating_revenue": 820723, 
        "long_term_average": 274669, 
        "date": "2014-04-30", 
        "operating_revenue": 188729, 
        "short_term_average": 188490
    }, 
    {
        "accumulated_operating_revenue_yoy": -1.8389537952382988, 
        "accumulated_operating_revenue": 1100990, 
        "long_term_average": 280684, 
        "date": "2014-05-31", 
        "operating_revenue": 280267, 
        "short_term_average": 230899
    }, 
    {
        "accumulated_operating_revenue_yoy": -1.7999364204726076, 
        "accumulated_operating_revenue": 1390071, 
        "long_term_average": 280280, 
        "date": "2014-06-30", 
        "operating_revenue": 289081, 
        "short_term_average": 252692
    }, 
    {
        "accumulated_operating_revenue_yoy": -15.108592819117655, 
        "accumulated_operating_revenue": 1660026, 
        "long_term_average": 257783, 
        "date": "2014-07-31", 
        "operating_revenue": 269955, 
        "short_term_average": 279767
    }, 
    {
        "accumulated_operating_revenue_yoy": -17.928631736427935, 
        "accumulated_operating_revenue": 1960630, 
        "long_term_average": 246711, 
        "date": "2014-08-31", 
        "operating_revenue": 300604, 
        "short_term_average": 286546
    }, 
    {
        "accumulated_operating_revenue_yoy": -16.147197564314688, 
        "accumulated_operating_revenue": 2231957, 
        "long_term_average": 246586, 
        "date": "2014-09-30", 
        "operating_revenue": 271327, 
        "short_term_average": 280628
    }, 
    {
        "accumulated_operating_revenue_yoy": -15.31005431361893, 
        "accumulated_operating_revenue": 2482524, 
        "long_term_average": 245004, 
        "date": "2014-10-31", 
        "operating_revenue": 250567, 
        "short_term_average": 274166
    }, 
    {
        "accumulated_operating_revenue_yoy": -13.284064784537062, 
        "accumulated_operating_revenue": 2750515, 
        "long_term_average": 247290, 
        "date": "2014-11-30", 
        "operating_revenue": 267991, 
        "short_term_average": 263295
    }, 
    {
        "accumulated_operating_revenue_yoy": -12.015556945739544, 
        "accumulated_operating_revenue": 2981652, 
        "long_term_average": 248471, 
        "date": "2014-12-31", 
        "operating_revenue": 231137, 
        "short_term_average": 249898
    }, 
    {
        "accumulated_operating_revenue_yoy": -5.067560949810187, 
        "accumulated_operating_revenue": 242316, 
        "long_term_average": 247393, 
        "date": "2015-01-31", 
        "operating_revenue": 242316, 
        "short_term_average": 247148
    }, 
    {
        "accumulated_operating_revenue_yoy": 1.340952063719103, 
        "accumulated_operating_revenue": 413767, 
        "long_term_average": 248927, 
        "date": "2015-02-28", 
        "operating_revenue": 171451, 
        "short_term_average": 214968
    }, 
    {
        "accumulated_operating_revenue_yoy": 1.19653034680709, 
        "accumulated_operating_revenue": 639556, 
        "long_term_average": 249101, 
        "date": "2015-03-31", 
        "operating_revenue": 225789, 
        "short_term_average": 213185
    }, 
    {
        "accumulated_operating_revenue_yoy": 1.9302493045765745, 
        "accumulated_operating_revenue": 836565, 
        "long_term_average": 249791, 
        "date": "2015-04-30", 
        "operating_revenue": 197009, 
        "short_term_average": 198083
    }, 
    {
        "accumulated_operating_revenue_yoy": -2.9034777790897284, 
        "accumulated_operating_revenue": 1069023, 
        "long_term_average": 245807, 
        "date": "2015-05-31", 
        "operating_revenue": 232458, 
        "short_term_average": 218418
    }, 
    {
        "accumulated_operating_revenue_yoy": -4.615231883839027, 
        "accumulated_operating_revenue": 1325916, 
        "long_term_average": 243124, 
        "date": "2015-06-30", 
        "operating_revenue": 256893, 
        "short_term_average": 228786
    }, 
    {
        "accumulated_operating_revenue_yoy": -5.627201019743064, 
        "accumulated_operating_revenue": 1566613, 
        "long_term_average": 240686, 
        "date": "2015-07-31", 
        "operating_revenue": 240697, 
        "short_term_average": 243349
    }, 
    {
        "accumulated_operating_revenue_yoy": -7.055283250791837, 
        "accumulated_operating_revenue": 1822302, 
        "long_term_average": 236943, 
        "date": "2015-08-31", 
        "operating_revenue": 255689, 
        "short_term_average": 251093
    }
]