[
    {
        "date": "2011-09-30", 
        "operating_revenue": 139259, 
        "accumulated_operating_revenue": 139259, 
        "long_term_average": 139259, 
        "short_term_average": 139259
    }, 
    {
        "date": "2011-10-31", 
        "operating_revenue": 117595, 
        "accumulated_operating_revenue": 256854, 
        "long_term_average": 128427, 
        "short_term_average": 128427
    }, 
    {
        "date": "2011-11-30", 
        "operating_revenue": 129360, 
        "accumulated_operating_revenue": 386214, 
        "long_term_average": 128738, 
        "short_term_average": 128738
    }, 
    {
        "date": "2011-12-31", 
        "operating_revenue": 131264, 
        "accumulated_operating_revenue": 517478, 
        "long_term_average": 129369, 
        "short_term_average": 126073
    }, 
    {
        "date": "2012-01-31", 
        "operating_revenue": 104305, 
        "accumulated_operating_revenue": 104305, 
        "long_term_average": 124356, 
        "short_term_average": 121643
    }, 
    {
        "date": "2012-02-29", 
        "operating_revenue": 126607, 
        "accumulated_operating_revenue": 230912, 
        "long_term_average": 124731, 
        "short_term_average": 120725
    }, 
    {
        "date": "2012-03-31", 
        "operating_revenue": 157824, 
        "accumulated_operating_revenue": 388736, 
        "long_term_average": 129459, 
        "short_term_average": 129578
    }, 
    {
        "date": "2012-04-30", 
        "operating_revenue": 128817, 
        "accumulated_operating_revenue": 517553, 
        "long_term_average": 129378, 
        "short_term_average": 137749
    }, 
    {
        "date": "2012-05-31", 
        "operating_revenue": 123205, 
        "accumulated_operating_revenue": 640758, 
        "long_term_average": 128692, 
        "short_term_average": 136615
    }, 
    {
        "date": "2012-06-30", 
        "operating_revenue": 110794, 
        "accumulated_operating_revenue": 751552, 
        "long_term_average": 126903, 
        "short_term_average": 120938
    }, 
    {
        "date": "2012-07-31", 
        "operating_revenue": 129130, 
        "accumulated_operating_revenue": 880682, 
        "long_term_average": 127105, 
        "short_term_average": 121043
    }, 
    {
        "date": "2012-08-31", 
        "operating_revenue": 150667, 
        "accumulated_operating_revenue": 1031349, 
        "long_term_average": 129068, 
        "short_term_average": 130197
    }, 
    {
        "accumulated_operating_revenue_yoy": 740.787309976375, 
        "accumulated_operating_revenue": 1170872, 
        "long_term_average": 129090, 
        "date": "2012-09-30", 
        "operating_revenue": 139523, 
        "short_term_average": 139773
    }, 
    {
        "accumulated_operating_revenue_yoy": 419.7657034735687, 
        "accumulated_operating_revenue": 1335039, 
        "long_term_average": 132971, 
        "date": "2012-10-31", 
        "operating_revenue": 164167, 
        "short_term_average": 151452
    }, 
    {
        "accumulated_operating_revenue_yoy": 276.04695842201477, 
        "accumulated_operating_revenue": 1452346, 
        "long_term_average": 131967, 
        "date": "2012-11-30", 
        "operating_revenue": 117307, 
        "short_term_average": 140332
    }, 
    {
        "accumulated_operating_revenue_yoy": 201.852639146012, 
        "accumulated_operating_revenue": 1562021, 
        "long_term_average": 130168, 
        "date": "2012-12-31", 
        "operating_revenue": 109675, 
        "short_term_average": 130383
    }, 
    {
        "accumulated_operating_revenue_yoy": 18.56478596423949, 
        "accumulated_operating_revenue": 123669, 
        "long_term_average": 131782, 
        "date": "2013-01-31", 
        "operating_revenue": 123669, 
        "short_term_average": 116883
    }, 
    {
        "accumulated_operating_revenue_yoy": -9.210868209534368, 
        "accumulated_operating_revenue": 209643, 
        "long_term_average": 128396, 
        "date": "2013-02-28", 
        "operating_revenue": 85974, 
        "short_term_average": 106439
    }, 
    {
        "accumulated_operating_revenue_yoy": -11.98602650642081, 
        "accumulated_operating_revenue": 342142, 
        "long_term_average": 126285, 
        "date": "2013-03-31", 
        "operating_revenue": 132499, 
        "short_term_average": 114047
    }, 
    {
        "accumulated_operating_revenue_yoy": -10.091526858118877, 
        "accumulated_operating_revenue": 465324, 
        "long_term_average": 125816, 
        "date": "2013-04-30", 
        "operating_revenue": 123182, 
        "short_term_average": 113885
    }, 
    {
        "accumulated_operating_revenue_yoy": -8.831259227352604, 
        "accumulated_operating_revenue": 584171, 
        "long_term_average": 125452, 
        "date": "2013-05-31", 
        "operating_revenue": 118847, 
        "short_term_average": 124842
    }, 
    {
        "accumulated_operating_revenue_yoy": -8.713701779783701, 
        "accumulated_operating_revenue": 686064, 
        "long_term_average": 124711, 
        "date": "2013-06-30", 
        "operating_revenue": 101893, 
        "short_term_average": 114640
    }, 
    {
        "accumulated_operating_revenue_yoy": -10.699094565348219, 
        "accumulated_operating_revenue": 786457, 
        "long_term_average": 122316, 
        "date": "2013-07-31", 
        "operating_revenue": 100393, 
        "short_term_average": 107044
    }, 
    {
        "accumulated_operating_revenue_yoy": -14.497323408467938, 
        "accumulated_operating_revenue": 881831, 
        "long_term_average": 117708, 
        "date": "2013-08-31", 
        "operating_revenue": 95374, 
        "short_term_average": 99220
    }, 
    {
        "accumulated_operating_revenue_yoy": -15.673361392193168, 
        "accumulated_operating_revenue": 987357, 
        "long_term_average": 114875, 
        "date": "2013-09-30", 
        "operating_revenue": 105526, 
        "short_term_average": 100431
    }, 
    {
        "accumulated_operating_revenue_yoy": -18.00703949472637, 
        "accumulated_operating_revenue": 1094638, 
        "long_term_average": 110135, 
        "date": "2013-10-31", 
        "operating_revenue": 107281, 
        "short_term_average": 102727
    }, 
    {
        "accumulated_operating_revenue_yoy": -18.182926107139757, 
        "accumulated_operating_revenue": 1188267, 
        "long_term_average": 108161, 
        "date": "2013-11-30", 
        "operating_revenue": 93629, 
        "short_term_average": 102145
    }, 
    {
        "accumulated_operating_revenue_yoy": -17.636190550575183, 
        "accumulated_operating_revenue": 1286540, 
        "long_term_average": 107211, 
        "date": "2013-12-31", 
        "operating_revenue": 98273, 
        "short_term_average": 99727
    }, 
    {
        "accumulated_operating_revenue_yoy": -30.550097437514655, 
        "accumulated_operating_revenue": 85888, 
        "long_term_average": 104063, 
        "date": "2014-01-31", 
        "operating_revenue": 85888, 
        "short_term_average": 92596
    }, 
    {
        "accumulated_operating_revenue_yoy": -25.69797226713985, 
        "accumulated_operating_revenue": 155769, 
        "long_term_average": 102722, 
        "date": "2014-02-28", 
        "operating_revenue": 69881, 
        "short_term_average": 84680
    }, 
    {
        "accumulated_operating_revenue_yoy": -26.137977798691768, 
        "accumulated_operating_revenue": 252713, 
        "long_term_average": 99759, 
        "date": "2014-03-31", 
        "operating_revenue": 96944, 
        "short_term_average": 84237
    }, 
    {
        "accumulated_operating_revenue_yoy": -27.874986031238446, 
        "accumulated_operating_revenue": 335615, 
        "long_term_average": 96402, 
        "date": "2014-04-30", 
        "operating_revenue": 82902, 
        "short_term_average": 83242
    }, 
    {
        "accumulated_operating_revenue_yoy": -31.10236557446364, 
        "accumulated_operating_revenue": 402480, 
        "long_term_average": 92070, 
        "date": "2014-05-31", 
        "operating_revenue": 66865, 
        "short_term_average": 82237
    }, 
    {
        "accumulated_operating_revenue_yoy": -33.75720049441451, 
        "accumulated_operating_revenue": 454468, 
        "long_term_average": 87912, 
        "date": "2014-06-30", 
        "operating_revenue": 51988, 
        "short_term_average": 67251
    }, 
    {
        "accumulated_operating_revenue_yoy": -35.27961477868466, 
        "accumulated_operating_revenue": 508998, 
        "long_term_average": 84090, 
        "date": "2014-07-31", 
        "operating_revenue": 54530, 
        "short_term_average": 57794
    }, 
    {
        "accumulated_operating_revenue_yoy": -34.69066068214885, 
        "accumulated_operating_revenue": 575918, 
        "long_term_average": 81718, 
        "date": "2014-08-31", 
        "operating_revenue": 66920, 
        "short_term_average": 57812
    }, 
    {
        "accumulated_operating_revenue_yoy": -34.88809012343053, 
        "accumulated_operating_revenue": 642887, 
        "long_term_average": 78505, 
        "date": "2014-09-30", 
        "operating_revenue": 66969, 
        "short_term_average": 62806
    }, 
    {
        "accumulated_operating_revenue_yoy": -36.00258715666732, 
        "accumulated_operating_revenue": 700540, 
        "long_term_average": 74370, 
        "date": "2014-10-31", 
        "operating_revenue": 57653, 
        "short_term_average": 63847
    }, 
    {
        "accumulated_operating_revenue_yoy": -36.42018165950918, 
        "accumulated_operating_revenue": 755498, 
        "long_term_average": 71147, 
        "date": "2014-11-30", 
        "operating_revenue": 54958, 
        "short_term_average": 59860
    }, 
    {
        "accumulated_operating_revenue_yoy": -37.14420072442365, 
        "accumulated_operating_revenue": 808665, 
        "long_term_average": 67388, 
        "date": "2014-12-31", 
        "operating_revenue": 53167, 
        "short_term_average": 55259
    }, 
    {
        "accumulated_operating_revenue_yoy": -25.773099850968705, 
        "accumulated_operating_revenue": 63752, 
        "long_term_average": 65544, 
        "date": "2015-01-31", 
        "operating_revenue": 63752, 
        "short_term_average": 57292
    }, 
    {
        "accumulated_operating_revenue_yoy": -28.853622993021716, 
        "accumulated_operating_revenue": 110824, 
        "long_term_average": 63643, 
        "date": "2015-02-28", 
        "operating_revenue": 47072, 
        "short_term_average": 54663
    }, 
    {
        "accumulated_operating_revenue_yoy": -13.648684476065734, 
        "accumulated_operating_revenue": 218221, 
        "long_term_average": 64514, 
        "date": "2015-03-31", 
        "operating_revenue": 107397, 
        "short_term_average": 72740
    }, 
    {
        "accumulated_operating_revenue_yoy": -1.0494167423982836, 
        "accumulated_operating_revenue": 332093, 
        "long_term_average": 67095, 
        "date": "2015-04-30", 
        "operating_revenue": 113872, 
        "short_term_average": 89447
    }, 
    {
        "accumulated_operating_revenue_yoy": 7.84908566885311, 
        "accumulated_operating_revenue": 434071, 
        "long_term_average": 70021, 
        "date": "2015-05-31", 
        "operating_revenue": 101978, 
        "short_term_average": 107749
    }, 
    {
        "accumulated_operating_revenue_yoy": 15.574473890350916, 
        "accumulated_operating_revenue": 525249, 
        "long_term_average": 73287, 
        "date": "2015-06-30", 
        "operating_revenue": 91178, 
        "short_term_average": 102342
    }, 
    {
        "accumulated_operating_revenue_yoy": 14.643672470225816, 
        "accumulated_operating_revenue": 583534, 
        "long_term_average": 73600, 
        "date": "2015-07-31", 
        "operating_revenue": 58285, 
        "short_term_average": 83813
    }, 
    {
        "accumulated_operating_revenue_yoy": 12.844189624217336, 
        "accumulated_operating_revenue": 649890, 
        "long_term_average": 73553, 
        "date": "2015-08-31", 
        "operating_revenue": 66356, 
        "short_term_average": 71939
    }
]