[
    {
        "date": "2012-01-31", 
        "operating_revenue": 1195596, 
        "accumulated_operating_revenue": 1195596, 
        "long_term_average": 1195596, 
        "short_term_average": 1195596
    }, 
    {
        "date": "2012-02-29", 
        "operating_revenue": 1401784, 
        "accumulated_operating_revenue": 2597380, 
        "long_term_average": 1298690, 
        "short_term_average": 1298690
    }, 
    {
        "date": "2012-03-31", 
        "operating_revenue": 1504708, 
        "accumulated_operating_revenue": 4102088, 
        "long_term_average": 1367362, 
        "short_term_average": 1367362
    }, 
    {
        "date": "2012-04-30", 
        "operating_revenue": 1365514, 
        "accumulated_operating_revenue": 5467602, 
        "long_term_average": 1366900, 
        "short_term_average": 1424002
    }, 
    {
        "date": "2012-05-31", 
        "operating_revenue": 1444810, 
        "accumulated_operating_revenue": 6912412, 
        "long_term_average": 1382482, 
        "short_term_average": 1438344
    }, 
    {
        "date": "2012-06-30", 
        "operating_revenue": 1338405, 
        "accumulated_operating_revenue": 8250817, 
        "long_term_average": 1375136, 
        "short_term_average": 1382909
    }, 
    {
        "date": "2012-07-31", 
        "operating_revenue": 1488708, 
        "accumulated_operating_revenue": 9739525, 
        "long_term_average": 1391360, 
        "short_term_average": 1423974
    }, 
    {
        "date": "2012-08-31", 
        "operating_revenue": 1441187, 
        "accumulated_operating_revenue": 11180712, 
        "long_term_average": 1397589, 
        "short_term_average": 1422766
    }, 
    {
        "date": "2012-09-30", 
        "operating_revenue": 1394395, 
        "accumulated_operating_revenue": 12575107, 
        "long_term_average": 1397234, 
        "short_term_average": 1441430
    }, 
    {
        "date": "2012-10-31", 
        "operating_revenue": 1445282, 
        "accumulated_operating_revenue": 14020389, 
        "long_term_average": 1402038, 
        "short_term_average": 1426954
    }, 
    {
        "date": "2012-11-30", 
        "operating_revenue": 1491924, 
        "accumulated_operating_revenue": 15512313, 
        "long_term_average": 1410210, 
        "short_term_average": 1443867
    }, 
    {
        "date": "2012-12-31", 
        "operating_revenue": 1492509, 
        "accumulated_operating_revenue": 17004822, 
        "long_term_average": 1417068, 
        "short_term_average": 1476571
    }, 
    {
        "accumulated_operating_revenue_yoy": 31.511731387525554, 
        "accumulated_operating_revenue": 1572349, 
        "long_term_average": 1448464, 
        "date": "2013-01-31", 
        "operating_revenue": 1572349, 
        "short_term_average": 1518927
    }, 
    {
        "accumulated_operating_revenue_yoy": 9.186872925794455, 
        "accumulated_operating_revenue": 2835998, 
        "long_term_average": 1436953, 
        "date": "2013-02-28", 
        "operating_revenue": 1263649, 
        "short_term_average": 1442835
    }, 
    {
        "accumulated_operating_revenue_yoy": 12.554728226210651, 
        "accumulated_operating_revenue": 4617094, 
        "long_term_average": 1459985, 
        "date": "2013-03-31", 
        "operating_revenue": 1781096, 
        "short_term_average": 1539031
    }, 
    {
        "accumulated_operating_revenue_yoy": 14.910485437674506, 
        "accumulated_operating_revenue": 6282848, 
        "long_term_average": 1485005, 
        "date": "2013-04-30", 
        "operating_revenue": 1665754, 
        "short_term_average": 1570166
    }, 
    {
        "accumulated_operating_revenue_yoy": 15.029471622929883, 
        "accumulated_operating_revenue": 7951311, 
        "long_term_average": 1503643, 
        "date": "2013-05-31", 
        "operating_revenue": 1668463, 
        "short_term_average": 1705104
    }, 
    {
        "accumulated_operating_revenue_yoy": 15.318579966080934, 
        "accumulated_operating_revenue": 9514725, 
        "long_term_average": 1522394, 
        "date": "2013-06-30", 
        "operating_revenue": 1563414, 
        "short_term_average": 1632543
    }, 
    {
        "accumulated_operating_revenue_yoy": 14.745996339657221, 
        "accumulated_operating_revenue": 11175715, 
        "long_term_average": 1536751, 
        "date": "2013-07-31", 
        "operating_revenue": 1660990, 
        "short_term_average": 1630955
    }, 
    {
        "accumulated_operating_revenue_yoy": 14.056814986380118, 
        "accumulated_operating_revenue": 12752364, 
        "long_term_average": 1548039, 
        "date": "2013-08-31", 
        "operating_revenue": 1576649, 
        "short_term_average": 1600351
    }, 
    {
        "accumulated_operating_revenue_yoy": 13.530771547311685, 
        "accumulated_operating_revenue": 14276616, 
        "long_term_average": 1558860, 
        "date": "2013-09-30", 
        "operating_revenue": 1524252, 
        "short_term_average": 1587297
    }, 
    {
        "accumulated_operating_revenue_yoy": 14.08161357006571, 
        "accumulated_operating_revenue": 15994686, 
        "long_term_average": 1581593, 
        "date": "2013-10-31", 
        "operating_revenue": 1718070, 
        "short_term_average": 1606323
    }, 
    {
        "accumulated_operating_revenue_yoy": 14.453473186107063, 
        "accumulated_operating_revenue": 17754381, 
        "long_term_average": 1603907, 
        "date": "2013-11-30", 
        "operating_revenue": 1759695, 
        "short_term_average": 1667339
    }, 
    {
        "accumulated_operating_revenue_yoy": 15.357614446067123, 
        "accumulated_operating_revenue": 19616357, 
        "long_term_average": 1634696, 
        "date": "2013-12-31", 
        "operating_revenue": 1861976, 
        "short_term_average": 1779913
    }, 
    {
        "accumulated_operating_revenue_yoy": 10.880472465082498, 
        "accumulated_operating_revenue": 1743428, 
        "long_term_average": 1648953, 
        "date": "2014-01-31", 
        "operating_revenue": 1743428, 
        "short_term_average": 1788366
    }, 
    {
        "accumulated_operating_revenue_yoy": 16.554842422314824, 
        "accumulated_operating_revenue": 3305493, 
        "long_term_average": 1673821, 
        "date": "2014-02-28", 
        "operating_revenue": 1562065, 
        "short_term_average": 1722489
    }, 
    {
        "accumulated_operating_revenue_yoy": 12.643342327446657, 
        "accumulated_operating_revenue": 5200849, 
        "long_term_average": 1683342, 
        "date": "2014-03-31", 
        "operating_revenue": 1895356, 
        "short_term_average": 1733616
    }, 
    {
        "accumulated_operating_revenue_yoy": 11.659919195880594, 
        "accumulated_operating_revenue": 7015423, 
        "long_term_average": 1695744, 
        "date": "2014-04-30", 
        "operating_revenue": 1814574, 
        "short_term_average": 1757331
    }, 
    {
        "accumulated_operating_revenue_yoy": 11.338243467020721, 
        "accumulated_operating_revenue": 8852850, 
        "long_term_average": 1709824, 
        "date": "2014-05-31", 
        "operating_revenue": 1837427, 
        "short_term_average": 1849119
    }, 
    {
        "accumulated_operating_revenue_yoy": 10.515469443415338, 
        "accumulated_operating_revenue": 10515243, 
        "long_term_average": 1718072, 
        "date": "2014-06-30", 
        "operating_revenue": 1662393, 
        "short_term_average": 1771464
    }, 
    {
        "accumulated_operating_revenue_yoy": 9.783830385796346, 
        "accumulated_operating_revenue": 12269128, 
        "long_term_average": 1725814, 
        "date": "2014-07-31", 
        "operating_revenue": 1753885, 
        "short_term_average": 1751235
    }, 
    {
        "accumulated_operating_revenue_yoy": 9.231621682066164, 
        "accumulated_operating_revenue": 13929614, 
        "long_term_average": 1732800, 
        "date": "2014-08-31", 
        "operating_revenue": 1660486, 
        "short_term_average": 1692254
    }, 
    {
        "accumulated_operating_revenue_yoy": 9.250728604033338, 
        "accumulated_operating_revenue": 15597307, 
        "long_term_average": 1744754, 
        "date": "2014-09-30", 
        "operating_revenue": 1667693, 
        "short_term_average": 1694021
    }, 
    {
        "accumulated_operating_revenue_yoy": 8.905413960611668, 
        "accumulated_operating_revenue": 17419079, 
        "long_term_average": 1753395, 
        "date": "2014-10-31", 
        "operating_revenue": 1821772, 
        "short_term_average": 1716650
    }, 
    {
        "accumulated_operating_revenue_yoy": 8.389760251286711, 
        "accumulated_operating_revenue": 19243931, 
        "long_term_average": 1758825, 
        "date": "2014-11-30", 
        "operating_revenue": 1824852, 
        "short_term_average": 1771439
    }, 
    {
        "accumulated_operating_revenue_yoy": 7.791971771313093, 
        "accumulated_operating_revenue": 21144858, 
        "long_term_average": 1762071, 
        "date": "2014-12-31", 
        "operating_revenue": 1900927, 
        "short_term_average": 1849183
    }, 
    {
        "accumulated_operating_revenue_yoy": 6.6724866183174765, 
        "accumulated_operating_revenue": 1859758, 
        "long_term_average": 1771765, 
        "date": "2015-01-31", 
        "operating_revenue": 1859758, 
        "short_term_average": 1861845
    }, 
    {
        "accumulated_operating_revenue_yoy": 6.191058338347713, 
        "accumulated_operating_revenue": 3510138, 
        "long_term_average": 1779125, 
        "date": "2015-02-28", 
        "operating_revenue": 1650380, 
        "short_term_average": 1803688
    }, 
    {
        "accumulated_operating_revenue_yoy": 7.909727815593184, 
        "accumulated_operating_revenue": 5612222, 
        "long_term_average": 1796352, 
        "date": "2015-03-31", 
        "operating_revenue": 2102084, 
        "short_term_average": 1870740
    }, 
    {
        "accumulated_operating_revenue_yoy": 7.295939246999077, 
        "accumulated_operating_revenue": 7527264, 
        "long_term_average": 1804724, 
        "date": "2015-04-30", 
        "operating_revenue": 1915042, 
        "short_term_average": 1889168
    }, 
    {
        "accumulated_operating_revenue_yoy": 5.264282123835827, 
        "accumulated_operating_revenue": 9318889, 
        "long_term_average": 1800908, 
        "date": "2015-05-31", 
        "operating_revenue": 1791625, 
        "short_term_average": 1936250
    }, 
    {
        "accumulated_operating_revenue_yoy": 5.535497372718823, 
        "accumulated_operating_revenue": 11097314, 
        "long_term_average": 1810577, 
        "date": "2015-06-30", 
        "operating_revenue": 1778425, 
        "short_term_average": 1828364
    }, 
    {
        "accumulated_operating_revenue_yoy": 5.2699425745660164, 
        "accumulated_operating_revenue": 12915704, 
        "long_term_average": 1815952, 
        "date": "2015-07-31", 
        "operating_revenue": 1818390, 
        "short_term_average": 1796146
    }, 
    {
        "accumulated_operating_revenue_yoy": 4.612223999889731, 
        "accumulated_operating_revenue": 14572079, 
        "long_term_average": 1815610, 
        "date": "2015-08-31", 
        "operating_revenue": 1656375, 
        "short_term_average": 1751063
    }
]