[
    {
        "date": "2012-01-31", 
        "operating_revenue": 309835, 
        "accumulated_operating_revenue": 309835, 
        "long_term_average": 309835, 
        "short_term_average": 309835
    }, 
    {
        "date": "2012-02-29", 
        "operating_revenue": 463845, 
        "accumulated_operating_revenue": 773680, 
        "long_term_average": 386840, 
        "short_term_average": 386840
    }, 
    {
        "date": "2012-03-31", 
        "operating_revenue": 545833, 
        "accumulated_operating_revenue": 1319513, 
        "long_term_average": 439837, 
        "short_term_average": 439837
    }, 
    {
        "date": "2012-04-30", 
        "operating_revenue": 467618, 
        "accumulated_operating_revenue": 1787131, 
        "long_term_average": 446782, 
        "short_term_average": 492432
    }, 
    {
        "date": "2012-05-31", 
        "operating_revenue": 435005, 
        "accumulated_operating_revenue": 2222136, 
        "long_term_average": 444427, 
        "short_term_average": 482818
    }, 
    {
        "date": "2012-06-30", 
        "operating_revenue": 431390, 
        "accumulated_operating_revenue": 2653526, 
        "long_term_average": 442254, 
        "short_term_average": 444671
    }, 
    {
        "date": "2012-07-31", 
        "operating_revenue": 453978, 
        "accumulated_operating_revenue": 3107504, 
        "long_term_average": 443929, 
        "short_term_average": 440124
    }, 
    {
        "date": "2012-08-31", 
        "operating_revenue": 483774, 
        "accumulated_operating_revenue": 3591278, 
        "long_term_average": 448909, 
        "short_term_average": 456380
    }, 
    {
        "date": "2012-09-30", 
        "operating_revenue": 482087, 
        "accumulated_operating_revenue": 4073365, 
        "long_term_average": 452596, 
        "short_term_average": 473279
    }, 
    {
        "date": "2012-10-31", 
        "operating_revenue": 435395, 
        "accumulated_operating_revenue": 4508760, 
        "long_term_average": 450876, 
        "short_term_average": 467085
    }, 
    {
        "date": "2012-11-30", 
        "operating_revenue": 477145, 
        "accumulated_operating_revenue": 4985905, 
        "long_term_average": 453264, 
        "short_term_average": 464875
    }, 
    {
        "date": "2012-12-31", 
        "operating_revenue": 491758, 
        "accumulated_operating_revenue": 5477663, 
        "long_term_average": 456471, 
        "short_term_average": 468099
    }, 
    {
        "accumulated_operating_revenue_yoy": 59.29672244904546, 
        "accumulated_operating_revenue": 493557, 
        "long_term_average": 471782, 
        "date": "2013-01-31", 
        "operating_revenue": 493557, 
        "short_term_average": 487486
    }, 
    {
        "accumulated_operating_revenue_yoy": 5.509254472133182, 
        "accumulated_operating_revenue": 816304, 
        "long_term_average": 460023, 
        "date": "2013-02-28", 
        "operating_revenue": 322747, 
        "short_term_average": 436020
    }, 
    {
        "accumulated_operating_revenue_yoy": -6.899818342070143, 
        "accumulated_operating_revenue": 1228469, 
        "long_term_average": 448884, 
        "date": "2013-03-31", 
        "operating_revenue": 412165, 
        "short_term_average": 409489
    }, 
    {
        "accumulated_operating_revenue_yoy": -1.219944145113033, 
        "accumulated_operating_revenue": 1765329, 
        "long_term_average": 454655, 
        "date": "2013-04-30", 
        "operating_revenue": 536860, 
        "short_term_average": 423924
    }, 
    {
        "accumulated_operating_revenue_yoy": 5.610187675281801, 
        "accumulated_operating_revenue": 2346802, 
        "long_term_average": 466860, 
        "date": "2013-05-31", 
        "operating_revenue": 581473, 
        "short_term_average": 510166
    }, 
    {
        "accumulated_operating_revenue_yoy": 6.828461450914745, 
        "accumulated_operating_revenue": 2834721, 
        "long_term_average": 471571, 
        "date": "2013-06-30", 
        "operating_revenue": 487919, 
        "short_term_average": 535417
    }, 
    {
        "accumulated_operating_revenue_yoy": 7.706410031974214, 
        "accumulated_operating_revenue": 3346981, 
        "long_term_average": 476428, 
        "date": "2013-07-31", 
        "operating_revenue": 512260, 
        "short_term_average": 527217
    }, 
    {
        "accumulated_operating_revenue_yoy": 8.636869660327049, 
        "accumulated_operating_revenue": 3901452, 
        "long_term_average": 482319, 
        "date": "2013-08-31", 
        "operating_revenue": 554471, 
        "short_term_average": 518216
    }, 
    {
        "accumulated_operating_revenue_yoy": 7.3638871056239745, 
        "accumulated_operating_revenue": 4373323, 
        "long_term_average": 481468, 
        "date": "2013-09-30", 
        "operating_revenue": 471871, 
        "short_term_average": 512867
    }, 
    {
        "accumulated_operating_revenue_yoy": 6.578083552905898, 
        "accumulated_operating_revenue": 4805350, 
        "long_term_average": 481187, 
        "date": "2013-10-31", 
        "operating_revenue": 432027, 
        "short_term_average": 486123
    }, 
    {
        "accumulated_operating_revenue_yoy": 7.132386196688464, 
        "accumulated_operating_revenue": 5341519, 
        "long_term_average": 486106, 
        "date": "2013-11-30", 
        "operating_revenue": 536169, 
        "short_term_average": 480022
    }, 
    {
        "accumulated_operating_revenue_yoy": 7.527388961314342, 
        "accumulated_operating_revenue": 5889988, 
        "long_term_average": 490832, 
        "date": "2013-12-31", 
        "operating_revenue": 548469, 
        "short_term_average": 505555
    }, 
    {
        "accumulated_operating_revenue_yoy": -1.5931290610810909, 
        "accumulated_operating_revenue": 485694, 
        "long_term_average": 490177, 
        "date": "2014-01-31", 
        "operating_revenue": 485694, 
        "short_term_average": 523444
    }, 
    {
        "accumulated_operating_revenue_yoy": 5.141834414629844, 
        "accumulated_operating_revenue": 858277, 
        "long_term_average": 494330, 
        "date": "2014-02-28", 
        "operating_revenue": 372583, 
        "short_term_average": 468915
    }, 
    {
        "accumulated_operating_revenue_yoy": 5.1406262591892835, 
        "accumulated_operating_revenue": 1291620, 
        "long_term_average": 496094, 
        "date": "2014-03-31", 
        "operating_revenue": 433343, 
        "short_term_average": 430540
    }, 
    {
        "accumulated_operating_revenue_yoy": 2.2629209626081033, 
        "accumulated_operating_revenue": 1805277, 
        "long_term_average": 494161, 
        "date": "2014-04-30", 
        "operating_revenue": 513657, 
        "short_term_average": 439861
    }, 
    {
        "accumulated_operating_revenue_yoy": -1.051984786104665, 
        "accumulated_operating_revenue": 2322114, 
        "long_term_average": 488775, 
        "date": "2014-05-31", 
        "operating_revenue": 516837, 
        "short_term_average": 487945
    }, 
    {
        "accumulated_operating_revenue_yoy": -0.26175415499444216, 
        "accumulated_operating_revenue": 2827301, 
        "long_term_average": 490214, 
        "date": "2014-06-30", 
        "operating_revenue": 505187, 
        "short_term_average": 511893
    }, 
    {
        "accumulated_operating_revenue_yoy": 0.0074096626183417225, 
        "accumulated_operating_revenue": 3347229, 
        "long_term_average": 490853, 
        "date": "2014-07-31", 
        "operating_revenue": 519928, 
        "short_term_average": 513984
    }, 
    {
        "accumulated_operating_revenue_yoy": -2.8934612036749394, 
        "accumulated_operating_revenue": 3788565, 
        "long_term_average": 481425, 
        "date": "2014-08-31", 
        "operating_revenue": 441336, 
        "short_term_average": 488817
    }, 
    {
        "accumulated_operating_revenue_yoy": -3.6378515833383447, 
        "accumulated_operating_revenue": 4214228, 
        "long_term_average": 477574, 
        "date": "2014-09-30", 
        "operating_revenue": 425663, 
        "short_term_average": 462309
    }, 
    {
        "accumulated_operating_revenue_yoy": -3.8219900735638404, 
        "accumulated_operating_revenue": 4621690, 
        "long_term_average": 475527, 
        "date": "2014-10-31", 
        "operating_revenue": 407462, 
        "short_term_average": 424820
    }, 
    {
        "accumulated_operating_revenue_yoy": -6.682818127203142, 
        "accumulated_operating_revenue": 4984555, 
        "long_term_average": 461085, 
        "date": "2014-11-30", 
        "operating_revenue": 362865, 
        "short_term_average": 398663
    }, 
    {
        "accumulated_operating_revenue_yoy": -8.873277840294412, 
        "accumulated_operating_revenue": 5367353, 
        "long_term_average": 447279, 
        "date": "2014-12-31", 
        "operating_revenue": 382798, 
        "short_term_average": 384375
    }, 
    {
        "accumulated_operating_revenue_yoy": -10.248633913534036, 
        "accumulated_operating_revenue": 435917, 
        "long_term_average": 443131, 
        "date": "2015-01-31", 
        "operating_revenue": 435917, 
        "short_term_average": 393860
    }, 
    {
        "accumulated_operating_revenue_yoy": -8.054043158560697, 
        "accumulated_operating_revenue": 789151, 
        "long_term_average": 441518, 
        "date": "2015-02-28", 
        "operating_revenue": 353234, 
        "short_term_average": 390649
    }, 
    {
        "accumulated_operating_revenue_yoy": -1.0116752605255415, 
        "accumulated_operating_revenue": 1278553, 
        "long_term_average": 446190, 
        "date": "2015-03-31", 
        "operating_revenue": 489402, 
        "short_term_average": 426184
    }, 
    {
        "accumulated_operating_revenue_yoy": -6.848145741623031, 
        "accumulated_operating_revenue": 1681649, 
        "long_term_average": 436977, 
        "date": "2015-04-30", 
        "operating_revenue": 403096, 
        "short_term_average": 415244
    }, 
    {
        "accumulated_operating_revenue_yoy": -10.826126538145845, 
        "accumulated_operating_revenue": 2070719, 
        "long_term_average": 426329, 
        "date": "2015-05-31", 
        "operating_revenue": 389070, 
        "short_term_average": 427189
    }, 
    {
        "accumulated_operating_revenue_yoy": -13.199514307107732, 
        "accumulated_operating_revenue": 2454111, 
        "long_term_average": 416180, 
        "date": "2015-06-30", 
        "operating_revenue": 383392, 
        "short_term_average": 391852
    }, 
    {
        "accumulated_operating_revenue_yoy": -12.513275906727625, 
        "accumulated_operating_revenue": 2928381, 
        "long_term_average": 412375, 
        "date": "2015-07-31", 
        "operating_revenue": 474270, 
        "short_term_average": 415577
    }, 
    {
        "accumulated_operating_revenue_yoy": -12.788826376213686, 
        "accumulated_operating_revenue": 3304052, 
        "long_term_average": 406903, 
        "date": "2015-08-31", 
        "operating_revenue": 375671, 
        "short_term_average": 411111
    }
]