[
    {
        "date": "2012-01-31", 
        "operating_revenue": 215587, 
        "accumulated_operating_revenue": 215587, 
        "long_term_average": 215587, 
        "short_term_average": 215587
    }, 
    {
        "date": "2012-02-29", 
        "operating_revenue": 228402, 
        "accumulated_operating_revenue": 443989, 
        "long_term_average": 221994, 
        "short_term_average": 221994
    }, 
    {
        "date": "2012-03-31", 
        "operating_revenue": 305272, 
        "accumulated_operating_revenue": 749261, 
        "long_term_average": 249753, 
        "short_term_average": 249753
    }, 
    {
        "date": "2012-04-30", 
        "operating_revenue": 259824, 
        "accumulated_operating_revenue": 1009085, 
        "long_term_average": 252271, 
        "short_term_average": 264499
    }, 
    {
        "date": "2012-05-31", 
        "operating_revenue": 249538, 
        "accumulated_operating_revenue": 1258623, 
        "long_term_average": 251724, 
        "short_term_average": 271544
    }, 
    {
        "date": "2012-06-30", 
        "operating_revenue": 267645, 
        "accumulated_operating_revenue": 1526268, 
        "long_term_average": 254378, 
        "short_term_average": 259002
    }, 
    {
        "date": "2012-07-31", 
        "operating_revenue": 255679, 
        "accumulated_operating_revenue": 1781947, 
        "long_term_average": 254563, 
        "short_term_average": 257620
    }, 
    {
        "date": "2012-08-31", 
        "operating_revenue": 254862, 
        "accumulated_operating_revenue": 2036809, 
        "long_term_average": 254601, 
        "short_term_average": 259395
    }, 
    {
        "date": "2012-09-30", 
        "operating_revenue": 247172, 
        "accumulated_operating_revenue": 2283981, 
        "long_term_average": 253775, 
        "short_term_average": 252571
    }, 
    {
        "date": "2012-10-31", 
        "operating_revenue": 248191, 
        "accumulated_operating_revenue": 2532172, 
        "long_term_average": 253217, 
        "short_term_average": 250075
    }, 
    {
        "date": "2012-11-30", 
        "operating_revenue": 270426, 
        "accumulated_operating_revenue": 2802598, 
        "long_term_average": 254781, 
        "short_term_average": 255263
    }, 
    {
        "date": "2012-12-31", 
        "operating_revenue": 253787, 
        "accumulated_operating_revenue": 3056385, 
        "long_term_average": 254698, 
        "short_term_average": 257468
    }, 
    {
        "accumulated_operating_revenue_yoy": 30.634036375106106, 
        "accumulated_operating_revenue": 281630, 
        "long_term_average": 260202, 
        "date": "2013-01-31", 
        "operating_revenue": 281630, 
        "short_term_average": 268614
    }, 
    {
        "accumulated_operating_revenue_yoy": 13.600787406895215, 
        "accumulated_operating_revenue": 504375, 
        "long_term_average": 259730, 
        "date": "2013-02-28", 
        "operating_revenue": 222745, 
        "short_term_average": 252720
    }, 
    {
        "accumulated_operating_revenue_yoy": 4.255126050868789, 
        "accumulated_operating_revenue": 781143, 
        "long_term_average": 257355, 
        "date": "2013-03-31", 
        "operating_revenue": 276768, 
        "short_term_average": 260381
    }, 
    {
        "accumulated_operating_revenue_yoy": 3.6647061446756215, 
        "accumulated_operating_revenue": 1046065, 
        "long_term_average": 257780, 
        "date": "2013-04-30", 
        "operating_revenue": 264922, 
        "short_term_average": 254811
    }, 
    {
        "accumulated_operating_revenue_yoy": 6.0168930648812236, 
        "accumulated_operating_revenue": 1334353, 
        "long_term_average": 261009, 
        "date": "2013-05-31", 
        "operating_revenue": 288288, 
        "short_term_average": 276659
    }, 
    {
        "accumulated_operating_revenue_yoy": 4.418031433535919, 
        "accumulated_operating_revenue": 1593699, 
        "long_term_average": 260318, 
        "date": "2013-06-30", 
        "operating_revenue": 259346, 
        "short_term_average": 270852
    }, 
    {
        "accumulated_operating_revenue_yoy": 6.231330112511764, 
        "accumulated_operating_revenue": 1892986, 
        "long_term_average": 263952, 
        "date": "2013-07-31", 
        "operating_revenue": 299287, 
        "short_term_average": 282307
    }, 
    {
        "accumulated_operating_revenue_yoy": 6.607934273660416, 
        "accumulated_operating_revenue": 2171400, 
        "long_term_average": 265914, 
        "date": "2013-08-31", 
        "operating_revenue": 278414, 
        "short_term_average": 279015
    }, 
    {
        "accumulated_operating_revenue_yoy": 7.042703069771596, 
        "accumulated_operating_revenue": 2444835, 
        "long_term_average": 268103, 
        "date": "2013-09-30", 
        "operating_revenue": 273435, 
        "short_term_average": 283712
    }, 
    {
        "accumulated_operating_revenue_yoy": 7.530491609574705, 
        "accumulated_operating_revenue": 2722857, 
        "long_term_average": 270589, 
        "date": "2013-10-31", 
        "operating_revenue": 278022, 
        "short_term_average": 276623
    }, 
    {
        "accumulated_operating_revenue_yoy": 7.08028764739003, 
        "accumulated_operating_revenue": 3001030, 
        "long_term_average": 271234, 
        "date": "2013-11-30", 
        "operating_revenue": 278173, 
        "short_term_average": 276543
    }, 
    {
        "accumulated_operating_revenue_yoy": 8.054678975325427, 
        "accumulated_operating_revenue": 3302567, 
        "long_term_average": 275213, 
        "date": "2013-12-31", 
        "operating_revenue": 301537, 
        "short_term_average": 285910
    }, 
    {
        "accumulated_operating_revenue_yoy": 7.034761921670277, 
        "accumulated_operating_revenue": 301442, 
        "long_term_average": 276864, 
        "date": "2014-01-31", 
        "operating_revenue": 301442, 
        "short_term_average": 293717
    }, 
    {
        "accumulated_operating_revenue_yoy": 7.183742255266419, 
        "accumulated_operating_revenue": 540608, 
        "long_term_average": 278233, 
        "date": "2014-02-28", 
        "operating_revenue": 239166, 
        "short_term_average": 280715
    }, 
    {
        "accumulated_operating_revenue_yoy": 5.730320824740157, 
        "accumulated_operating_revenue": 825905, 
        "long_term_average": 278944, 
        "date": "2014-03-31", 
        "operating_revenue": 285297, 
        "short_term_average": 275301
    }, 
    {
        "accumulated_operating_revenue_yoy": 5.8195236433682425, 
        "accumulated_operating_revenue": 1106941, 
        "long_term_average": 280286, 
        "date": "2014-04-30", 
        "operating_revenue": 281036, 
        "short_term_average": 268499
    }, 
    {
        "accumulated_operating_revenue_yoy": 2.9645078925891424, 
        "accumulated_operating_revenue": 1373910, 
        "long_term_average": 278510, 
        "date": "2014-05-31", 
        "operating_revenue": 266969, 
        "short_term_average": 277767
    }, 
    {
        "accumulated_operating_revenue_yoy": 3.8636530486622633, 
        "accumulated_operating_revenue": 1655274, 
        "long_term_average": 280345, 
        "date": "2014-06-30", 
        "operating_revenue": 281364, 
        "short_term_average": 276456
    }, 
    {
        "accumulated_operating_revenue_yoy": 2.922525575994751, 
        "accumulated_operating_revenue": 1948309, 
        "long_term_average": 279824, 
        "date": "2014-07-31", 
        "operating_revenue": 293035, 
        "short_term_average": 280456
    }, 
    {
        "accumulated_operating_revenue_yoy": 3.7076540480795797, 
        "accumulated_operating_revenue": 2251908, 
        "long_term_average": 281922, 
        "date": "2014-08-31", 
        "operating_revenue": 303599, 
        "short_term_average": 292666
    }, 
    {
        "accumulated_operating_revenue_yoy": 4.213126857231674, 
        "accumulated_operating_revenue": 2547839, 
        "long_term_average": 283797, 
        "date": "2014-09-30", 
        "operating_revenue": 295931, 
        "short_term_average": 297521
    }, 
    {
        "accumulated_operating_revenue_yoy": 4.31344723575274, 
        "accumulated_operating_revenue": 2840306, 
        "long_term_average": 285001, 
        "date": "2014-10-31", 
        "operating_revenue": 292467, 
        "short_term_average": 297332
    }, 
    {
        "accumulated_operating_revenue_yoy": 4.363135323538918, 
        "accumulated_operating_revenue": 3131969, 
        "long_term_average": 286125, 
        "date": "2014-11-30", 
        "operating_revenue": 291663, 
        "short_term_average": 293353
    }, 
    {
        "accumulated_operating_revenue_yoy": 4.869454578817023, 
        "accumulated_operating_revenue": 3463384, 
        "long_term_average": 288615, 
        "date": "2014-12-31", 
        "operating_revenue": 331415, 
        "short_term_average": 305181
    }, 
    {
        "accumulated_operating_revenue_yoy": -8.71311894162061, 
        "accumulated_operating_revenue": 275177, 
        "long_term_average": 286426, 
        "date": "2015-01-31", 
        "operating_revenue": 275177, 
        "short_term_average": 299418
    }, 
    {
        "accumulated_operating_revenue_yoy": -10.803021782881496, 
        "accumulated_operating_revenue": 482206, 
        "long_term_average": 283748, 
        "date": "2015-02-28", 
        "operating_revenue": 207029, 
        "short_term_average": 271207
    }, 
    {
        "accumulated_operating_revenue_yoy": -9.409193551316434, 
        "accumulated_operating_revenue": 748194, 
        "long_term_average": 282139, 
        "date": "2015-03-31", 
        "operating_revenue": 265988, 
        "short_term_average": 249398
    }, 
    {
        "accumulated_operating_revenue_yoy": -10.790276988565786, 
        "accumulated_operating_revenue": 987499, 
        "long_term_average": 278661, 
        "date": "2015-04-30", 
        "operating_revenue": 239305, 
        "short_term_average": 237440
    }, 
    {
        "accumulated_operating_revenue_yoy": -9.850135743971585, 
        "accumulated_operating_revenue": 1238578, 
        "long_term_average": 277337, 
        "date": "2015-05-31", 
        "operating_revenue": 251079, 
        "short_term_average": 252124
    }, 
    {
        "accumulated_operating_revenue_yoy": -8.839080418106006, 
        "accumulated_operating_revenue": 1508963, 
        "long_term_average": 276422, 
        "date": "2015-06-30", 
        "operating_revenue": 270385, 
        "short_term_average": 253589
    }, 
    {
        "accumulated_operating_revenue_yoy": -9.745887331013716, 
        "accumulated_operating_revenue": 1758429, 
        "long_term_average": 272792, 
        "date": "2015-07-31", 
        "operating_revenue": 249466, 
        "short_term_average": 256976
    }, 
    {
        "accumulated_operating_revenue_yoy": -10.50771168271528, 
        "accumulated_operating_revenue": 2015284, 
        "long_term_average": 268896, 
        "date": "2015-08-31", 
        "operating_revenue": 256855, 
        "short_term_average": 258902
    }, 
    {
        "accumulated_operating_revenue_yoy": -10.78855453582428, 
        "accumulated_operating_revenue": 2272964, 
        "long_term_average": 265709, 
        "date": "2015-09-30", 
        "operating_revenue": 257680, 
        "short_term_average": 254667
    }
]