[
    {
        "date": "2012-01-31", 
        "operating_revenue": 97856, 
        "accumulated_operating_revenue": 97856, 
        "long_term_average": 97856, 
        "short_term_average": 97856
    }, 
    {
        "date": "2012-02-29", 
        "operating_revenue": 106234, 
        "accumulated_operating_revenue": 204090, 
        "long_term_average": 102045, 
        "short_term_average": 102045
    }, 
    {
        "date": "2012-03-31", 
        "operating_revenue": 106197, 
        "accumulated_operating_revenue": 310287, 
        "long_term_average": 103429, 
        "short_term_average": 103429
    }, 
    {
        "date": "2012-04-30", 
        "operating_revenue": 126586, 
        "accumulated_operating_revenue": 436873, 
        "long_term_average": 109218, 
        "short_term_average": 113005
    }, 
    {
        "date": "2012-05-31", 
        "operating_revenue": 111928, 
        "accumulated_operating_revenue": 548801, 
        "long_term_average": 109760, 
        "short_term_average": 114903
    }, 
    {
        "date": "2012-06-30", 
        "operating_revenue": 84131, 
        "accumulated_operating_revenue": 632932, 
        "long_term_average": 105488, 
        "short_term_average": 107548
    }, 
    {
        "date": "2012-07-31", 
        "operating_revenue": 108385, 
        "accumulated_operating_revenue": 741317, 
        "long_term_average": 105902, 
        "short_term_average": 101481
    }, 
    {
        "date": "2012-08-31", 
        "operating_revenue": 126254, 
        "accumulated_operating_revenue": 867571, 
        "long_term_average": 108446, 
        "short_term_average": 106256
    }, 
    {
        "date": "2012-09-30", 
        "operating_revenue": 136281, 
        "accumulated_operating_revenue": 1003852, 
        "long_term_average": 111539, 
        "short_term_average": 123640
    }, 
    {
        "date": "2012-10-31", 
        "operating_revenue": 128717, 
        "accumulated_operating_revenue": 1132569, 
        "long_term_average": 113256, 
        "short_term_average": 130417
    }, 
    {
        "date": "2012-11-30", 
        "operating_revenue": 121534, 
        "accumulated_operating_revenue": 1254103, 
        "long_term_average": 114009, 
        "short_term_average": 128844
    }, 
    {
        "date": "2012-12-31", 
        "operating_revenue": 110421, 
        "accumulated_operating_revenue": 1364524, 
        "long_term_average": 113710, 
        "short_term_average": 120224
    }, 
    {
        "accumulated_operating_revenue_yoy": 26.180305755395683, 
        "accumulated_operating_revenue": 123475, 
        "long_term_average": 115845, 
        "date": "2013-01-31", 
        "operating_revenue": 123475, 
        "short_term_average": 118476
    }, 
    {
        "accumulated_operating_revenue_yoy": 15.319711891812435, 
        "accumulated_operating_revenue": 235356, 
        "long_term_average": 116315, 
        "date": "2013-02-28", 
        "operating_revenue": 111881, 
        "short_term_average": 115259
    }, 
    {
        "accumulated_operating_revenue_yoy": 24.563710371365865, 
        "accumulated_operating_revenue": 386505, 
        "long_term_average": 120061, 
        "date": "2013-03-31", 
        "operating_revenue": 151149, 
        "short_term_average": 128835
    }, 
    {
        "accumulated_operating_revenue_yoy": 15.773233868881803, 
        "accumulated_operating_revenue": 505782, 
        "long_term_average": 119452, 
        "date": "2013-04-30", 
        "operating_revenue": 119277, 
        "short_term_average": 127435
    }, 
    {
        "accumulated_operating_revenue_yoy": 16.6328049693787, 
        "accumulated_operating_revenue": 640082, 
        "long_term_average": 121317, 
        "date": "2013-05-31", 
        "operating_revenue": 134300, 
        "short_term_average": 134908
    }, 
    {
        "accumulated_operating_revenue_yoy": 17.933048099953865, 
        "accumulated_operating_revenue": 746436, 
        "long_term_average": 123169, 
        "date": "2013-06-30", 
        "operating_revenue": 106354, 
        "short_term_average": 119977
    }, 
    {
        "accumulated_operating_revenue_yoy": 16.18592316107684, 
        "accumulated_operating_revenue": 861306, 
        "long_term_average": 123709, 
        "date": "2013-07-31", 
        "operating_revenue": 114870, 
        "short_term_average": 118508
    }, 
    {
        "accumulated_operating_revenue_yoy": 11.639623731083681, 
        "accumulated_operating_revenue": 968553, 
        "long_term_average": 122125, 
        "date": "2013-08-31", 
        "operating_revenue": 107247, 
        "short_term_average": 109490
    }, 
    {
        "accumulated_operating_revenue_yoy": 8.380817092559461, 
        "accumulated_operating_revenue": 1087983, 
        "long_term_average": 120721, 
        "date": "2013-09-30", 
        "operating_revenue": 119430, 
        "short_term_average": 113849
    }, 
    {
        "accumulated_operating_revenue_yoy": 7.894883225657774, 
        "accumulated_operating_revenue": 1221984, 
        "long_term_average": 121161, 
        "date": "2013-10-31", 
        "operating_revenue": 134001, 
        "short_term_average": 120226
    }, 
    {
        "accumulated_operating_revenue_yoy": 6.744342370602734, 
        "accumulated_operating_revenue": 1338684, 
        "long_term_average": 120758, 
        "date": "2013-11-30", 
        "operating_revenue": 116700, 
        "short_term_average": 123377
    }, 
    {
        "accumulated_operating_revenue_yoy": 9.07107533469547, 
        "accumulated_operating_revenue": 1488301, 
        "long_term_average": 124025, 
        "date": "2013-12-31", 
        "operating_revenue": 149617, 
        "short_term_average": 133439
    }, 
    {
        "accumulated_operating_revenue_yoy": 6.973881352500507, 
        "accumulated_operating_revenue": 132086, 
        "long_term_average": 124742, 
        "date": "2014-01-31", 
        "operating_revenue": 132086, 
        "short_term_average": 132801
    }, 
    {
        "accumulated_operating_revenue_yoy": 2.269753054946549, 
        "accumulated_operating_revenue": 240698, 
        "long_term_average": 124470, 
        "date": "2014-02-28", 
        "operating_revenue": 108612, 
        "short_term_average": 130105
    }, 
    {
        "accumulated_operating_revenue_yoy": -2.572023647818269, 
        "accumulated_operating_revenue": 376564, 
        "long_term_average": 123196, 
        "date": "2014-03-31", 
        "operating_revenue": 135866, 
        "short_term_average": 125521
    }, 
    {
        "accumulated_operating_revenue_yoy": -2.189876270804418, 
        "accumulated_operating_revenue": 494706, 
        "long_term_average": 123102, 
        "date": "2014-04-30", 
        "operating_revenue": 118142, 
        "short_term_average": 120873
    }, 
    {
        "accumulated_operating_revenue_yoy": -6.470733437278349, 
        "accumulated_operating_revenue": 598664, 
        "long_term_average": 120573, 
        "date": "2014-05-31", 
        "operating_revenue": 103958, 
        "short_term_average": 119322
    }, 
    {
        "accumulated_operating_revenue_yoy": -2.549716251627735, 
        "accumulated_operating_revenue": 727404, 
        "long_term_average": 122439, 
        "date": "2014-06-30", 
        "operating_revenue": 128740, 
        "short_term_average": 116946
    }, 
    {
        "accumulated_operating_revenue_yoy": -0.7312151546604807, 
        "accumulated_operating_revenue": 855008, 
        "long_term_average": 123500, 
        "date": "2014-07-31", 
        "operating_revenue": 127604, 
        "short_term_average": 120100
    }, 
    {
        "accumulated_operating_revenue_yoy": 1.6112695949524702, 
        "accumulated_operating_revenue": 984159, 
        "long_term_average": 125325, 
        "date": "2014-08-31", 
        "operating_revenue": 129151, 
        "short_term_average": 128498
    }, 
    {
        "accumulated_operating_revenue_yoy": 0.7515742433475523, 
        "accumulated_operating_revenue": 1096160, 
        "long_term_average": 124706, 
        "date": "2014-09-30", 
        "operating_revenue": 112001, 
        "short_term_average": 122918
    }, 
    {
        "accumulated_operating_revenue_yoy": -0.27201665488255167, 
        "accumulated_operating_revenue": 1218660, 
        "long_term_average": 123748, 
        "date": "2014-10-31", 
        "operating_revenue": 122500, 
        "short_term_average": 121217
    }, 
    {
        "accumulated_operating_revenue_yoy": -0.5294752159583591, 
        "accumulated_operating_revenue": 1331596, 
        "long_term_average": 123434, 
        "date": "2014-11-30", 
        "operating_revenue": 112936, 
        "short_term_average": 115812
    }, 
    {
        "accumulated_operating_revenue_yoy": -2.74836877755239, 
        "accumulated_operating_revenue": 1447397, 
        "long_term_average": 120616, 
        "date": "2014-12-31", 
        "operating_revenue": 115801, 
        "short_term_average": 117079
    }, 
    {
        "accumulated_operating_revenue_yoy": -15.380131126690186, 
        "accumulated_operating_revenue": 111771, 
        "long_term_average": 118923, 
        "date": "2015-01-31", 
        "operating_revenue": 111771, 
        "short_term_average": 113502
    }, 
    {
        "accumulated_operating_revenue_yoy": -18.725955346533834, 
        "accumulated_operating_revenue": 195625, 
        "long_term_average": 116860, 
        "date": "2015-02-28", 
        "operating_revenue": 83854, 
        "short_term_average": 103808
    }, 
    {
        "accumulated_operating_revenue_yoy": -16.128201315048702, 
        "accumulated_operating_revenue": 315831, 
        "long_term_average": 115555, 
        "date": "2015-03-31", 
        "operating_revenue": 120206, 
        "short_term_average": 105277
    }, 
    {
        "accumulated_operating_revenue_yoy": -14.213694598407944, 
        "accumulated_operating_revenue": 424390, 
        "long_term_average": 114756, 
        "date": "2015-04-30", 
        "operating_revenue": 108559, 
        "short_term_average": 104206
    }, 
    {
        "accumulated_operating_revenue_yoy": -11.162688920663344, 
        "accumulated_operating_revenue": 531837, 
        "long_term_average": 115047, 
        "date": "2015-05-31", 
        "operating_revenue": 107447, 
        "short_term_average": 112070
    }, 
    {
        "accumulated_operating_revenue_yoy": -11.317369714766484, 
        "accumulated_operating_revenue": 645081, 
        "long_term_average": 113756, 
        "date": "2015-06-30", 
        "operating_revenue": 113244, 
        "short_term_average": 109750
    }, 
    {
        "accumulated_operating_revenue_yoy": -12.083746584827276, 
        "accumulated_operating_revenue": 751691, 
        "long_term_average": 112006, 
        "date": "2015-07-31", 
        "operating_revenue": 106610, 
        "short_term_average": 109100
    }, 
    {
        "accumulated_operating_revenue_yoy": -12.532832601236182, 
        "accumulated_operating_revenue": 860816, 
        "long_term_average": 110337, 
        "date": "2015-08-31", 
        "operating_revenue": 109125, 
        "short_term_average": 109659
    }, 
    {
        "accumulated_operating_revenue_yoy": -11.433367391621662, 
        "accumulated_operating_revenue": 970832, 
        "long_term_average": 110172, 
        "date": "2015-09-30", 
        "operating_revenue": 110016, 
        "short_term_average": 108583
    }
]