[
    {
        "date": "2012-01-31", 
        "operating_revenue": 92282, 
        "accumulated_operating_revenue": 92282, 
        "long_term_average": 92282, 
        "short_term_average": 92282
    }, 
    {
        "date": "2012-02-29", 
        "operating_revenue": 88317, 
        "accumulated_operating_revenue": 180599, 
        "long_term_average": 90299, 
        "short_term_average": 90299
    }, 
    {
        "date": "2012-03-31", 
        "operating_revenue": 63690, 
        "accumulated_operating_revenue": 244289, 
        "long_term_average": 81429, 
        "short_term_average": 81429
    }, 
    {
        "date": "2012-04-30", 
        "operating_revenue": 91628, 
        "accumulated_operating_revenue": 335917, 
        "long_term_average": 83979, 
        "short_term_average": 81211
    }, 
    {
        "date": "2012-05-31", 
        "operating_revenue": 91591, 
        "accumulated_operating_revenue": 427508, 
        "long_term_average": 85501, 
        "short_term_average": 82303
    }, 
    {
        "date": "2012-06-30", 
        "operating_revenue": 81057, 
        "accumulated_operating_revenue": 508565, 
        "long_term_average": 84760, 
        "short_term_average": 88092
    }, 
    {
        "date": "2012-07-31", 
        "operating_revenue": 83424, 
        "accumulated_operating_revenue": 591989, 
        "long_term_average": 84569, 
        "short_term_average": 85357
    }, 
    {
        "date": "2012-08-31", 
        "operating_revenue": 88016, 
        "accumulated_operating_revenue": 680005, 
        "long_term_average": 85000, 
        "short_term_average": 84165
    }, 
    {
        "date": "2012-09-30", 
        "operating_revenue": 83894, 
        "accumulated_operating_revenue": 763899, 
        "long_term_average": 84877, 
        "short_term_average": 85111
    }, 
    {
        "date": "2012-10-31", 
        "operating_revenue": 97862, 
        "accumulated_operating_revenue": 861761, 
        "long_term_average": 86176, 
        "short_term_average": 89924
    }, 
    {
        "date": "2012-11-30", 
        "operating_revenue": 88818, 
        "accumulated_operating_revenue": 950579, 
        "long_term_average": 86416, 
        "short_term_average": 90191
    }, 
    {
        "date": "2012-12-31", 
        "operating_revenue": 107228, 
        "accumulated_operating_revenue": 1057807, 
        "long_term_average": 88150, 
        "short_term_average": 97969
    }, 
    {
        "accumulated_operating_revenue_yoy": 14.326737608634405, 
        "accumulated_operating_revenue": 105503, 
        "long_term_average": 89252, 
        "date": "2013-01-31", 
        "operating_revenue": 105503, 
        "short_term_average": 100516
    }, 
    {
        "accumulated_operating_revenue_yoy": -2.4230477466652642, 
        "accumulated_operating_revenue": 176223, 
        "long_term_average": 87785, 
        "date": "2013-02-28", 
        "operating_revenue": 70720, 
        "short_term_average": 94483
    }, 
    {
        "accumulated_operating_revenue_yoy": 9.774488413313739, 
        "accumulated_operating_revenue": 268167, 
        "long_term_average": 90140, 
        "date": "2013-03-31", 
        "operating_revenue": 91944, 
        "short_term_average": 89389
    }, 
    {
        "accumulated_operating_revenue_yoy": 8.57860721547287, 
        "accumulated_operating_revenue": 364734, 
        "long_term_average": 90552, 
        "date": "2013-04-30", 
        "operating_revenue": 96567, 
        "short_term_average": 86410
    }, 
    {
        "accumulated_operating_revenue_yoy": 5.966905882463018, 
        "accumulated_operating_revenue": 453017, 
        "long_term_average": 90276, 
        "date": "2013-05-31", 
        "operating_revenue": 88283, 
        "short_term_average": 92264
    }, 
    {
        "accumulated_operating_revenue_yoy": 1.7649661301898478, 
        "accumulated_operating_revenue": 517541, 
        "long_term_average": 88898, 
        "date": "2013-06-30", 
        "operating_revenue": 64524, 
        "short_term_average": 83124
    }, 
    {
        "accumulated_operating_revenue_yoy": 3.6710141573576536, 
        "accumulated_operating_revenue": 613721, 
        "long_term_average": 89961, 
        "date": "2013-07-31", 
        "operating_revenue": 96180, 
        "short_term_average": 82995
    }, 
    {
        "accumulated_operating_revenue_yoy": 3.3927691708149204, 
        "accumulated_operating_revenue": 703076, 
        "long_term_average": 90073, 
        "date": "2013-08-31", 
        "operating_revenue": 89355, 
        "short_term_average": 83353
    }, 
    {
        "accumulated_operating_revenue_yoy": 1.9941117870294374, 
        "accumulated_operating_revenue": 779132, 
        "long_term_average": 89420, 
        "date": "2013-09-30", 
        "operating_revenue": 76056, 
        "short_term_average": 87197
    }, 
    {
        "accumulated_operating_revenue_yoy": 1.4806889613245435, 
        "accumulated_operating_revenue": 874521, 
        "long_term_average": 89213, 
        "date": "2013-10-31", 
        "operating_revenue": 95389, 
        "short_term_average": 86933
    }, 
    {
        "accumulated_operating_revenue_yoy": 2.659431777895367, 
        "accumulated_operating_revenue": 975859, 
        "long_term_average": 90257, 
        "date": "2013-11-30", 
        "operating_revenue": 101338, 
        "short_term_average": 90927
    }, 
    {
        "accumulated_operating_revenue_yoy": 2.9869342895254047, 
        "accumulated_operating_revenue": 1089403, 
        "long_term_average": 90783, 
        "date": "2013-12-31", 
        "operating_revenue": 113544, 
        "short_term_average": 103423
    }, 
    {
        "accumulated_operating_revenue_yoy": 12.141834829341345, 
        "accumulated_operating_revenue": 118313, 
        "long_term_average": 91851, 
        "date": "2014-01-31", 
        "operating_revenue": 118313, 
        "short_term_average": 111065
    }, 
    {
        "accumulated_operating_revenue_yoy": 20.503566503804837, 
        "accumulated_operating_revenue": 212355, 
        "long_term_average": 93794, 
        "date": "2014-02-28", 
        "operating_revenue": 94042, 
        "short_term_average": 108633
    }, 
    {
        "accumulated_operating_revenue_yoy": 9.250206028333091, 
        "accumulated_operating_revenue": 292973, 
        "long_term_average": 92850, 
        "date": "2014-03-31", 
        "operating_revenue": 80618, 
        "short_term_average": 97657
    }, 
    {
        "accumulated_operating_revenue_yoy": 8.017349630141418, 
        "accumulated_operating_revenue": 393976, 
        "long_term_average": 93220, 
        "date": "2014-04-30", 
        "operating_revenue": 101003, 
        "short_term_average": 91887
    }, 
    {
        "accumulated_operating_revenue_yoy": 6.815196780694764, 
        "accumulated_operating_revenue": 483891, 
        "long_term_average": 93356, 
        "date": "2014-05-31", 
        "operating_revenue": 89915, 
        "short_term_average": 90512
    }, 
    {
        "accumulated_operating_revenue_yoy": 9.921146343961155, 
        "accumulated_operating_revenue": 568887, 
        "long_term_average": 95062, 
        "date": "2014-06-30", 
        "operating_revenue": 84996, 
        "short_term_average": 91971
    }, 
    {
        "accumulated_operating_revenue_yoy": 5.807850798652808, 
        "accumulated_operating_revenue": 649365, 
        "long_term_average": 93753, 
        "date": "2014-07-31", 
        "operating_revenue": 80478, 
        "short_term_average": 85129
    }, 
    {
        "accumulated_operating_revenue_yoy": 5.1796676319487505, 
        "accumulated_operating_revenue": 739493, 
        "long_term_average": 93818, 
        "date": "2014-08-31", 
        "operating_revenue": 90128, 
        "short_term_average": 85200
    }, 
    {
        "accumulated_operating_revenue_yoy": 4.4486685182998515, 
        "accumulated_operating_revenue": 813793, 
        "long_term_average": 93672, 
        "date": "2014-09-30", 
        "operating_revenue": 74300, 
        "short_term_average": 81635
    }, 
    {
        "accumulated_operating_revenue_yoy": 6.882967933302917, 
        "accumulated_operating_revenue": 934714, 
        "long_term_average": 95799, 
        "date": "2014-10-31", 
        "operating_revenue": 120921, 
        "short_term_average": 95116
    }, 
    {
        "accumulated_operating_revenue_yoy": 9.438658658679174, 
        "accumulated_operating_revenue": 1067967, 
        "long_term_average": 98459, 
        "date": "2014-11-30", 
        "operating_revenue": 133253, 
        "short_term_average": 109491
    }, 
    {
        "accumulated_operating_revenue_yoy": 10.650879426621737, 
        "accumulated_operating_revenue": 1205434, 
        "long_term_average": 100452, 
        "date": "2014-12-31", 
        "operating_revenue": 137467, 
        "short_term_average": 130547
    }, 
    {
        "accumulated_operating_revenue_yoy": -13.247064988631848, 
        "accumulated_operating_revenue": 102640, 
        "long_term_average": 99146, 
        "date": "2015-01-31", 
        "operating_revenue": 102640, 
        "short_term_average": 124453
    }, 
    {
        "accumulated_operating_revenue_yoy": -16.83360410633138, 
        "accumulated_operating_revenue": 176608, 
        "long_term_average": 97473, 
        "date": "2015-02-28", 
        "operating_revenue": 73968, 
        "short_term_average": 104691
    }, 
    {
        "accumulated_operating_revenue_yoy": -4.435220993060794, 
        "accumulated_operating_revenue": 279979, 
        "long_term_average": 99370, 
        "date": "2015-03-31", 
        "operating_revenue": 103371, 
        "short_term_average": 93326
    }, 
    {
        "accumulated_operating_revenue_yoy": -2.67528986537251, 
        "accumulated_operating_revenue": 383436, 
        "long_term_average": 99574, 
        "date": "2015-04-30", 
        "operating_revenue": 103457, 
        "short_term_average": 93598
    }, 
    {
        "accumulated_operating_revenue_yoy": -1.304425996763734, 
        "accumulated_operating_revenue": 477579, 
        "long_term_average": 99926, 
        "date": "2015-05-31", 
        "operating_revenue": 94143, 
        "short_term_average": 100323
    }, 
    {
        "accumulated_operating_revenue_yoy": -0.933753100352091, 
        "accumulated_operating_revenue": 563575, 
        "long_term_average": 100010, 
        "date": "2015-06-30", 
        "operating_revenue": 85996, 
        "short_term_average": 94532
    }, 
    {
        "accumulated_operating_revenue_yoy": -1.3373064455275538, 
        "accumulated_operating_revenue": 640681, 
        "long_term_average": 99729, 
        "date": "2015-07-31", 
        "operating_revenue": 77106, 
        "short_term_average": 85748
    }, 
    {
        "accumulated_operating_revenue_yoy": -3.4959086833817223, 
        "accumulated_operating_revenue": 713641, 
        "long_term_average": 98298, 
        "date": "2015-08-31", 
        "operating_revenue": 72960, 
        "short_term_average": 78687
    }
]