[
    {
        "date": "2012-01-31", 
        "operating_revenue": 32575569, 
        "accumulated_operating_revenue": 32575569, 
        "long_term_average": 32575569, 
        "short_term_average": 32575569
    }, 
    {
        "date": "2012-02-29", 
        "operating_revenue": 35683931, 
        "accumulated_operating_revenue": 68259500, 
        "long_term_average": 34129750, 
        "short_term_average": 34129750
    }, 
    {
        "date": "2012-03-31", 
        "operating_revenue": 36653888, 
        "accumulated_operating_revenue": 104913388, 
        "long_term_average": 34971129, 
        "short_term_average": 34971129
    }, 
    {
        "date": "2012-04-30", 
        "operating_revenue": 35038393, 
        "accumulated_operating_revenue": 139951781, 
        "long_term_average": 34987945, 
        "short_term_average": 35792070
    }, 
    {
        "date": "2012-05-31", 
        "operating_revenue": 34129877, 
        "accumulated_operating_revenue": 174081658, 
        "long_term_average": 34816331, 
        "short_term_average": 35274052
    }, 
    {
        "date": "2012-06-30", 
        "operating_revenue": 28834197, 
        "accumulated_operating_revenue": 202915855, 
        "long_term_average": 33819309, 
        "short_term_average": 32667489
    }, 
    {
        "date": "2012-07-31", 
        "operating_revenue": 30686698, 
        "accumulated_operating_revenue": 233602553, 
        "long_term_average": 33371793, 
        "short_term_average": 31216924
    }, 
    {
        "date": "2012-08-31", 
        "operating_revenue": 31757653, 
        "accumulated_operating_revenue": 265360206, 
        "long_term_average": 33170025, 
        "short_term_average": 30426182
    }, 
    {
        "date": "2012-09-30", 
        "operating_revenue": 28777075, 
        "accumulated_operating_revenue": 294137281, 
        "long_term_average": 32681920, 
        "short_term_average": 30407142
    }, 
    {
        "date": "2012-10-31", 
        "operating_revenue": 30809862, 
        "accumulated_operating_revenue": 324947143, 
        "long_term_average": 32494714, 
        "short_term_average": 30448196
    }, 
    {
        "date": "2012-11-30", 
        "operating_revenue": 31487920, 
        "accumulated_operating_revenue": 356435063, 
        "long_term_average": 32403187, 
        "short_term_average": 30358285
    }, 
    {
        "date": "2012-12-31", 
        "operating_revenue": 35164918, 
        "accumulated_operating_revenue": 391599981, 
        "long_term_average": 32633331, 
        "short_term_average": 32487566
    }, 
    {
        "accumulated_operating_revenue_yoy": 10.112710540835065, 
        "accumulated_operating_revenue": 35869842, 
        "long_term_average": 32907854, 
        "date": "2013-01-31", 
        "operating_revenue": 35869842, 
        "short_term_average": 34174226
    }, 
    {
        "accumulated_operating_revenue_yoy": -0.8776624499153963, 
        "accumulated_operating_revenue": 67660412, 
        "long_term_average": 32583407, 
        "date": "2013-02-28", 
        "operating_revenue": 31790570, 
        "short_term_average": 34275110
    }, 
    {
        "accumulated_operating_revenue_yoy": -3.0164024442714594, 
        "accumulated_operating_revenue": 101748778, 
        "long_term_average": 32369614, 
        "date": "2013-03-31", 
        "operating_revenue": 34088366, 
        "short_term_average": 33916259
    }, 
    {
        "accumulated_operating_revenue_yoy": -1.6234355745712161, 
        "accumulated_operating_revenue": 137679754, 
        "long_term_average": 32443996, 
        "date": "2013-04-30", 
        "operating_revenue": 35930976, 
        "short_term_average": 33936637
    }, 
    {
        "accumulated_operating_revenue_yoy": 0.22358759933226277, 
        "accumulated_operating_revenue": 174470883, 
        "long_term_average": 32665767, 
        "date": "2013-05-31", 
        "operating_revenue": 36791129, 
        "short_term_average": 35603490
    }, 
    {
        "accumulated_operating_revenue_yoy": 3.686592651914755, 
        "accumulated_operating_revenue": 210396536, 
        "long_term_average": 33256721, 
        "date": "2013-06-30", 
        "operating_revenue": 35925653, 
        "short_term_average": 36215919
    }, 
    {
        "accumulated_operating_revenue_yoy": 5.11343341354664, 
        "accumulated_operating_revenue": 245547664, 
        "long_term_average": 33628757, 
        "date": "2013-07-31", 
        "operating_revenue": 35151128, 
        "short_term_average": 35955970
    }, 
    {
        "accumulated_operating_revenue_yoy": 6.87079056608812, 
        "accumulated_operating_revenue": 283592550, 
        "long_term_average": 34152693, 
        "date": "2013-08-31", 
        "operating_revenue": 38044886, 
        "short_term_average": 36373889
    }, 
    {
        "accumulated_operating_revenue_yoy": 8.355122110481467, 
        "accumulated_operating_revenue": 318712810, 
        "long_term_average": 34681292, 
        "date": "2013-09-30", 
        "operating_revenue": 35120260, 
        "short_term_average": 36105424
    }, 
    {
        "accumulated_operating_revenue_yoy": 9.042174591453477, 
        "accumulated_operating_revenue": 354329431, 
        "long_term_average": 35081855, 
        "date": "2013-10-31", 
        "operating_revenue": 35616621, 
        "short_term_average": 36260589
    }, 
    {
        "accumulated_operating_revenue_yoy": 9.486800404930982, 
        "accumulated_operating_revenue": 390249346, 
        "long_term_average": 35451188, 
        "date": "2013-11-30", 
        "operating_revenue": 35919915, 
        "short_term_average": 35552265
    }, 
    {
        "accumulated_operating_revenue_yoy": 9.29518763178898, 
        "accumulated_operating_revenue": 427999934, 
        "long_term_average": 35666661, 
        "date": "2013-12-31", 
        "operating_revenue": 37750588, 
        "short_term_average": 36429041
    }, 
    {
        "accumulated_operating_revenue_yoy": -2.020036776298039, 
        "accumulated_operating_revenue": 35145258, 
        "long_term_average": 35606279, 
        "date": "2014-01-31", 
        "operating_revenue": 35145258, 
        "short_term_average": 36271920
    }, 
    {
        "accumulated_operating_revenue_yoy": -1.5966884741996545, 
        "accumulated_operating_revenue": 66580086, 
        "long_term_average": 35576634, 
        "date": "2014-02-28", 
        "operating_revenue": 31434828, 
        "short_term_average": 34776891
    }, 
    {
        "accumulated_operating_revenue_yoy": -0.7749301912992016, 
        "accumulated_operating_revenue": 100960296, 
        "long_term_average": 35600954, 
        "date": "2014-03-31", 
        "operating_revenue": 34380210, 
        "short_term_average": 33653432
    }, 
    {
        "accumulated_operating_revenue_yoy": 0.06353584856056614, 
        "accumulated_operating_revenue": 137767230, 
        "long_term_average": 35673950, 
        "date": "2014-04-30", 
        "operating_revenue": 36806934, 
        "short_term_average": 34207324
    }, 
    {
        "accumulated_operating_revenue_yoy": 0.11772909981776157, 
        "accumulated_operating_revenue": 174676286, 
        "long_term_average": 35683778, 
        "date": "2014-05-31", 
        "operating_revenue": 36909056, 
        "short_term_average": 36032066
    }, 
    {
        "accumulated_operating_revenue_yoy": 0.4493163328506511, 
        "accumulated_operating_revenue": 211341882, 
        "long_term_average": 35745440, 
        "date": "2014-06-30", 
        "operating_revenue": 36665596, 
        "short_term_average": 36793862
    }, 
    {
        "accumulated_operating_revenue_yoy": 0.9563748079476739, 
        "accumulated_operating_revenue": 247896020, 
        "long_term_average": 35862357, 
        "date": "2014-07-31", 
        "operating_revenue": 36554138, 
        "short_term_average": 36709596
    }, 
    {
        "accumulated_operating_revenue_yoy": -0.525298354981469, 
        "accumulated_operating_revenue": 282102843, 
        "long_term_average": 35542518, 
        "date": "2014-08-31", 
        "operating_revenue": 34206823, 
        "short_term_average": 35808852
    }, 
    {
        "accumulated_operating_revenue_yoy": -2.0852374901404183, 
        "accumulated_operating_revenue": 312066891, 
        "long_term_average": 35112834, 
        "date": "2014-09-30", 
        "operating_revenue": 29964048, 
        "short_term_average": 33575003
    }, 
    {
        "accumulated_operating_revenue_yoy": -3.656297181816658, 
        "accumulated_operating_revenue": 341374094, 
        "long_term_average": 34587049, 
        "date": "2014-10-31", 
        "operating_revenue": 29307203, 
        "short_term_average": 31159358
    }, 
    {
        "accumulated_operating_revenue_yoy": -4.642564859032461, 
        "accumulated_operating_revenue": 372131767, 
        "long_term_average": 34156862, 
        "date": "2014-11-30", 
        "operating_revenue": 30757673, 
        "short_term_average": 30009641
    }, 
    {
        "accumulated_operating_revenue_yoy": -6.202382965788027, 
        "accumulated_operating_revenue": 401453739, 
        "long_term_average": 33454478, 
        "date": "2014-12-31", 
        "operating_revenue": 29321972, 
        "short_term_average": 29795616
    }, 
    {
        "accumulated_operating_revenue_yoy": -23.306444357301345, 
        "accumulated_operating_revenue": 26954148, 
        "long_term_average": 32771885, 
        "date": "2015-01-31", 
        "operating_revenue": 26954148, 
        "short_term_average": 29011264
    }, 
    {
        "accumulated_operating_revenue_yoy": -22.86852858676091, 
        "accumulated_operating_revenue": 51354200, 
        "long_term_average": 32185654, 
        "date": "2015-02-28", 
        "operating_revenue": 24400052, 
        "short_term_average": 26892057
    }, 
    {
        "accumulated_operating_revenue_yoy": -19.860528142667093, 
        "accumulated_operating_revenue": 80909048, 
        "long_term_average": 31783540, 
        "date": "2015-03-31", 
        "operating_revenue": 29554848, 
        "short_term_average": 26969682
    }, 
    {
        "accumulated_operating_revenue_yoy": -19.334081116387402, 
        "accumulated_operating_revenue": 111131202, 
        "long_term_average": 31234809, 
        "date": "2015-04-30", 
        "operating_revenue": 30222154, 
        "short_term_average": 28059018
    }, 
    {
        "accumulated_operating_revenue_yoy": -18.25310048096626, 
        "accumulated_operating_revenue": 142792448, 
        "long_term_average": 30797491, 
        "date": "2015-05-31", 
        "operating_revenue": 31661246, 
        "short_term_average": 30479416
    }, 
    {
        "accumulated_operating_revenue_yoy": -18.86264029767654, 
        "accumulated_operating_revenue": 171477223, 
        "long_term_average": 30132423, 
        "date": "2015-06-30", 
        "operating_revenue": 28684775, 
        "short_term_average": 30189391
    }, 
    {
        "accumulated_operating_revenue_yoy": -19.637314870968883, 
        "accumulated_operating_revenue": 199215898, 
        "long_term_average": 29397801, 
        "date": "2015-07-31", 
        "operating_revenue": 27738675, 
        "short_term_average": 29361565
    }, 
    {
        "accumulated_operating_revenue_yoy": -20.29480149549574, 
        "accumulated_operating_revenue": 224850631, 
        "long_term_average": 28683460, 
        "date": "2015-08-31", 
        "operating_revenue": 25634733, 
        "short_term_average": 27352727
    }, 
    {
        "accumulated_operating_revenue_yoy": -19.67141942013964, 
        "accumulated_operating_revenue": 250678904, 
        "long_term_average": 28338812, 
        "date": "2015-09-30", 
        "operating_revenue": 25828273, 
        "short_term_average": 26400560
    }, 
    {
        "accumulated_operating_revenue_yoy": -18.97517156061643, 
        "accumulated_operating_revenue": 276597774, 
        "long_term_average": 28056451, 
        "date": "2015-10-31", 
        "operating_revenue": 25918870, 
        "short_term_average": 25793958
    }
]