[
    {
        "date": "2011-09-30", 
        "operating_revenue": 138608, 
        "accumulated_operating_revenue": 138608, 
        "long_term_average": 138608, 
        "short_term_average": 138608
    }, 
    {
        "date": "2011-10-31", 
        "operating_revenue": 106358, 
        "accumulated_operating_revenue": 244966, 
        "long_term_average": 122483, 
        "short_term_average": 122483
    }, 
    {
        "date": "2011-11-30", 
        "operating_revenue": 110474, 
        "accumulated_operating_revenue": 355440, 
        "long_term_average": 118480, 
        "short_term_average": 118480
    }, 
    {
        "date": "2011-12-31", 
        "operating_revenue": 107146, 
        "accumulated_operating_revenue": 462586, 
        "long_term_average": 115646, 
        "short_term_average": 107992
    }, 
    {
        "date": "2012-01-31", 
        "operating_revenue": 84504, 
        "accumulated_operating_revenue": 84504, 
        "long_term_average": 109418, 
        "short_term_average": 100708
    }, 
    {
        "date": "2012-02-29", 
        "operating_revenue": 82679, 
        "accumulated_operating_revenue": 167183, 
        "long_term_average": 104961, 
        "short_term_average": 91443
    }, 
    {
        "date": "2012-03-31", 
        "operating_revenue": 95422, 
        "accumulated_operating_revenue": 262605, 
        "long_term_average": 103598, 
        "short_term_average": 87535
    }, 
    {
        "date": "2012-04-30", 
        "operating_revenue": 100993, 
        "accumulated_operating_revenue": 363598, 
        "long_term_average": 103273, 
        "short_term_average": 93031
    }, 
    {
        "date": "2012-05-31", 
        "operating_revenue": 95272, 
        "accumulated_operating_revenue": 458870, 
        "long_term_average": 102384, 
        "short_term_average": 97229
    }, 
    {
        "date": "2012-06-30", 
        "operating_revenue": 95527, 
        "accumulated_operating_revenue": 554397, 
        "long_term_average": 101698, 
        "short_term_average": 97264
    }, 
    {
        "date": "2012-07-31", 
        "operating_revenue": 91971, 
        "accumulated_operating_revenue": 646368, 
        "long_term_average": 100814, 
        "short_term_average": 94256
    }, 
    {
        "date": "2012-08-31", 
        "operating_revenue": 105139, 
        "accumulated_operating_revenue": 751507, 
        "long_term_average": 101174, 
        "short_term_average": 97545
    }, 
    {
        "accumulated_operating_revenue_yoy": 523.0657682096272, 
        "accumulated_operating_revenue": 863619, 
        "long_term_average": 98966, 
        "date": "2012-09-30", 
        "operating_revenue": 112112, 
        "short_term_average": 103074
    }, 
    {
        "accumulated_operating_revenue_yoy": 291.61965333964713, 
        "accumulated_operating_revenue": 959335, 
        "long_term_average": 98079, 
        "date": "2012-10-31", 
        "operating_revenue": 95716, 
        "short_term_average": 104322
    }, 
    {
        "accumulated_operating_revenue_yoy": 197.05294845824892, 
        "accumulated_operating_revenue": 1055845, 
        "long_term_average": 96915, 
        "date": "2012-11-30", 
        "operating_revenue": 96510, 
        "short_term_average": 101446
    }, 
    {
        "accumulated_operating_revenue_yoy": 151.66477152356535, 
        "accumulated_operating_revenue": 1164166, 
        "long_term_average": 97013, 
        "date": "2012-12-31", 
        "operating_revenue": 108321, 
        "short_term_average": 100182
    }, 
    {
        "accumulated_operating_revenue_yoy": 16.762520117390892, 
        "accumulated_operating_revenue": 98669, 
        "long_term_average": 98194, 
        "date": "2013-01-31", 
        "operating_revenue": 98669, 
        "short_term_average": 101166
    }, 
    {
        "accumulated_operating_revenue_yoy": 0.5293600425880621, 
        "accumulated_operating_revenue": 168068, 
        "long_term_average": 97087, 
        "date": "2013-02-28", 
        "operating_revenue": 69399, 
        "short_term_average": 92129
    }, 
    {
        "accumulated_operating_revenue_yoy": 2.9382532701205233, 
        "accumulated_operating_revenue": 270321, 
        "long_term_average": 97656, 
        "date": "2013-03-31", 
        "operating_revenue": 102253, 
        "short_term_average": 90107
    }, 
    {
        "accumulated_operating_revenue_yoy": 5.220325744366031, 
        "accumulated_operating_revenue": 382579, 
        "long_term_average": 98595, 
        "date": "2013-04-30", 
        "operating_revenue": 112258, 
        "short_term_average": 94636
    }, 
    {
        "accumulated_operating_revenue_yoy": 7.346089306339485, 
        "accumulated_operating_revenue": 492579, 
        "long_term_average": 99822, 
        "date": "2013-05-31", 
        "operating_revenue": 110000, 
        "short_term_average": 108170
    }, 
    {
        "accumulated_operating_revenue_yoy": 6.093467316742335, 
        "accumulated_operating_revenue": 588179, 
        "long_term_average": 99829, 
        "date": "2013-06-30", 
        "operating_revenue": 95600, 
        "short_term_average": 105952
    }, 
    {
        "accumulated_operating_revenue_yoy": 4.050014852220407, 
        "accumulated_operating_revenue": 672546, 
        "long_term_average": 99195, 
        "date": "2013-07-31", 
        "operating_revenue": 84367, 
        "short_term_average": 96655
    }, 
    {
        "accumulated_operating_revenue_yoy": 1.6361790375871414, 
        "accumulated_operating_revenue": 763803, 
        "long_term_average": 98038, 
        "date": "2013-08-31", 
        "operating_revenue": 91257, 
        "short_term_average": 90408
    }, 
    {
        "accumulated_operating_revenue_yoy": 0.01412659980848036, 
        "accumulated_operating_revenue": 863741, 
        "long_term_average": 97024, 
        "date": "2013-09-30", 
        "operating_revenue": 99938, 
        "short_term_average": 91854
    }, 
    {
        "accumulated_operating_revenue_yoy": -0.5379768276983535, 
        "accumulated_operating_revenue": 954174, 
        "long_term_average": 96583, 
        "date": "2013-10-31", 
        "operating_revenue": 90433, 
        "short_term_average": 93876
    }, 
    {
        "accumulated_operating_revenue_yoy": -0.5266871557851768, 
        "accumulated_operating_revenue": 1050284, 
        "long_term_average": 96550, 
        "date": "2013-11-30", 
        "operating_revenue": 96110, 
        "short_term_average": 95493
    }, 
    {
        "accumulated_operating_revenue_yoy": -1.439055942193811, 
        "accumulated_operating_revenue": 1147413, 
        "long_term_average": 95617, 
        "date": "2013-12-31", 
        "operating_revenue": 97129, 
        "short_term_average": 94557
    }, 
    {
        "accumulated_operating_revenue_yoy": 6.544101997587895, 
        "accumulated_operating_revenue": 105126, 
        "long_term_average": 96155, 
        "date": "2014-01-31", 
        "operating_revenue": 105126, 
        "short_term_average": 99455
    }, 
    {
        "accumulated_operating_revenue_yoy": 2.2550396268177164, 
        "accumulated_operating_revenue": 171858, 
        "long_term_average": 95933, 
        "date": "2014-02-28", 
        "operating_revenue": 66732, 
        "short_term_average": 89662
    }, 
    {
        "accumulated_operating_revenue_yoy": -0.138354030948391, 
        "accumulated_operating_revenue": 269947, 
        "long_term_average": 95586, 
        "date": "2014-03-31", 
        "operating_revenue": 98089, 
        "short_term_average": 89982
    }, 
    {
        "accumulated_operating_revenue_yoy": 0.44853481241782744, 
        "accumulated_operating_revenue": 384295, 
        "long_term_average": 95760, 
        "date": "2014-04-30", 
        "operating_revenue": 114348, 
        "short_term_average": 93056
    }, 
    {
        "accumulated_operating_revenue_yoy": -0.908077689061044, 
        "accumulated_operating_revenue": 488106, 
        "long_term_average": 95245, 
        "date": "2014-05-31", 
        "operating_revenue": 103811, 
        "short_term_average": 105416
    }, 
    {
        "accumulated_operating_revenue_yoy": -0.020571968737408172, 
        "accumulated_operating_revenue": 588058, 
        "long_term_average": 95607, 
        "date": "2014-06-30", 
        "operating_revenue": 99952, 
        "short_term_average": 106037
    }, 
    {
        "accumulated_operating_revenue_yoy": 2.3158267241199857, 
        "accumulated_operating_revenue": 688121, 
        "long_term_average": 96915, 
        "date": "2014-07-31", 
        "operating_revenue": 100063, 
        "short_term_average": 101275
    }, 
    {
        "accumulated_operating_revenue_yoy": 2.9463094541393526, 
        "accumulated_operating_revenue": 786307, 
        "long_term_average": 97493, 
        "date": "2014-08-31", 
        "operating_revenue": 98186, 
        "short_term_average": 99400
    }, 
    {
        "accumulated_operating_revenue_yoy": 2.4943819964549556, 
        "accumulated_operating_revenue": 885286, 
        "long_term_average": 97413, 
        "date": "2014-09-30", 
        "operating_revenue": 98979, 
        "short_term_average": 99076
    }, 
    {
        "accumulated_operating_revenue_yoy": 1.5410187240482345, 
        "accumulated_operating_revenue": 968878, 
        "long_term_average": 96843, 
        "date": "2014-10-31", 
        "operating_revenue": 83592, 
        "short_term_average": 93585
    }, 
    {
        "accumulated_operating_revenue_yoy": 1.0280076626893297, 
        "accumulated_operating_revenue": 1061081, 
        "long_term_average": 96517, 
        "date": "2014-11-30", 
        "operating_revenue": 92203, 
        "short_term_average": 91591
    }, 
    {
        "accumulated_operating_revenue_yoy": 0.9234687074314132, 
        "accumulated_operating_revenue": 1158009, 
        "long_term_average": 96500, 
        "date": "2014-12-31", 
        "operating_revenue": 96928, 
        "short_term_average": 90907
    }, 
    {
        "accumulated_operating_revenue_yoy": -13.201301295588152, 
        "accumulated_operating_revenue": 91248, 
        "long_term_average": 95344, 
        "date": "2015-01-31", 
        "operating_revenue": 91248, 
        "short_term_average": 93459
    }, 
    {
        "accumulated_operating_revenue_yoy": -13.147482223696308, 
        "accumulated_operating_revenue": 149263, 
        "long_term_average": 94617, 
        "date": "2015-02-28", 
        "operating_revenue": 58015, 
        "short_term_average": 82063
    }, 
    {
        "accumulated_operating_revenue_yoy": -17.444905851889445, 
        "accumulated_operating_revenue": 222855, 
        "long_term_average": 92576, 
        "date": "2015-03-31", 
        "operating_revenue": 73592, 
        "short_term_average": 74285
    }, 
    {
        "accumulated_operating_revenue_yoy": -24.5225672985597, 
        "accumulated_operating_revenue": 290056, 
        "long_term_average": 88647, 
        "date": "2015-04-30", 
        "operating_revenue": 67201, 
        "short_term_average": 66269
    }, 
    {
        "accumulated_operating_revenue_yoy": -27.332177846615284, 
        "accumulated_operating_revenue": 354696, 
        "long_term_average": 85383, 
        "date": "2015-05-31", 
        "operating_revenue": 64640, 
        "short_term_average": 68477
    }, 
    {
        "accumulated_operating_revenue_yoy": -27.634519044039873, 
        "accumulated_operating_revenue": 425551, 
        "long_term_average": 82958, 
        "date": "2015-06-30", 
        "operating_revenue": 70855, 
        "short_term_average": 67565
    }, 
    {
        "accumulated_operating_revenue_yoy": -26.80197232754123, 
        "accumulated_operating_revenue": 503691, 
        "long_term_average": 81131, 
        "date": "2015-07-31", 
        "operating_revenue": 78140, 
        "short_term_average": 71211
    }, 
    {
        "accumulated_operating_revenue_yoy": -25.79526826036141, 
        "accumulated_operating_revenue": 583477, 
        "long_term_average": 79598, 
        "date": "2015-08-31", 
        "operating_revenue": 79786, 
        "short_term_average": 76260
    }, 
    {
        "accumulated_operating_revenue_yoy": -25.49018057441324, 
        "accumulated_operating_revenue": 659625, 
        "long_term_average": 77695, 
        "date": "2015-09-30", 
        "operating_revenue": 76148, 
        "short_term_average": 78024
    }
]