[
    {
        "date": "2011-09-30", 
        "operating_revenue": 192865, 
        "accumulated_operating_revenue": 192865, 
        "long_term_average": 192865, 
        "short_term_average": 192865
    }, 
    {
        "date": "2011-10-31", 
        "operating_revenue": 189656, 
        "accumulated_operating_revenue": 382521, 
        "long_term_average": 191260, 
        "short_term_average": 191260
    }, 
    {
        "date": "2011-11-30", 
        "operating_revenue": 197051, 
        "accumulated_operating_revenue": 579572, 
        "long_term_average": 193190, 
        "short_term_average": 193190
    }, 
    {
        "date": "2011-12-31", 
        "operating_revenue": 172854, 
        "accumulated_operating_revenue": 752426, 
        "long_term_average": 188106, 
        "short_term_average": 186520
    }, 
    {
        "date": "2012-01-31", 
        "operating_revenue": 115425, 
        "accumulated_operating_revenue": 115425, 
        "long_term_average": 173570, 
        "short_term_average": 161776
    }, 
    {
        "date": "2012-02-29", 
        "operating_revenue": 178487, 
        "accumulated_operating_revenue": 293912, 
        "long_term_average": 174389, 
        "short_term_average": 155588
    }, 
    {
        "date": "2012-03-31", 
        "operating_revenue": 208260, 
        "accumulated_operating_revenue": 502172, 
        "long_term_average": 179228, 
        "short_term_average": 167390
    }, 
    {
        "date": "2012-04-30", 
        "operating_revenue": 169055, 
        "accumulated_operating_revenue": 671227, 
        "long_term_average": 177956, 
        "short_term_average": 185267
    }, 
    {
        "date": "2012-05-31", 
        "operating_revenue": 173852, 
        "accumulated_operating_revenue": 845079, 
        "long_term_average": 177500, 
        "short_term_average": 183722
    }, 
    {
        "date": "2012-06-30", 
        "operating_revenue": 173526, 
        "accumulated_operating_revenue": 1018605, 
        "long_term_average": 177103, 
        "short_term_average": 172144
    }, 
    {
        "date": "2012-07-31", 
        "operating_revenue": 174383, 
        "accumulated_operating_revenue": 1192988, 
        "long_term_average": 176855, 
        "short_term_average": 173920
    }, 
    {
        "date": "2012-08-31", 
        "operating_revenue": 184283, 
        "accumulated_operating_revenue": 1377271, 
        "long_term_average": 177474, 
        "short_term_average": 177397
    }, 
    {
        "accumulated_operating_revenue_yoy": 707.4642884919502, 
        "accumulated_operating_revenue": 1557316, 
        "long_term_average": 176406, 
        "date": "2012-09-30", 
        "operating_revenue": 180045, 
        "short_term_average": 179570
    }, 
    {
        "accumulated_operating_revenue_yoy": 355.83118312458663, 
        "accumulated_operating_revenue": 1743650, 
        "long_term_average": 176129, 
        "date": "2012-10-31", 
        "operating_revenue": 186334, 
        "short_term_average": 183554
    }, 
    {
        "accumulated_operating_revenue_yoy": 229.4760616454901, 
        "accumulated_operating_revenue": 1909551, 
        "long_term_average": 173533, 
        "date": "2012-11-30", 
        "operating_revenue": 165901, 
        "short_term_average": 177426
    }, 
    {
        "accumulated_operating_revenue_yoy": 177.41332702485028, 
        "accumulated_operating_revenue": 2087330, 
        "long_term_average": 173944, 
        "date": "2012-12-31", 
        "operating_revenue": 177779, 
        "short_term_average": 176671
    }, 
    {
        "accumulated_operating_revenue_yoy": 62.13731860515487, 
        "accumulated_operating_revenue": 187147, 
        "long_term_average": 179921, 
        "date": "2013-01-31", 
        "operating_revenue": 187147, 
        "short_term_average": 176942
    }, 
    {
        "accumulated_operating_revenue_yoy": 0.726748142301097, 
        "accumulated_operating_revenue": 296048, 
        "long_term_average": 174122, 
        "date": "2013-02-28", 
        "operating_revenue": 108901, 
        "short_term_average": 157942
    }, 
    {
        "accumulated_operating_revenue_yoy": -2.0335661884772547, 
        "accumulated_operating_revenue": 491960, 
        "long_term_average": 173093, 
        "date": "2013-03-31", 
        "operating_revenue": 195912, 
        "short_term_average": 163986
    }, 
    {
        "accumulated_operating_revenue_yoy": -5.008290786872399, 
        "accumulated_operating_revenue": 637610, 
        "long_term_average": 171142, 
        "date": "2013-04-30", 
        "operating_revenue": 145650, 
        "short_term_average": 150154
    }, 
    {
        "accumulated_operating_revenue_yoy": -5.64527103383234, 
        "accumulated_operating_revenue": 797372, 
        "long_term_average": 169968, 
        "date": "2013-05-31", 
        "operating_revenue": 159762, 
        "short_term_average": 167108
    }, 
    {
        "accumulated_operating_revenue_yoy": -6.140751321660506, 
        "accumulated_operating_revenue": 956055, 
        "long_term_average": 168731, 
        "date": "2013-06-30", 
        "operating_revenue": 158683, 
        "short_term_average": 154698
    }, 
    {
        "accumulated_operating_revenue_yoy": -4.58277870355779, 
        "accumulated_operating_revenue": 1138316, 
        "long_term_average": 169388, 
        "date": "2013-07-31", 
        "operating_revenue": 182261, 
        "short_term_average": 166902
    }, 
    {
        "accumulated_operating_revenue_yoy": -4.598731839993727, 
        "accumulated_operating_revenue": 1313934, 
        "long_term_average": 168666, 
        "date": "2013-08-31", 
        "operating_revenue": 175618, 
        "short_term_average": 172187
    }, 
    {
        "accumulated_operating_revenue_yoy": -4.263039742736863, 
        "accumulated_operating_revenue": 1490927, 
        "long_term_average": 168411, 
        "date": "2013-09-30", 
        "operating_revenue": 176993, 
        "short_term_average": 178290
    }, 
    {
        "accumulated_operating_revenue_yoy": -2.291056117913572, 
        "accumulated_operating_revenue": 1703702, 
        "long_term_average": 170615, 
        "date": "2013-10-31", 
        "operating_revenue": 212775, 
        "short_term_average": 188462
    }, 
    {
        "accumulated_operating_revenue_yoy": -0.00041894665290426907, 
        "accumulated_operating_revenue": 1909543, 
        "long_term_average": 173943, 
        "date": "2013-11-30", 
        "operating_revenue": 205841, 
        "short_term_average": 198536
    }, 
    {
        "accumulated_operating_revenue_yoy": 2.6100808209530837, 
        "accumulated_operating_revenue": 2141811, 
        "long_term_average": 178484, 
        "date": "2013-12-31", 
        "operating_revenue": 232268, 
        "short_term_average": 216961
    }, 
    {
        "accumulated_operating_revenue_yoy": -13.577027684119969, 
        "accumulated_operating_revenue": 161738, 
        "long_term_average": 176366, 
        "date": "2014-01-31", 
        "operating_revenue": 161738, 
        "short_term_average": 199949
    }, 
    {
        "accumulated_operating_revenue_yoy": 15.747446360049722, 
        "accumulated_operating_revenue": 342668, 
        "long_term_average": 182369, 
        "date": "2014-02-28", 
        "operating_revenue": 180930, 
        "short_term_average": 191645
    }, 
    {
        "accumulated_operating_revenue_yoy": 14.604032848199042, 
        "accumulated_operating_revenue": 563806, 
        "long_term_average": 184471, 
        "date": "2014-03-31", 
        "operating_revenue": 221138, 
        "short_term_average": 187935
    }, 
    {
        "accumulated_operating_revenue_yoy": 16.76840074653785, 
        "accumulated_operating_revenue": 744527, 
        "long_term_average": 187394, 
        "date": "2014-04-30", 
        "operating_revenue": 180721, 
        "short_term_average": 194263
    }, 
    {
        "accumulated_operating_revenue_yoy": 14.409083840415764, 
        "accumulated_operating_revenue": 912266, 
        "long_term_average": 188058, 
        "date": "2014-05-31", 
        "operating_revenue": 167739, 
        "short_term_average": 189866
    }, 
    {
        "accumulated_operating_revenue_yoy": 15.524002280203545, 
        "accumulated_operating_revenue": 1104473, 
        "long_term_average": 190852, 
        "date": "2014-06-30", 
        "operating_revenue": 192207, 
        "short_term_average": 180222
    }, 
    {
        "accumulated_operating_revenue_yoy": 12.73574297471001, 
        "accumulated_operating_revenue": 1283289, 
        "long_term_average": 190565, 
        "date": "2014-07-31", 
        "operating_revenue": 178816, 
        "short_term_average": 179587
    }, 
    {
        "accumulated_operating_revenue_yoy": 10.70670216312235, 
        "accumulated_operating_revenue": 1454613, 
        "long_term_average": 190207, 
        "date": "2014-08-31", 
        "operating_revenue": 171324, 
        "short_term_average": 180782
    }, 
    {
        "accumulated_operating_revenue_yoy": 7.853436150797457, 
        "accumulated_operating_revenue": 1608016, 
        "long_term_average": 188241, 
        "date": "2014-09-30", 
        "operating_revenue": 153403, 
        "short_term_average": 167847
    }, 
    {
        "accumulated_operating_revenue_yoy": 2.98561602909429, 
        "accumulated_operating_revenue": 1754568, 
        "long_term_average": 182723, 
        "date": "2014-10-31", 
        "operating_revenue": 146552, 
        "short_term_average": 157093
    }, 
    {
        "accumulated_operating_revenue_yoy": -0.12055240442346678, 
        "accumulated_operating_revenue": 1907241, 
        "long_term_average": 178292, 
        "date": "2014-11-30", 
        "operating_revenue": 152673, 
        "short_term_average": 150876
    }, 
    {
        "accumulated_operating_revenue_yoy": -2.3534756334709273, 
        "accumulated_operating_revenue": 2091404, 
        "long_term_average": 174283, 
        "date": "2014-12-31", 
        "operating_revenue": 184163, 
        "short_term_average": 161129
    }, 
    {
        "accumulated_operating_revenue_yoy": 15.59497458853207, 
        "accumulated_operating_revenue": 186961, 
        "long_term_average": 176385, 
        "date": "2015-01-31", 
        "operating_revenue": 186961, 
        "short_term_average": 174599
    }, 
    {
        "accumulated_operating_revenue_yoy": -17.539717744288932, 
        "accumulated_operating_revenue": 282565, 
        "long_term_average": 169275, 
        "date": "2015-02-28", 
        "operating_revenue": 95604, 
        "short_term_average": 155576
    }, 
    {
        "accumulated_operating_revenue_yoy": -25.26737920490382, 
        "accumulated_operating_revenue": 421347, 
        "long_term_average": 162412, 
        "date": "2015-03-31", 
        "operating_revenue": 138782, 
        "short_term_average": 140449
    }, 
    {
        "accumulated_operating_revenue_yoy": -28.15828035786479, 
        "accumulated_operating_revenue": 534881, 
        "long_term_average": 156813, 
        "date": "2015-04-30", 
        "operating_revenue": 113534, 
        "short_term_average": 115973
    }, 
    {
        "accumulated_operating_revenue_yoy": -27.729083403305616, 
        "accumulated_operating_revenue": 659303, 
        "long_term_average": 153203, 
        "date": "2015-05-31", 
        "operating_revenue": 124422, 
        "short_term_average": 125579
    }, 
    {
        "accumulated_operating_revenue_yoy": -28.575800404355746, 
        "accumulated_operating_revenue": 788861, 
        "long_term_average": 147982, 
        "date": "2015-06-30", 
        "operating_revenue": 129558, 
        "short_term_average": 122504
    }, 
    {
        "accumulated_operating_revenue_yoy": -27.796544659854483, 
        "accumulated_operating_revenue": 926579, 
        "long_term_average": 144557, 
        "date": "2015-07-31", 
        "operating_revenue": 137718, 
        "short_term_average": 130566
    }, 
    {
        "accumulated_operating_revenue_yoy": -26.253099621686317, 
        "accumulated_operating_revenue": 1072732, 
        "long_term_average": 142460, 
        "date": "2015-08-31", 
        "operating_revenue": 146153, 
        "short_term_average": 137809
    }, 
    {
        "accumulated_operating_revenue_yoy": -23.731293718470464, 
        "accumulated_operating_revenue": 1226413, 
        "long_term_average": 142483, 
        "date": "2015-09-30", 
        "operating_revenue": 153681, 
        "short_term_average": 145850
    }, 
    {
        "accumulated_operating_revenue_yoy": -18.022214015073796, 
        "accumulated_operating_revenue": 1438356, 
        "long_term_average": 147932, 
        "date": "2015-10-31", 
        "operating_revenue": 211943, 
        "short_term_average": 170592
    }
]