[
    {
        "date": "2011-09-30", 
        "operating_revenue": 529044, 
        "accumulated_operating_revenue": 529044, 
        "long_term_average": 529044, 
        "short_term_average": 529044
    }, 
    {
        "date": "2011-10-31", 
        "operating_revenue": 545431, 
        "accumulated_operating_revenue": 1074475, 
        "long_term_average": 537237, 
        "short_term_average": 537237
    }, 
    {
        "date": "2011-11-30", 
        "operating_revenue": 554149, 
        "accumulated_operating_revenue": 1628624, 
        "long_term_average": 542874, 
        "short_term_average": 542874
    }, 
    {
        "date": "2011-12-31", 
        "operating_revenue": 447921, 
        "accumulated_operating_revenue": 2076545, 
        "long_term_average": 519136, 
        "short_term_average": 515833
    }, 
    {
        "date": "2012-01-31", 
        "operating_revenue": 312830, 
        "accumulated_operating_revenue": 312830, 
        "long_term_average": 477875, 
        "short_term_average": 438300
    }, 
    {
        "date": "2012-02-29", 
        "operating_revenue": 381823, 
        "accumulated_operating_revenue": 694653, 
        "long_term_average": 461866, 
        "short_term_average": 380858
    }, 
    {
        "date": "2012-03-31", 
        "operating_revenue": 493664, 
        "accumulated_operating_revenue": 1188317, 
        "long_term_average": 466408, 
        "short_term_average": 396105
    }, 
    {
        "date": "2012-04-30", 
        "operating_revenue": 511831, 
        "accumulated_operating_revenue": 1700148, 
        "long_term_average": 472086, 
        "short_term_average": 462439
    }, 
    {
        "date": "2012-05-31", 
        "operating_revenue": 533885, 
        "accumulated_operating_revenue": 2234033, 
        "long_term_average": 478953, 
        "short_term_average": 513126
    }, 
    {
        "date": "2012-06-30", 
        "operating_revenue": 548740, 
        "accumulated_operating_revenue": 2782773, 
        "long_term_average": 485931, 
        "short_term_average": 531485
    }, 
    {
        "date": "2012-07-31", 
        "operating_revenue": 503083, 
        "accumulated_operating_revenue": 3285856, 
        "long_term_average": 487491, 
        "short_term_average": 528569
    }, 
    {
        "date": "2012-08-31", 
        "operating_revenue": 551734, 
        "accumulated_operating_revenue": 3837590, 
        "long_term_average": 492844, 
        "short_term_average": 534519
    }, 
    {
        "accumulated_operating_revenue_yoy": 729.0531600396187, 
        "accumulated_operating_revenue": 4386056, 
        "long_term_average": 494463, 
        "date": "2012-09-30", 
        "operating_revenue": 548466, 
        "short_term_average": 534427
    }, 
    {
        "accumulated_operating_revenue_yoy": 359.4975220456502, 
        "accumulated_operating_revenue": 4937186, 
        "long_term_average": 494938, 
        "date": "2012-10-31", 
        "operating_revenue": 551130, 
        "short_term_average": 550443
    }, 
    {
        "accumulated_operating_revenue_yoy": 234.05801461847545, 
        "accumulated_operating_revenue": 5440549, 
        "long_term_average": 490705, 
        "date": "2012-11-30", 
        "operating_revenue": 503363, 
        "short_term_average": 534319
    }, 
    {
        "accumulated_operating_revenue_yoy": 189.58418912183458, 
        "accumulated_operating_revenue": 6013346, 
        "long_term_average": 501112, 
        "date": "2012-12-31", 
        "operating_revenue": 572797, 
        "short_term_average": 542430
    }, 
    {
        "accumulated_operating_revenue_yoy": -1.261068311862673, 
        "accumulated_operating_revenue": 308885, 
        "long_term_average": 500783, 
        "date": "2013-01-31", 
        "operating_revenue": 308885, 
        "short_term_average": 461681
    }, 
    {
        "accumulated_operating_revenue_yoy": -36.817806876238926, 
        "accumulated_operating_revenue": 438897, 
        "long_term_average": 479799, 
        "date": "2013-02-28", 
        "operating_revenue": 130012, 
        "short_term_average": 337231
    }, 
    {
        "accumulated_operating_revenue_yoy": -19.118635852217885, 
        "accumulated_operating_revenue": 961127, 
        "long_term_average": 482179, 
        "date": "2013-03-31", 
        "operating_revenue": 522230, 
        "short_term_average": 320375
    }, 
    {
        "accumulated_operating_revenue_yoy": -10.766533266515621, 
        "accumulated_operating_revenue": 1517101, 
        "long_term_average": 485858, 
        "date": "2013-04-30", 
        "operating_revenue": 555974, 
        "short_term_average": 402738
    }, 
    {
        "accumulated_operating_revenue_yoy": -6.3465042817183095, 
        "accumulated_operating_revenue": 2092250, 
        "long_term_average": 489296, 
        "date": "2013-05-31", 
        "operating_revenue": 575149, 
        "short_term_average": 551117
    }, 
    {
        "accumulated_operating_revenue_yoy": -4.401221371631822, 
        "accumulated_operating_revenue": 2660297, 
        "long_term_average": 490905, 
        "date": "2013-06-30", 
        "operating_revenue": 568047, 
        "short_term_average": 566390
    }, 
    {
        "accumulated_operating_revenue_yoy": -1.2560501738359806, 
        "accumulated_operating_revenue": 3244584, 
        "long_term_average": 497672, 
        "date": "2013-07-31", 
        "operating_revenue": 584287, 
        "short_term_average": 575827
    }, 
    {
        "accumulated_operating_revenue_yoy": 0.6058229253255298, 
        "accumulated_operating_revenue": 3860839, 
        "long_term_average": 503049, 
        "date": "2013-08-31", 
        "operating_revenue": 616255, 
        "short_term_average": 589529
    }, 
    {
        "accumulated_operating_revenue_yoy": 3.1739676830391583, 
        "accumulated_operating_revenue": 4525268, 
        "long_term_average": 512713, 
        "date": "2013-09-30", 
        "operating_revenue": 664429, 
        "short_term_average": 621657
    }, 
    {
        "accumulated_operating_revenue_yoy": 5.383998091220383, 
        "accumulated_operating_revenue": 5203004, 
        "long_term_average": 523263, 
        "date": "2013-10-31", 
        "operating_revenue": 677736, 
        "short_term_average": 652806
    }, 
    {
        "accumulated_operating_revenue_yoy": 12.26644590463205, 
        "accumulated_operating_revenue": 6107911, 
        "long_term_average": 556725, 
        "date": "2013-11-30", 
        "operating_revenue": 904907, 
        "short_term_average": 749024
    }, 
    {
        "accumulated_operating_revenue_yoy": 19.786953885573855, 
        "accumulated_operating_revenue": 7203204, 
        "long_term_average": 600267, 
        "date": "2013-12-31", 
        "operating_revenue": 1095293, 
        "short_term_average": 892645
    }, 
    {
        "accumulated_operating_revenue_yoy": 32.20810333943053, 
        "accumulated_operating_revenue": 408371, 
        "long_term_average": 608557, 
        "date": "2014-01-31", 
        "operating_revenue": 408371, 
        "short_term_average": 802857
    }, 
    {
        "accumulated_operating_revenue_yoy": 46.1593494601239, 
        "accumulated_operating_revenue": 641489, 
        "long_term_average": 617149, 
        "date": "2014-02-28", 
        "operating_revenue": 233118, 
        "short_term_average": 578927
    }, 
    {
        "accumulated_operating_revenue_yoy": 26.80363781269281, 
        "accumulated_operating_revenue": 1218744, 
        "long_term_average": 621735, 
        "date": "2014-03-31", 
        "operating_revenue": 577255, 
        "short_term_average": 406248
    }, 
    {
        "accumulated_operating_revenue_yoy": 18.965843407920765, 
        "accumulated_operating_revenue": 1804832, 
        "long_term_average": 624244, 
        "date": "2014-04-30", 
        "operating_revenue": 586088, 
        "short_term_average": 465487
    }, 
    {
        "accumulated_operating_revenue_yoy": 9.8860556816824, 
        "accumulated_operating_revenue": 2299091, 
        "long_term_average": 617503, 
        "date": "2014-05-31", 
        "operating_revenue": 494259, 
        "short_term_average": 552534
    }, 
    {
        "accumulated_operating_revenue_yoy": 4.716841766163703, 
        "accumulated_operating_revenue": 2785779, 
        "long_term_average": 610723, 
        "date": "2014-06-30", 
        "operating_revenue": 486688, 
        "short_term_average": 522345
    }, 
    {
        "accumulated_operating_revenue_yoy": 0.9628661178135626, 
        "accumulated_operating_revenue": 3275825, 
        "long_term_average": 602870, 
        "date": "2014-07-31", 
        "operating_revenue": 490046, 
        "short_term_average": 490331
    }, 
    {
        "accumulated_operating_revenue_yoy": -2.072217981635598, 
        "accumulated_operating_revenue": 3780834, 
        "long_term_average": 593599, 
        "date": "2014-08-31", 
        "operating_revenue": 505009, 
        "short_term_average": 493914
    }, 
    {
        "accumulated_operating_revenue_yoy": -7.084928450646459, 
        "accumulated_operating_revenue": 4204656, 
        "long_term_average": 573549, 
        "date": "2014-09-30", 
        "operating_revenue": 423822, 
        "short_term_average": 472959
    }, 
    {
        "accumulated_operating_revenue_yoy": -12.094109479831266, 
        "accumulated_operating_revenue": 4573747, 
        "long_term_average": 547828, 
        "date": "2014-10-31", 
        "operating_revenue": 369091, 
        "short_term_average": 432640
    }, 
    {
        "accumulated_operating_revenue_yoy": -18.772555788714012, 
        "accumulated_operating_revenue": 4961300, 
        "long_term_average": 504716, 
        "date": "2014-11-30", 
        "operating_revenue": 387553, 
        "short_term_average": 393488
    }, 
    {
        "accumulated_operating_revenue_yoy": -25.31859433663131, 
        "accumulated_operating_revenue": 5379454, 
        "long_term_average": 448287, 
        "date": "2014-12-31", 
        "operating_revenue": 418154, 
        "short_term_average": 391599
    }, 
    {
        "accumulated_operating_revenue_yoy": 1.4006871202901283, 
        "accumulated_operating_revenue": 414091, 
        "long_term_average": 448764, 
        "date": "2015-01-31", 
        "operating_revenue": 414091, 
        "short_term_average": 406599
    }, 
    {
        "accumulated_operating_revenue_yoy": -10.723332746157768, 
        "accumulated_operating_revenue": 572700, 
        "long_term_average": 442555, 
        "date": "2015-02-28", 
        "operating_revenue": 158609, 
        "short_term_average": 330284
    }, 
    {
        "accumulated_operating_revenue_yoy": -31.19006124337843, 
        "accumulated_operating_revenue": 838617, 
        "long_term_average": 416610, 
        "date": "2015-03-31", 
        "operating_revenue": 265917, 
        "short_term_average": 279539
    }, 
    {
        "accumulated_operating_revenue_yoy": -36.92548669349834, 
        "accumulated_operating_revenue": 1138389, 
        "long_term_average": 392750, 
        "date": "2015-04-30", 
        "operating_revenue": 299772, 
        "short_term_average": 241432
    }, 
    {
        "accumulated_operating_revenue_yoy": -34.13862261215411, 
        "accumulated_operating_revenue": 1514213, 
        "long_term_average": 382881, 
        "date": "2015-05-31", 
        "operating_revenue": 375824, 
        "short_term_average": 313837
    }, 
    {
        "accumulated_operating_revenue_yoy": -29.710361087509096, 
        "accumulated_operating_revenue": 1958114, 
        "long_term_average": 379315, 
        "date": "2015-06-30", 
        "operating_revenue": 443901, 
        "short_term_average": 373165
    }, 
    {
        "accumulated_operating_revenue_yoy": -26.183907870536427, 
        "accumulated_operating_revenue": 2418086, 
        "long_term_average": 376809, 
        "date": "2015-07-31", 
        "operating_revenue": 459972, 
        "short_term_average": 426565
    }, 
    {
        "accumulated_operating_revenue_yoy": -23.859021580952774, 
        "accumulated_operating_revenue": 2878764, 
        "long_term_average": 373115, 
        "date": "2015-08-31", 
        "operating_revenue": 460678, 
        "short_term_average": 454850
    }
]