[
    {
        "date": "2011-09-30", 
        "operating_revenue": 462692, 
        "accumulated_operating_revenue": 462692, 
        "long_term_average": 462692, 
        "short_term_average": 462692
    }, 
    {
        "date": "2011-10-31", 
        "operating_revenue": 437917, 
        "accumulated_operating_revenue": 900609, 
        "long_term_average": 450304, 
        "short_term_average": 450304
    }, 
    {
        "date": "2011-11-30", 
        "operating_revenue": 477724, 
        "accumulated_operating_revenue": 1378333, 
        "long_term_average": 459444, 
        "short_term_average": 459444
    }, 
    {
        "date": "2011-12-31", 
        "operating_revenue": 435560, 
        "accumulated_operating_revenue": 1813893, 
        "long_term_average": 453473, 
        "short_term_average": 450400
    }, 
    {
        "date": "2012-01-31", 
        "operating_revenue": 343091, 
        "accumulated_operating_revenue": 343091, 
        "long_term_average": 431396, 
        "short_term_average": 418791
    }, 
    {
        "date": "2012-02-29", 
        "operating_revenue": 467734, 
        "accumulated_operating_revenue": 810825, 
        "long_term_average": 437453, 
        "short_term_average": 415461
    }, 
    {
        "date": "2012-03-31", 
        "operating_revenue": 507525, 
        "accumulated_operating_revenue": 1318350, 
        "long_term_average": 447463, 
        "short_term_average": 439450
    }, 
    {
        "date": "2012-04-30", 
        "operating_revenue": 403970, 
        "accumulated_operating_revenue": 1722320, 
        "long_term_average": 442026, 
        "short_term_average": 459743
    }, 
    {
        "date": "2012-05-31", 
        "operating_revenue": 504315, 
        "accumulated_operating_revenue": 2226635, 
        "long_term_average": 448947, 
        "short_term_average": 471936
    }, 
    {
        "date": "2012-06-30", 
        "operating_revenue": 542778, 
        "accumulated_operating_revenue": 2769413, 
        "long_term_average": 458330, 
        "short_term_average": 483687
    }, 
    {
        "date": "2012-07-31", 
        "operating_revenue": 473266, 
        "accumulated_operating_revenue": 3242679, 
        "long_term_average": 459688, 
        "short_term_average": 506786
    }, 
    {
        "date": "2012-08-31", 
        "operating_revenue": 455882, 
        "accumulated_operating_revenue": 3698561, 
        "long_term_average": 459371, 
        "short_term_average": 490642
    }, 
    {
        "accumulated_operating_revenue_yoy": 806.3288321388743, 
        "accumulated_operating_revenue": 4193511, 
        "long_term_average": 462059, 
        "date": "2012-09-30", 
        "operating_revenue": 494950, 
        "short_term_average": 474699
    }, 
    {
        "accumulated_operating_revenue_yoy": 400.8869553824135, 
        "accumulated_operating_revenue": 4511033, 
        "long_term_average": 452026, 
        "date": "2012-10-31", 
        "operating_revenue": 317522, 
        "short_term_average": 422784
    }, 
    {
        "accumulated_operating_revenue_yoy": 252.75031505448973, 
        "accumulated_operating_revenue": 4862074, 
        "long_term_average": 441469, 
        "date": "2012-11-30", 
        "operating_revenue": 351041, 
        "short_term_average": 387837
    }, 
    {
        "accumulated_operating_revenue_yoy": 191.67635577181235, 
        "accumulated_operating_revenue": 5290697, 
        "long_term_average": 440891, 
        "date": "2012-12-31", 
        "operating_revenue": 428623, 
        "short_term_average": 365728
    }, 
    {
        "accumulated_operating_revenue_yoy": 59.312252434485316, 
        "accumulated_operating_revenue": 546586, 
        "long_term_average": 457849, 
        "date": "2013-01-31", 
        "operating_revenue": 546586, 
        "short_term_average": 442083
    }, 
    {
        "accumulated_operating_revenue_yoy": 12.261215428729997, 
        "accumulated_operating_revenue": 910242, 
        "long_term_average": 449176, 
        "date": "2013-02-28", 
        "operating_revenue": 363656, 
        "short_term_average": 446288
    }, 
    {
        "accumulated_operating_revenue_yoy": 13.992263056092844, 
        "accumulated_operating_revenue": 1502817, 
        "long_term_average": 456263, 
        "date": "2013-03-31", 
        "operating_revenue": 592575, 
        "short_term_average": 500939
    }, 
    {
        "accumulated_operating_revenue_yoy": 18.56124297459241, 
        "accumulated_operating_revenue": 2042004, 
        "long_term_average": 467531, 
        "date": "2013-04-30", 
        "operating_revenue": 539187, 
        "short_term_average": 498472
    }, 
    {
        "accumulated_operating_revenue_yoy": 15.449052044901837, 
        "accumulated_operating_revenue": 2570629, 
        "long_term_average": 469557, 
        "date": "2013-05-31", 
        "operating_revenue": 528625, 
        "short_term_average": 553462
    }, 
    {
        "accumulated_operating_revenue_yoy": 13.93703286580947, 
        "accumulated_operating_revenue": 3155387, 
        "long_term_average": 473055, 
        "date": "2013-06-30", 
        "operating_revenue": 584758, 
        "short_term_average": 550856
    }, 
    {
        "accumulated_operating_revenue_yoy": 15.790893887430732, 
        "accumulated_operating_revenue": 3754727, 
        "long_term_average": 483562, 
        "date": "2013-07-31", 
        "operating_revenue": 599340, 
        "short_term_average": 570907
    }, 
    {
        "accumulated_operating_revenue_yoy": 18.57508906842418, 
        "accumulated_operating_revenue": 4385572, 
        "long_term_average": 498142, 
        "date": "2013-08-31", 
        "operating_revenue": 630845, 
        "short_term_average": 604981
    }, 
    {
        "accumulated_operating_revenue_yoy": 21.650044556935704, 
        "accumulated_operating_revenue": 5101408, 
        "long_term_average": 516549, 
        "date": "2013-09-30", 
        "operating_revenue": 715836, 
        "short_term_average": 648673
    }, 
    {
        "accumulated_operating_revenue_yoy": 28.390548240281106, 
        "accumulated_operating_revenue": 5791740, 
        "long_term_average": 547617, 
        "date": "2013-10-31", 
        "operating_revenue": 690332, 
        "short_term_average": 679004
    }, 
    {
        "accumulated_operating_revenue_yoy": 35.98408827179512, 
        "accumulated_operating_revenue": 6611647, 
        "long_term_average": 586689, 
        "date": "2013-11-30", 
        "operating_revenue": 819907, 
        "short_term_average": 742025
    }, 
    {
        "accumulated_operating_revenue_yoy": 40.54401527813821, 
        "accumulated_operating_revenue": 7435758, 
        "long_term_average": 619646, 
        "date": "2013-12-31", 
        "operating_revenue": 824111, 
        "short_term_average": 778116
    }, 
    {
        "accumulated_operating_revenue_yoy": 17.859586597534513, 
        "accumulated_operating_revenue": 644204, 
        "long_term_average": 627781, 
        "date": "2014-01-31", 
        "operating_revenue": 644204, 
        "short_term_average": 762740
    }, 
    {
        "accumulated_operating_revenue_yoy": 27.95168757319482, 
        "accumulated_operating_revenue": 1164670, 
        "long_term_average": 640848, 
        "date": "2014-02-28", 
        "operating_revenue": 520466, 
        "short_term_average": 662927
    }, 
    {
        "accumulated_operating_revenue_yoy": 29.746070213472432, 
        "accumulated_operating_revenue": 1949846, 
        "long_term_average": 656898, 
        "date": "2014-03-31", 
        "operating_revenue": 785176, 
        "short_term_average": 649948
    }, 
    {
        "accumulated_operating_revenue_yoy": 31.66071173220033, 
        "accumulated_operating_revenue": 2688517, 
        "long_term_average": 673522, 
        "date": "2014-04-30", 
        "operating_revenue": 738671, 
        "short_term_average": 681437
    }, 
    {
        "accumulated_operating_revenue_yoy": 33.137881818029754, 
        "accumulated_operating_revenue": 3422481, 
        "long_term_average": 690634, 
        "date": "2014-05-31", 
        "operating_revenue": 733964, 
        "short_term_average": 752603
    }, 
    {
        "accumulated_operating_revenue_yoy": 32.54054098593929, 
        "accumulated_operating_revenue": 4182167, 
        "long_term_average": 705211, 
        "date": "2014-06-30", 
        "operating_revenue": 759686, 
        "short_term_average": 744107
    }, 
    {
        "accumulated_operating_revenue_yoy": 30.703830131990955, 
        "accumulated_operating_revenue": 4907572, 
        "long_term_average": 715716, 
        "date": "2014-07-31", 
        "operating_revenue": 725405, 
        "short_term_average": 739685
    }, 
    {
        "accumulated_operating_revenue_yoy": 26.62209171346406, 
        "accumulated_operating_revenue": 5553103, 
        "long_term_average": 716940, 
        "date": "2014-08-31", 
        "operating_revenue": 645531, 
        "short_term_average": 710207
    }, 
    {
        "accumulated_operating_revenue_yoy": 22.121735803135135, 
        "accumulated_operating_revenue": 6229928, 
        "long_term_average": 713689, 
        "date": "2014-09-30", 
        "operating_revenue": 676825, 
        "short_term_average": 682587
    }, 
    {
        "accumulated_operating_revenue_yoy": 20.02539823956186, 
        "accumulated_operating_revenue": 6951559, 
        "long_term_average": 716298, 
        "date": "2014-10-31", 
        "operating_revenue": 721631, 
        "short_term_average": 681329
    }, 
    {
        "accumulated_operating_revenue_yoy": 16.7754872575623, 
        "accumulated_operating_revenue": 7720783, 
        "long_term_average": 712074, 
        "date": "2014-11-30", 
        "operating_revenue": 769224, 
        "short_term_average": 722560
    }, 
    {
        "accumulated_operating_revenue_yoy": 14.57611987910311, 
        "accumulated_operating_revenue": 8519603, 
        "long_term_average": 709966, 
        "date": "2014-12-31", 
        "operating_revenue": 798820, 
        "short_term_average": 763225
    }, 
    {
        "accumulated_operating_revenue_yoy": 17.72761423400041, 
        "accumulated_operating_revenue": 758406, 
        "long_term_average": 719483, 
        "date": "2015-01-31", 
        "operating_revenue": 758406, 
        "short_term_average": 775483
    }, 
    {
        "accumulated_operating_revenue_yoy": 2.6280405608455615, 
        "accumulated_operating_revenue": 1195278, 
        "long_term_average": 712517, 
        "date": "2015-02-28", 
        "operating_revenue": 436872, 
        "short_term_average": 664699
    }, 
    {
        "accumulated_operating_revenue_yoy": -1.7664984824442547, 
        "accumulated_operating_revenue": 1915402, 
        "long_term_average": 707096, 
        "date": "2015-03-31", 
        "operating_revenue": 720124, 
        "short_term_average": 638467
    }, 
    {
        "accumulated_operating_revenue_yoy": -3.264997022522082, 
        "accumulated_operating_revenue": 2600737, 
        "long_term_average": 702651, 
        "date": "2015-04-30", 
        "operating_revenue": 685335, 
        "short_term_average": 614110
    }, 
    {
        "accumulated_operating_revenue_yoy": -4.016793665180318, 
        "accumulated_operating_revenue": 3285007, 
        "long_term_average": 698510, 
        "date": "2015-05-31", 
        "operating_revenue": 684270, 
        "short_term_average": 696576
    }, 
    {
        "accumulated_operating_revenue_yoy": -5.747307556106679, 
        "accumulated_operating_revenue": 3941805, 
        "long_term_average": 689936, 
        "date": "2015-06-30", 
        "operating_revenue": 656798, 
        "short_term_average": 675467
    }, 
    {
        "accumulated_operating_revenue_yoy": -6.453619019751519, 
        "accumulated_operating_revenue": 4590856, 
        "long_term_average": 683573, 
        "date": "2015-07-31", 
        "operating_revenue": 649051, 
        "short_term_average": 663373
    }, 
    {
        "accumulated_operating_revenue_yoy": -5.533176676175464, 
        "accumulated_operating_revenue": 5245840, 
        "long_term_average": 684361, 
        "date": "2015-08-31", 
        "operating_revenue": 654984, 
        "short_term_average": 653611
    }, 
    {
        "accumulated_operating_revenue_yoy": -4.558319133062212, 
        "accumulated_operating_revenue": 5945948, 
        "long_term_average": 686301, 
        "date": "2015-09-30", 
        "operating_revenue": 700108, 
        "short_term_average": 668047
    }, 
    {
        "accumulated_operating_revenue_yoy": -4.153097168563195, 
        "accumulated_operating_revenue": 6662854, 
        "long_term_average": 685908, 
        "date": "2015-10-31", 
        "operating_revenue": 716906, 
        "short_term_average": 690666
    }
]