[
    {
        "date": "2012-01-31", 
        "operating_revenue": 80236, 
        "accumulated_operating_revenue": 80236, 
        "long_term_average": 80236, 
        "short_term_average": 80236
    }, 
    {
        "date": "2012-02-29", 
        "operating_revenue": 85299, 
        "accumulated_operating_revenue": 165535, 
        "long_term_average": 82767, 
        "short_term_average": 82767
    }, 
    {
        "date": "2012-03-31", 
        "operating_revenue": 105683, 
        "accumulated_operating_revenue": 271218, 
        "long_term_average": 90406, 
        "short_term_average": 90406
    }, 
    {
        "date": "2012-04-30", 
        "operating_revenue": 89962, 
        "accumulated_operating_revenue": 361180, 
        "long_term_average": 90295, 
        "short_term_average": 93648
    }, 
    {
        "date": "2012-05-31", 
        "operating_revenue": 88840, 
        "accumulated_operating_revenue": 450020, 
        "long_term_average": 90004, 
        "short_term_average": 94828
    }, 
    {
        "date": "2012-06-30", 
        "operating_revenue": 95979, 
        "accumulated_operating_revenue": 545999, 
        "long_term_average": 90999, 
        "short_term_average": 91593
    }, 
    {
        "date": "2012-07-31", 
        "operating_revenue": 83402, 
        "accumulated_operating_revenue": 629401, 
        "long_term_average": 89914, 
        "short_term_average": 89407
    }, 
    {
        "date": "2012-08-31", 
        "operating_revenue": 105905, 
        "accumulated_operating_revenue": 735306, 
        "long_term_average": 91913, 
        "short_term_average": 95095
    }, 
    {
        "date": "2012-09-30", 
        "operating_revenue": 93060, 
        "accumulated_operating_revenue": 828366, 
        "long_term_average": 92040, 
        "short_term_average": 94122
    }, 
    {
        "date": "2012-10-31", 
        "operating_revenue": 100739, 
        "accumulated_operating_revenue": 929105, 
        "long_term_average": 92910, 
        "short_term_average": 99901
    }, 
    {
        "date": "2012-11-30", 
        "operating_revenue": 117913, 
        "accumulated_operating_revenue": 1047018, 
        "long_term_average": 95183, 
        "short_term_average": 103904
    }, 
    {
        "date": "2012-12-31", 
        "operating_revenue": 110762, 
        "accumulated_operating_revenue": 1157780, 
        "long_term_average": 96481, 
        "short_term_average": 109804
    }, 
    {
        "accumulated_operating_revenue_yoy": 53.60062814696644, 
        "accumulated_operating_revenue": 123243, 
        "long_term_average": 100065, 
        "date": "2013-01-31", 
        "operating_revenue": 123243, 
        "short_term_average": 117306
    }, 
    {
        "accumulated_operating_revenue_yoy": 21.759144591778174, 
        "accumulated_operating_revenue": 201554, 
        "long_term_average": 99483, 
        "date": "2013-02-28", 
        "operating_revenue": 78311, 
        "short_term_average": 104105
    }, 
    {
        "accumulated_operating_revenue_yoy": 16.052400651874137, 
        "accumulated_operating_revenue": 314755, 
        "long_term_average": 100109, 
        "date": "2013-03-31", 
        "operating_revenue": 113201, 
        "short_term_average": 104918
    }, 
    {
        "accumulated_operating_revenue_yoy": 15.670579766321502, 
        "accumulated_operating_revenue": 417779, 
        "long_term_average": 101198, 
        "date": "2013-04-30", 
        "operating_revenue": 103024, 
        "short_term_average": 98178
    }, 
    {
        "accumulated_operating_revenue_yoy": 18.092307008577396, 
        "accumulated_operating_revenue": 531439, 
        "long_term_average": 103266, 
        "date": "2013-05-31", 
        "operating_revenue": 113660, 
        "short_term_average": 109961
    }, 
    {
        "accumulated_operating_revenue_yoy": 13.796362264399754, 
        "accumulated_operating_revenue": 621327, 
        "long_term_average": 102759, 
        "date": "2013-06-30", 
        "operating_revenue": 89888, 
        "short_term_average": 102190
    }, 
    {
        "accumulated_operating_revenue_yoy": 12.166488454896005, 
        "accumulated_operating_revenue": 705977, 
        "long_term_average": 102863, 
        "date": "2013-07-31", 
        "operating_revenue": 84650, 
        "short_term_average": 96066
    }, 
    {
        "accumulated_operating_revenue_yoy": 8.279954195940194, 
        "accumulated_operating_revenue": 796189, 
        "long_term_average": 101555, 
        "date": "2013-08-31", 
        "operating_revenue": 90212, 
        "short_term_average": 88250
    }, 
    {
        "accumulated_operating_revenue_yoy": 6.140039547736146, 
        "accumulated_operating_revenue": 879228, 
        "long_term_average": 100720, 
        "date": "2013-09-30", 
        "operating_revenue": 83039, 
        "short_term_average": 85967
    }, 
    {
        "accumulated_operating_revenue_yoy": 6.187459974922103, 
        "accumulated_operating_revenue": 986593, 
        "long_term_average": 101272, 
        "date": "2013-10-31", 
        "operating_revenue": 107365, 
        "short_term_average": 93538
    }, 
    {
        "accumulated_operating_revenue_yoy": 5.215765153989712, 
        "accumulated_operating_revenue": 1101628, 
        "long_term_average": 101032, 
        "date": "2013-11-30", 
        "operating_revenue": 115035, 
        "short_term_average": 101813
    }, 
    {
        "accumulated_operating_revenue_yoy": 5.614797284458187, 
        "accumulated_operating_revenue": 1222787, 
        "long_term_average": 101898, 
        "date": "2013-12-31", 
        "operating_revenue": 121159, 
        "short_term_average": 114519
    }, 
    {
        "accumulated_operating_revenue_yoy": -3.104435951737624, 
        "accumulated_operating_revenue": 119417, 
        "long_term_average": 101580, 
        "date": "2014-01-31", 
        "operating_revenue": 119417, 
        "short_term_average": 118537
    }, 
    {
        "accumulated_operating_revenue_yoy": 11.11315081814303, 
        "accumulated_operating_revenue": 223953, 
        "long_term_average": 103765, 
        "date": "2014-02-28", 
        "operating_revenue": 104536, 
        "short_term_average": 115037
    }, 
    {
        "accumulated_operating_revenue_yoy": 14.603104001524997, 
        "accumulated_operating_revenue": 360719, 
        "long_term_average": 105729, 
        "date": "2014-03-31", 
        "operating_revenue": 136766, 
        "short_term_average": 120239
    }, 
    {
        "accumulated_operating_revenue_yoy": 21.809138324329368, 
        "accumulated_operating_revenue": 508893, 
        "long_term_average": 109491, 
        "date": "2014-04-30", 
        "operating_revenue": 148174, 
        "short_term_average": 129825
    }, 
    {
        "accumulated_operating_revenue_yoy": 20.43696454343772, 
        "accumulated_operating_revenue": 640049, 
        "long_term_average": 110949, 
        "date": "2014-05-31", 
        "operating_revenue": 131156, 
        "short_term_average": 138698
    }, 
    {
        "accumulated_operating_revenue_yoy": 18.04379980268039, 
        "accumulated_operating_revenue": 733438, 
        "long_term_average": 111241, 
        "date": "2014-06-30", 
        "operating_revenue": 93389, 
        "short_term_average": 124239
    }, 
    {
        "accumulated_operating_revenue_yoy": 18.37028685070477, 
        "accumulated_operating_revenue": 835667, 
        "long_term_average": 112706, 
        "date": "2014-07-31", 
        "operating_revenue": 102229, 
        "short_term_average": 108924
    }, 
    {
        "accumulated_operating_revenue_yoy": 17.736869009745174, 
        "accumulated_operating_revenue": 937408, 
        "long_term_average": 113667, 
        "date": "2014-08-31", 
        "operating_revenue": 101741, 
        "short_term_average": 99119
    }, 
    {
        "accumulated_operating_revenue_yoy": 18.46312901772919, 
        "accumulated_operating_revenue": 1041561, 
        "long_term_average": 115426, 
        "date": "2014-09-30", 
        "operating_revenue": 104153, 
        "short_term_average": 102707
    }, 
    {
        "accumulated_operating_revenue_yoy": 18.955435524071223, 
        "accumulated_operating_revenue": 1173606, 
        "long_term_average": 117483, 
        "date": "2014-10-31", 
        "operating_revenue": 132045, 
        "short_term_average": 112646
    }, 
    {
        "accumulated_operating_revenue_yoy": 17.813454269499324, 
        "accumulated_operating_revenue": 1297866, 
        "long_term_average": 118252, 
        "date": "2014-11-30", 
        "operating_revenue": 124260, 
        "short_term_average": 120152
    }, 
    {
        "accumulated_operating_revenue_yoy": 17.754277727846304, 
        "accumulated_operating_revenue": 1439884, 
        "long_term_average": 119990, 
        "date": "2014-12-31", 
        "operating_revenue": 142018, 
        "short_term_average": 132774
    }, 
    {
        "accumulated_operating_revenue_yoy": -8.519724997278445, 
        "accumulated_operating_revenue": 109243, 
        "long_term_average": 119142, 
        "date": "2015-01-31", 
        "operating_revenue": 109243, 
        "short_term_average": 125173
    }, 
    {
        "accumulated_operating_revenue_yoy": -2.313431836144191, 
        "accumulated_operating_revenue": 218772, 
        "long_term_average": 119558, 
        "date": "2015-02-28", 
        "operating_revenue": 109529, 
        "short_term_average": 120263
    }, 
    {
        "accumulated_operating_revenue_yoy": 4.700889057687563, 
        "accumulated_operating_revenue": 377676, 
        "long_term_average": 121403, 
        "date": "2015-03-31", 
        "operating_revenue": 158904, 
        "short_term_average": 125892
    }, 
    {
        "accumulated_operating_revenue_yoy": 5.242162890823808, 
        "accumulated_operating_revenue": 535570, 
        "long_term_average": 122213, 
        "date": "2015-04-30", 
        "operating_revenue": 157894, 
        "short_term_average": 142109
    }, 
    {
        "accumulated_operating_revenue_yoy": 12.541852264436004, 
        "accumulated_operating_revenue": 720323, 
        "long_term_average": 126679, 
        "date": "2015-05-31", 
        "operating_revenue": 184753, 
        "short_term_average": 167183
    }, 
    {
        "accumulated_operating_revenue_yoy": 22.832877489303797, 
        "accumulated_operating_revenue": 900903, 
        "long_term_average": 133945, 
        "date": "2015-06-30", 
        "operating_revenue": 180580, 
        "short_term_average": 174409
    }, 
    {
        "accumulated_operating_revenue_yoy": 28.240196154688412, 
        "accumulated_operating_revenue": 1071661, 
        "long_term_average": 139656, 
        "date": "2015-07-31", 
        "operating_revenue": 170758, 
        "short_term_average": 178697
    }, 
    {
        "accumulated_operating_revenue_yoy": 33.61321857718304, 
        "accumulated_operating_revenue": 1252501, 
        "long_term_average": 146248, 
        "date": "2015-08-31", 
        "operating_revenue": 180840, 
        "short_term_average": 177392
    }
]