[
    {
        "date": "2012-11-30", 
        "operating_revenue": 188322, 
        "accumulated_operating_revenue": 188322, 
        "long_term_average": 188322, 
        "short_term_average": 188322
    }, 
    {
        "date": "2012-12-31", 
        "operating_revenue": 257304, 
        "accumulated_operating_revenue": 445626, 
        "long_term_average": 222813, 
        "short_term_average": 222813
    }, 
    {
        "date": "2013-01-31", 
        "operating_revenue": 188891, 
        "accumulated_operating_revenue": 188891, 
        "long_term_average": 211505, 
        "short_term_average": 211505
    }, 
    {
        "date": "2013-02-28", 
        "operating_revenue": 96102, 
        "accumulated_operating_revenue": 284993, 
        "long_term_average": 182654, 
        "short_term_average": 180765
    }, 
    {
        "date": "2013-03-31", 
        "operating_revenue": 234732, 
        "accumulated_operating_revenue": 519725, 
        "long_term_average": 193070, 
        "short_term_average": 173241
    }, 
    {
        "date": "2013-04-30", 
        "operating_revenue": 222386, 
        "accumulated_operating_revenue": 742111, 
        "long_term_average": 197956, 
        "short_term_average": 184406
    }, 
    {
        "date": "2013-05-31", 
        "operating_revenue": 209776, 
        "accumulated_operating_revenue": 951887, 
        "long_term_average": 199644, 
        "short_term_average": 222298
    }, 
    {
        "date": "2013-06-30", 
        "operating_revenue": 200196, 
        "accumulated_operating_revenue": 1152083, 
        "long_term_average": 199713, 
        "short_term_average": 210786
    }, 
    {
        "date": "2013-07-31", 
        "operating_revenue": 228751, 
        "accumulated_operating_revenue": 1380834, 
        "long_term_average": 202940, 
        "short_term_average": 212907
    }, 
    {
        "date": "2013-08-31", 
        "operating_revenue": 229126, 
        "accumulated_operating_revenue": 1609960, 
        "long_term_average": 205558, 
        "short_term_average": 219357
    }, 
    {
        "date": "2013-09-30", 
        "operating_revenue": 264094, 
        "accumulated_operating_revenue": 1874054, 
        "long_term_average": 210880, 
        "short_term_average": 240657
    }, 
    {
        "date": "2013-10-31", 
        "operating_revenue": 274248, 
        "accumulated_operating_revenue": 2148302, 
        "long_term_average": 216160, 
        "short_term_average": 255822
    }, 
    {
        "accumulated_operating_revenue_yoy": 1167.6925691103536, 
        "accumulated_operating_revenue": 2387344, 
        "long_term_average": 220387, 
        "date": "2013-11-30", 
        "operating_revenue": 239042, 
        "short_term_average": 259128
    }, 
    {
        "accumulated_operating_revenue_yoy": 499.9984291760355, 
        "accumulated_operating_revenue": 2673749, 
        "long_term_average": 222812, 
        "date": "2013-12-31", 
        "operating_revenue": 286405, 
        "short_term_average": 266565
    }, 
    {
        "accumulated_operating_revenue_yoy": -43.45098495957986, 
        "accumulated_operating_revenue": 106816, 
        "long_term_average": 215972, 
        "date": "2014-01-31", 
        "operating_revenue": 106816, 
        "short_term_average": 210754
    }, 
    {
        "accumulated_operating_revenue_yoy": -7.953177797349409, 
        "accumulated_operating_revenue": 262327, 
        "long_term_average": 220923, 
        "date": "2014-02-28", 
        "operating_revenue": 155511, 
        "short_term_average": 182910
    }, 
    {
        "accumulated_operating_revenue_yoy": -0.3773149261628746, 
        "accumulated_operating_revenue": 517764, 
        "long_term_average": 222649, 
        "date": "2014-03-31", 
        "operating_revenue": 255437, 
        "short_term_average": 172588
    }, 
    {
        "accumulated_operating_revenue_yoy": 6.063109157524953, 
        "accumulated_operating_revenue": 787106, 
        "long_term_average": 226562, 
        "date": "2014-04-30", 
        "operating_revenue": 269342, 
        "short_term_average": 226763
    }, 
    {
        "accumulated_operating_revenue_yoy": 10.293868915112823, 
        "accumulated_operating_revenue": 1049873, 
        "long_term_average": 230977, 
        "date": "2014-05-31", 
        "operating_revenue": 262767, 
        "short_term_average": 262515
    }, 
    {
        "accumulated_operating_revenue_yoy": 15.063498029221853, 
        "accumulated_operating_revenue": 1325627, 
        "long_term_average": 237274, 
        "date": "2014-06-30", 
        "operating_revenue": 275754, 
        "short_term_average": 269287
    }, 
    {
        "accumulated_operating_revenue_yoy": 15.454428265816167, 
        "accumulated_operating_revenue": 1594234, 
        "long_term_average": 240595, 
        "date": "2014-07-31", 
        "operating_revenue": 268607, 
        "short_term_average": 269042
    }, 
    {
        "accumulated_operating_revenue_yoy": 16.18723446545256, 
        "accumulated_operating_revenue": 1870568, 
        "long_term_average": 244529, 
        "date": "2014-08-31", 
        "operating_revenue": 276334, 
        "short_term_average": 273565
    }, 
    {
        "accumulated_operating_revenue_yoy": 15.569508669440687, 
        "accumulated_operating_revenue": 2165835, 
        "long_term_average": 247127, 
        "date": "2014-09-30", 
        "operating_revenue": 295267, 
        "short_term_average": 280069
    }, 
    {
        "accumulated_operating_revenue_yoy": 14.695745756415999, 
        "accumulated_operating_revenue": 2464011, 
        "long_term_average": 249121, 
        "date": "2014-10-31", 
        "operating_revenue": 298176, 
        "short_term_average": 289925
    }, 
    {
        "accumulated_operating_revenue_yoy": 15.248828823998553, 
        "accumulated_operating_revenue": 2751386, 
        "long_term_average": 253149, 
        "date": "2014-11-30", 
        "operating_revenue": 287375, 
        "short_term_average": 293606
    }, 
    {
        "accumulated_operating_revenue_yoy": 15.320174032790662, 
        "accumulated_operating_revenue": 3083372, 
        "long_term_average": 256947, 
        "date": "2014-12-31", 
        "operating_revenue": 331986, 
        "short_term_average": 305845
    }, 
    {
        "accumulated_operating_revenue_yoy": 86.8287522468544, 
        "accumulated_operating_revenue": 199563, 
        "long_term_average": 264676, 
        "date": "2015-01-31", 
        "operating_revenue": 199563, 
        "short_term_average": 272974
    }, 
    {
        "accumulated_operating_revenue_yoy": 23.18670971726128, 
        "accumulated_operating_revenue": 323152, 
        "long_term_average": 262016, 
        "date": "2015-02-28", 
        "operating_revenue": 123589, 
        "short_term_average": 218379
    }, 
    {
        "accumulated_operating_revenue_yoy": 14.359437890621981, 
        "accumulated_operating_revenue": 592112, 
        "long_term_average": 263143, 
        "date": "2015-03-31", 
        "operating_revenue": 268960, 
        "short_term_average": 197370
    }, 
    {
        "accumulated_operating_revenue_yoy": 9.799569562422342, 
        "accumulated_operating_revenue": 864239, 
        "long_term_average": 263375, 
        "date": "2015-04-30", 
        "operating_revenue": 272127, 
        "short_term_average": 221558
    }, 
    {
        "accumulated_operating_revenue_yoy": 9.062238956521409, 
        "accumulated_operating_revenue": 1145015, 
        "long_term_average": 264876, 
        "date": "2015-05-31", 
        "operating_revenue": 280776, 
        "short_term_average": 273954
    }, 
    {
        "accumulated_operating_revenue_yoy": 7.577621759363683, 
        "accumulated_operating_revenue": 1426078, 
        "long_term_average": 265318, 
        "date": "2015-06-30", 
        "operating_revenue": 281063, 
        "short_term_average": 277988
    }, 
    {
        "accumulated_operating_revenue_yoy": 5.93658145541997, 
        "accumulated_operating_revenue": 1688877, 
        "long_term_average": 264834, 
        "date": "2015-07-31", 
        "operating_revenue": 262799, 
        "short_term_average": 274879
    }, 
    {
        "accumulated_operating_revenue_yoy": 5.420064921457012, 
        "accumulated_operating_revenue": 1971954, 
        "long_term_average": 265396, 
        "date": "2015-08-31", 
        "operating_revenue": 283077, 
        "short_term_average": 275646
    }, 
    {
        "accumulated_operating_revenue_yoy": 5.183497357831968, 
        "accumulated_operating_revenue": 2278101, 
        "long_term_average": 266303, 
        "date": "2015-09-30", 
        "operating_revenue": 306147, 
        "short_term_average": 284007
    }
]