[
    {
        "date": "2011-09-30", 
        "operating_revenue": 19283665, 
        "accumulated_operating_revenue": 19283665, 
        "long_term_average": 19283665, 
        "short_term_average": 19283665
    }, 
    {
        "date": "2011-10-31", 
        "operating_revenue": 19124427, 
        "accumulated_operating_revenue": 38408092, 
        "long_term_average": 19204046, 
        "short_term_average": 19204046
    }, 
    {
        "date": "2011-11-30", 
        "operating_revenue": 19445726, 
        "accumulated_operating_revenue": 57853818, 
        "long_term_average": 19284606, 
        "short_term_average": 19284606
    }, 
    {
        "date": "2011-12-31", 
        "operating_revenue": 21132697, 
        "accumulated_operating_revenue": 78986515, 
        "long_term_average": 19746628, 
        "short_term_average": 19900950
    }, 
    {
        "date": "2012-01-31", 
        "operating_revenue": 19158416, 
        "accumulated_operating_revenue": 19158416, 
        "long_term_average": 19628986, 
        "short_term_average": 19912279
    }, 
    {
        "date": "2012-02-29", 
        "operating_revenue": 19671415, 
        "accumulated_operating_revenue": 38829831, 
        "long_term_average": 19636057, 
        "short_term_average": 19987509
    }, 
    {
        "date": "2012-03-31", 
        "operating_revenue": 21777655, 
        "accumulated_operating_revenue": 60607486, 
        "long_term_average": 19942000, 
        "short_term_average": 20202495
    }, 
    {
        "date": "2012-04-30", 
        "operating_revenue": 19455090, 
        "accumulated_operating_revenue": 80062576, 
        "long_term_average": 19881136, 
        "short_term_average": 20301386
    }, 
    {
        "date": "2012-05-31", 
        "operating_revenue": 20711895, 
        "accumulated_operating_revenue": 100774471, 
        "long_term_average": 19973442, 
        "short_term_average": 20648213
    }, 
    {
        "date": "2012-06-30", 
        "operating_revenue": 19707123, 
        "accumulated_operating_revenue": 120481594, 
        "long_term_average": 19946810, 
        "short_term_average": 19958036
    }, 
    {
        "date": "2012-07-31", 
        "operating_revenue": 19653377, 
        "accumulated_operating_revenue": 140134971, 
        "long_term_average": 19920135, 
        "short_term_average": 20024131
    }, 
    {
        "date": "2012-08-31", 
        "operating_revenue": 19502085, 
        "accumulated_operating_revenue": 159637056, 
        "long_term_average": 19885297, 
        "short_term_average": 19620861
    }, 
    {
        "accumulated_operating_revenue_yoy": 827.0990084094491, 
        "accumulated_operating_revenue": 178778667, 
        "long_term_average": 19873459, 
        "date": "2012-09-30", 
        "operating_revenue": 19141611, 
        "short_term_average": 19432357
    }, 
    {
        "accumulated_operating_revenue_yoy": 413.878945093133, 
        "accumulated_operating_revenue": 197371098, 
        "long_term_average": 19829126, 
        "date": "2012-10-31", 
        "operating_revenue": 18592431, 
        "short_term_average": 19078709
    }, 
    {
        "accumulated_operating_revenue_yoy": 273.67751424806573, 
        "accumulated_operating_revenue": 216186709, 
        "long_term_average": 19776617, 
        "date": "2012-11-30", 
        "operating_revenue": 18815611, 
        "short_term_average": 18849884
    }, 
    {
        "accumulated_operating_revenue_yoy": 199.78831956315582, 
        "accumulated_operating_revenue": 236792346, 
        "long_term_average": 19732695, 
        "date": "2012-12-31", 
        "operating_revenue": 20605637, 
        "short_term_average": 19337893
    }, 
    {
        "accumulated_operating_revenue_yoy": 5.673992046106526, 
        "accumulated_operating_revenue": 20245463, 
        "long_term_average": 19823282, 
        "date": "2013-01-31", 
        "operating_revenue": 20245463, 
        "short_term_average": 19888903
    }, 
    {
        "accumulated_operating_revenue_yoy": -3.429038874776457, 
        "accumulated_operating_revenue": 37498341, 
        "long_term_average": 19621738, 
        "date": "2013-02-28", 
        "operating_revenue": 17252878, 
        "short_term_average": 19367992
    }, 
    {
        "accumulated_operating_revenue_yoy": -4.928422538430318, 
        "accumulated_operating_revenue": 57620493, 
        "long_term_average": 19483779, 
        "date": "2013-03-31", 
        "operating_revenue": 20122152, 
        "short_term_average": 19206831
    }, 
    {
        "accumulated_operating_revenue_yoy": -3.1422995932581537, 
        "accumulated_operating_revenue": 77546770, 
        "long_term_average": 19523045, 
        "date": "2013-04-30", 
        "operating_revenue": 19926277, 
        "short_term_average": 19100435
    }, 
    {
        "accumulated_operating_revenue_yoy": -2.3912048121790686, 
        "accumulated_operating_revenue": 98364747, 
        "long_term_average": 19531885, 
        "date": "2013-05-31", 
        "operating_revenue": 20817977, 
        "short_term_average": 20288802
    }, 
    {
        "accumulated_operating_revenue_yoy": -1.477867233396663, 
        "accumulated_operating_revenue": 118701036, 
        "long_term_average": 19584315, 
        "date": "2013-06-30", 
        "operating_revenue": 20336289, 
        "short_term_average": 20360181
    }, 
    {
        "accumulated_operating_revenue_yoy": -1.0455834040169745, 
        "accumulated_operating_revenue": 138669743, 
        "long_term_average": 19610593, 
        "date": "2013-07-31", 
        "operating_revenue": 19968707, 
        "short_term_average": 20374324
    }, 
    {
        "accumulated_operating_revenue_yoy": -0.10277125130646357, 
        "accumulated_operating_revenue": 159472995, 
        "long_term_average": 19719023, 
        "date": "2013-08-31", 
        "operating_revenue": 20803252, 
        "short_term_average": 20369416
    }, 
    {
        "accumulated_operating_revenue_yoy": 0.1352130005533602, 
        "accumulated_operating_revenue": 179020399, 
        "long_term_average": 19752839, 
        "date": "2013-09-30", 
        "operating_revenue": 19547404, 
        "short_term_average": 20106454
    }, 
    {
        "accumulated_operating_revenue_yoy": 0.7017222957334918, 
        "accumulated_operating_revenue": 198756095, 
        "long_term_average": 19848111, 
        "date": "2013-10-31", 
        "operating_revenue": 19735696, 
        "short_term_average": 20028784
    }, 
    {
        "accumulated_operating_revenue_yoy": 0.7247781361064154, 
        "accumulated_operating_revenue": 217753583, 
        "long_term_average": 19863268, 
        "date": "2013-11-30", 
        "operating_revenue": 18997488, 
        "short_term_average": 19426862
    }, 
    {
        "accumulated_operating_revenue_yoy": 0.8069944118886343, 
        "accumulated_operating_revenue": 238703247, 
        "long_term_average": 19891937, 
        "date": "2013-12-31", 
        "operating_revenue": 20949664, 
        "short_term_average": 19894282
    }, 
    {
        "accumulated_operating_revenue_yoy": 1.0331796314067996, 
        "accumulated_operating_revenue": 20454635, 
        "long_term_average": 19909368, 
        "date": "2014-01-31", 
        "operating_revenue": 20454635, 
        "short_term_average": 20133929
    }, 
    {
        "accumulated_operating_revenue_yoy": 2.6425569067175534, 
        "accumulated_operating_revenue": 38489256, 
        "long_term_average": 19974513, 
        "date": "2014-02-28", 
        "operating_revenue": 18034621, 
        "short_term_average": 19812973
    }, 
    {
        "accumulated_operating_revenue_yoy": 1.110242149438048, 
        "accumulated_operating_revenue": 58260220, 
        "long_term_average": 19945247, 
        "date": "2014-03-31", 
        "operating_revenue": 19770964, 
        "short_term_average": 19420073
    }, 
    {
        "accumulated_operating_revenue_yoy": -0.4389518738175684, 
        "accumulated_operating_revenue": 77206377, 
        "long_term_average": 19863571, 
        "date": "2014-04-30", 
        "operating_revenue": 18946157, 
        "short_term_average": 18917247
    }, 
    {
        "accumulated_operating_revenue_yoy": -1.637993335152888, 
        "accumulated_operating_revenue": 96753539, 
        "long_term_average": 19757669, 
        "date": "2014-05-31", 
        "operating_revenue": 19547162, 
        "short_term_average": 19421427
    }, 
    {
        "accumulated_operating_revenue_yoy": -1.586569134914711, 
        "accumulated_operating_revenue": 116817762, 
        "long_term_average": 19734997, 
        "date": "2014-06-30", 
        "operating_revenue": 20064223, 
        "short_term_average": 19519180
    }, 
    {
        "accumulated_operating_revenue_yoy": -1.7059647972377074, 
        "accumulated_operating_revenue": 136304086, 
        "long_term_average": 19694799, 
        "date": "2014-07-31", 
        "operating_revenue": 19486324, 
        "short_term_average": 19699236
    }, 
    {
        "accumulated_operating_revenue_yoy": -2.336373001585629, 
        "accumulated_operating_revenue": 155747111, 
        "long_term_average": 19581446, 
        "date": "2014-08-31", 
        "operating_revenue": 19443025, 
        "short_term_average": 19664524
    }, 
    {
        "accumulated_operating_revenue_yoy": -1.5516734492363633, 
        "accumulated_operating_revenue": 176242587, 
        "long_term_average": 19660452, 
        "date": "2014-09-30", 
        "operating_revenue": 20495476, 
        "short_term_average": 19808275
    }, 
    {
        "accumulated_operating_revenue_yoy": -1.6731084397688536, 
        "accumulated_operating_revenue": 195430690, 
        "long_term_average": 19614820, 
        "date": "2014-10-31", 
        "operating_revenue": 19188103, 
        "short_term_average": 19708868
    }, 
    {
        "accumulated_operating_revenue_yoy": -1.5425596923472897, 
        "accumulated_operating_revenue": 214394604, 
        "long_term_average": 19612022, 
        "date": "2014-11-30", 
        "operating_revenue": 18963914, 
        "short_term_average": 19549164
    }, 
    {
        "accumulated_operating_revenue_yoy": -1.3205765064435844, 
        "accumulated_operating_revenue": 235550988, 
        "long_term_average": 19629249, 
        "date": "2014-12-31", 
        "operating_revenue": 21156384, 
        "short_term_average": 19769467
    }, 
    {
        "accumulated_operating_revenue_yoy": -11.772979571622765, 
        "accumulated_operating_revenue": 18046515, 
        "long_term_average": 19428572, 
        "date": "2015-01-31", 
        "operating_revenue": 18046515, 
        "short_term_average": 19388937
    }, 
    {
        "accumulated_operating_revenue_yoy": -8.99669767583972, 
        "accumulated_operating_revenue": 35026494, 
        "long_term_average": 19340685, 
        "date": "2015-02-28", 
        "operating_revenue": 16979979, 
        "short_term_average": 18727626
    }, 
    {
        "accumulated_operating_revenue_yoy": -8.046032095313063, 
        "accumulated_operating_revenue": 53572584, 
        "long_term_average": 19238612, 
        "date": "2015-03-31", 
        "operating_revenue": 18546090, 
        "short_term_average": 17857528
    }, 
    {
        "accumulated_operating_revenue_yoy": -6.175518377193117, 
        "accumulated_operating_revenue": 72438483, 
        "long_term_average": 19231924, 
        "date": "2015-04-30", 
        "operating_revenue": 18865899, 
        "short_term_average": 18130656
    }, 
    {
        "accumulated_operating_revenue_yoy": -6.543083659193076, 
        "accumulated_operating_revenue": 90422874, 
        "long_term_average": 19101693, 
        "date": "2015-05-31", 
        "operating_revenue": 17984391, 
        "short_term_average": 18465460
    }, 
    {
        "accumulated_operating_revenue_yoy": -6.714111677640256, 
        "accumulated_operating_revenue": 108974487, 
        "long_term_average": 18975642, 
        "date": "2015-06-30", 
        "operating_revenue": 18551613, 
        "short_term_average": 18467301
    }, 
    {
        "accumulated_operating_revenue_yoy": -7.389637607782353, 
        "accumulated_operating_revenue": 126231708, 
        "long_term_average": 18789884, 
        "date": "2015-07-31", 
        "operating_revenue": 17257221, 
        "short_term_average": 17931075
    }, 
    {
        "accumulated_operating_revenue_yoy": -8.156424808419079, 
        "accumulated_operating_revenue": 143043715, 
        "long_term_average": 18570632, 
        "date": "2015-08-31", 
        "operating_revenue": 16812007, 
        "short_term_average": 17540280
    }
]