[
    {
        "date": "2012-01-31", 
        "operating_revenue": 3034705, 
        "accumulated_operating_revenue": 3034705, 
        "long_term_average": 3034705, 
        "short_term_average": 3034705
    }, 
    {
        "date": "2012-02-29", 
        "operating_revenue": 3979512, 
        "accumulated_operating_revenue": 7014217, 
        "long_term_average": 3507108, 
        "short_term_average": 3507108
    }, 
    {
        "date": "2012-03-31", 
        "operating_revenue": 3789962, 
        "accumulated_operating_revenue": 10804179, 
        "long_term_average": 3601393, 
        "short_term_average": 3601393
    }, 
    {
        "date": "2012-04-30", 
        "operating_revenue": 3639774, 
        "accumulated_operating_revenue": 14443953, 
        "long_term_average": 3610988, 
        "short_term_average": 3803082
    }, 
    {
        "date": "2012-05-31", 
        "operating_revenue": 3611298, 
        "accumulated_operating_revenue": 18055251, 
        "long_term_average": 3611050, 
        "short_term_average": 3680344
    }, 
    {
        "date": "2012-06-30", 
        "operating_revenue": 3427018, 
        "accumulated_operating_revenue": 21482269, 
        "long_term_average": 3580378, 
        "short_term_average": 3559363
    }, 
    {
        "date": "2012-07-31", 
        "operating_revenue": 3830535, 
        "accumulated_operating_revenue": 25312804, 
        "long_term_average": 3616114, 
        "short_term_average": 3622950
    }, 
    {
        "date": "2012-08-31", 
        "operating_revenue": 3648561, 
        "accumulated_operating_revenue": 28961365, 
        "long_term_average": 3620170, 
        "short_term_average": 3635371
    }, 
    {
        "date": "2012-09-30", 
        "operating_revenue": 3414502, 
        "accumulated_operating_revenue": 32375867, 
        "long_term_average": 3597318, 
        "short_term_average": 3631199
    }, 
    {
        "date": "2012-10-31", 
        "operating_revenue": 3091829, 
        "accumulated_operating_revenue": 35467696, 
        "long_term_average": 3546769, 
        "short_term_average": 3384964
    }, 
    {
        "date": "2012-11-30", 
        "operating_revenue": 2914453, 
        "accumulated_operating_revenue": 38382149, 
        "long_term_average": 3489286, 
        "short_term_average": 3140261
    }, 
    {
        "date": "2012-12-31", 
        "operating_revenue": 3195742, 
        "accumulated_operating_revenue": 41577891, 
        "long_term_average": 3464824, 
        "short_term_average": 3067341
    }, 
    {
        "accumulated_operating_revenue_yoy": 17.380008930027795, 
        "accumulated_operating_revenue": 3562137, 
        "long_term_average": 3508776, 
        "date": "2013-01-31", 
        "operating_revenue": 3562137, 
        "short_term_average": 3224110
    }, 
    {
        "accumulated_operating_revenue_yoy": -9.42652615395275, 
        "accumulated_operating_revenue": 6353020, 
        "long_term_average": 3409724, 
        "date": "2013-02-28", 
        "operating_revenue": 2790883, 
        "short_term_average": 3182920
    }, 
    {
        "accumulated_operating_revenue_yoy": -10.779458578018748, 
        "accumulated_operating_revenue": 9639547, 
        "long_term_average": 3367771, 
        "date": "2013-03-31", 
        "operating_revenue": 3286527, 
        "short_term_average": 3213182
    }, 
    {
        "accumulated_operating_revenue_yoy": -7.791537399768609, 
        "accumulated_operating_revenue": 13318547, 
        "long_term_average": 3371040, 
        "date": "2013-04-30", 
        "operating_revenue": 3679000, 
        "short_term_average": 3252136
    }, 
    {
        "accumulated_operating_revenue_yoy": -3.925101899718813, 
        "accumulated_operating_revenue": 17346564, 
        "long_term_average": 3405767, 
        "date": "2013-05-31", 
        "operating_revenue": 4028017, 
        "short_term_average": 3664514
    }, 
    {
        "accumulated_operating_revenue_yoy": -2.397609861416408, 
        "accumulated_operating_revenue": 20967208, 
        "long_term_average": 3421902, 
        "date": "2013-06-30", 
        "operating_revenue": 3620644, 
        "short_term_average": 3775887
    }, 
    {
        "accumulated_operating_revenue_yoy": -0.9798716886521145, 
        "accumulated_operating_revenue": 25064771, 
        "long_term_average": 3444154, 
        "date": "2013-07-31", 
        "operating_revenue": 4097563, 
        "short_term_average": 3915408
    }, 
    {
        "accumulated_operating_revenue_yoy": -0.711699880167941, 
        "accumulated_operating_revenue": 28755247, 
        "long_term_average": 3447647, 
        "date": "2013-08-31", 
        "operating_revenue": 3690476, 
        "short_term_average": 3802894
    }, 
    {
        "accumulated_operating_revenue_yoy": -0.9271319282353119, 
        "accumulated_operating_revenue": 32075700, 
        "long_term_average": 3439810, 
        "date": "2013-09-30", 
        "operating_revenue": 3320453, 
        "short_term_average": 3702830
    }, 
    {
        "accumulated_operating_revenue_yoy": -0.19680443860802238, 
        "accumulated_operating_revenue": 35397894, 
        "long_term_average": 3459007, 
        "date": "2013-10-31", 
        "operating_revenue": 3322194, 
        "short_term_average": 3444374
    }, 
    {
        "accumulated_operating_revenue_yoy": 0.4909600033077877, 
        "accumulated_operating_revenue": 38570590, 
        "long_term_average": 3480527, 
        "date": "2013-11-30", 
        "operating_revenue": 3172696, 
        "short_term_average": 3271781
    }, 
    {
        "accumulated_operating_revenue_yoy": -0.016066230968761742, 
        "accumulated_operating_revenue": 41571211, 
        "long_term_average": 3464267, 
        "date": "2013-12-31", 
        "operating_revenue": 3000621, 
        "short_term_average": 3165170
    }, 
    {
        "accumulated_operating_revenue_yoy": -15.171903831885187, 
        "accumulated_operating_revenue": 3021693, 
        "long_term_average": 3419230, 
        "date": "2014-01-31", 
        "operating_revenue": 3021693, 
        "short_term_average": 3065003
    }, 
    {
        "accumulated_operating_revenue_yoy": 25.38899609949284, 
        "accumulated_operating_revenue": 7965988, 
        "long_term_average": 3598681, 
        "date": "2014-02-28", 
        "operating_revenue": 4944295, 
        "short_term_average": 3655536
    }, 
    {
        "accumulated_operating_revenue_yoy": 18.511461171360025, 
        "accumulated_operating_revenue": 11423968, 
        "long_term_average": 3612969, 
        "date": "2014-03-31", 
        "operating_revenue": 3457980, 
        "short_term_average": 3807989
    }, 
    {
        "accumulated_operating_revenue_yoy": 13.815853936619362, 
        "accumulated_operating_revenue": 15158618, 
        "long_term_average": 3617606, 
        "date": "2014-04-30", 
        "operating_revenue": 3734650, 
        "short_term_average": 4045641
    }, 
    {
        "accumulated_operating_revenue_yoy": 7.758279968298044, 
        "accumulated_operating_revenue": 18692359, 
        "long_term_average": 3576417, 
        "date": "2014-05-31", 
        "operating_revenue": 3533741, 
        "short_term_average": 3575457
    }, 
    {
        "accumulated_operating_revenue_yoy": 5.224162415902012, 
        "accumulated_operating_revenue": 22062569, 
        "long_term_average": 3555547, 
        "date": "2014-06-30", 
        "operating_revenue": 3370210, 
        "short_term_average": 3546200
    }, 
    {
        "accumulated_operating_revenue_yoy": 2.6665793196355154, 
        "accumulated_operating_revenue": 25733143, 
        "long_term_average": 3519965, 
        "date": "2014-07-31", 
        "operating_revenue": 3670574, 
        "short_term_average": 3524841
    }, 
    {
        "accumulated_operating_revenue_yoy": 0.9966911430112215, 
        "accumulated_operating_revenue": 29041848, 
        "long_term_average": 3488151, 
        "date": "2014-08-31", 
        "operating_revenue": 3308705, 
        "short_term_average": 3449829
    }, 
    {
        "accumulated_operating_revenue_yoy": 0.5706687617105785, 
        "accumulated_operating_revenue": 32258746, 
        "long_term_average": 3479521, 
        "date": "2014-09-30", 
        "operating_revenue": 3216898, 
        "short_term_average": 3398725
    }, 
    {
        "accumulated_operating_revenue_yoy": 0.7722888824967948, 
        "accumulated_operating_revenue": 35671268, 
        "long_term_average": 3487048, 
        "date": "2014-10-31", 
        "operating_revenue": 3412522, 
        "short_term_average": 3312708
    }, 
    {
        "accumulated_operating_revenue_yoy": 0.7873978593534607, 
        "accumulated_operating_revenue": 38874294, 
        "long_term_average": 3489576, 
        "date": "2014-11-30", 
        "operating_revenue": 3203026, 
        "short_term_average": 3277482
    }, 
    {
        "accumulated_operating_revenue_yoy": 6.685176912455113, 
        "accumulated_operating_revenue": 44350320, 
        "long_term_average": 3695860, 
        "date": "2014-12-31", 
        "operating_revenue": 5476026, 
        "short_term_average": 4030524
    }, 
    {
        "accumulated_operating_revenue_yoy": 3.7755324581286054, 
        "accumulated_operating_revenue": 3135778, 
        "long_term_average": 3705367, 
        "date": "2015-01-31", 
        "operating_revenue": 3135778, 
        "short_term_average": 3938276
    }, 
    {
        "accumulated_operating_revenue_yoy": -29.73653738870809, 
        "accumulated_operating_revenue": 5597179, 
        "long_term_average": 3498459, 
        "date": "2015-02-28", 
        "operating_revenue": 2461401, 
        "short_term_average": 3691068
    }, 
    {
        "accumulated_operating_revenue_yoy": -21.19527995876739, 
        "accumulated_operating_revenue": 9002626, 
        "long_term_average": 3494081, 
        "date": "2015-03-31", 
        "operating_revenue": 3405447, 
        "short_term_average": 3000875
    }, 
    {
        "accumulated_operating_revenue_yoy": -18.036129678840116, 
        "accumulated_operating_revenue": 12424590, 
        "long_term_average": 3468024, 
        "date": "2015-04-30", 
        "operating_revenue": 3421964, 
        "short_term_average": 3096270
    }, 
    {
        "accumulated_operating_revenue_yoy": -16.57663433491728, 
        "accumulated_operating_revenue": 15593795, 
        "long_term_average": 3437646, 
        "date": "2015-05-31", 
        "operating_revenue": 3169205, 
        "short_term_average": 3332205
    }, 
    {
        "accumulated_operating_revenue_yoy": -16.20561050709915, 
        "accumulated_operating_revenue": 18487195, 
        "long_term_average": 3397912, 
        "date": "2015-06-30", 
        "operating_revenue": 2893400, 
        "short_term_average": 3161523
    }, 
    {
        "accumulated_operating_revenue_yoy": -16.194893099533157, 
        "accumulated_operating_revenue": 21565688, 
        "long_term_average": 3348572, 
        "date": "2015-07-31", 
        "operating_revenue": 3078493, 
        "short_term_average": 3047032
    }, 
    {
        "accumulated_operating_revenue_yoy": -15.035220899165921, 
        "accumulated_operating_revenue": 24675342, 
        "long_term_average": 3331984, 
        "date": "2015-08-31", 
        "operating_revenue": 3109654, 
        "short_term_average": 3027182
    }
]