[
    {
        "date": "2012-01-31", 
        "operating_revenue": 36232, 
        "accumulated_operating_revenue": 36232, 
        "long_term_average": 36232, 
        "short_term_average": 36232
    }, 
    {
        "date": "2012-02-29", 
        "operating_revenue": 52731, 
        "accumulated_operating_revenue": 88963, 
        "long_term_average": 44481, 
        "short_term_average": 44481
    }, 
    {
        "date": "2012-03-31", 
        "operating_revenue": 52539, 
        "accumulated_operating_revenue": 141502, 
        "long_term_average": 47167, 
        "short_term_average": 47167
    }, 
    {
        "date": "2012-04-30", 
        "operating_revenue": 57819, 
        "accumulated_operating_revenue": 199321, 
        "long_term_average": 49830, 
        "short_term_average": 54363
    }, 
    {
        "date": "2012-05-31", 
        "operating_revenue": 68375, 
        "accumulated_operating_revenue": 267696, 
        "long_term_average": 53539, 
        "short_term_average": 59577
    }, 
    {
        "date": "2012-06-30", 
        "operating_revenue": 63624, 
        "accumulated_operating_revenue": 331320, 
        "long_term_average": 55220, 
        "short_term_average": 63272
    }, 
    {
        "date": "2012-07-31", 
        "operating_revenue": 59502, 
        "accumulated_operating_revenue": 390822, 
        "long_term_average": 55831, 
        "short_term_average": 63833
    }, 
    {
        "date": "2012-08-31", 
        "operating_revenue": 61031, 
        "accumulated_operating_revenue": 451853, 
        "long_term_average": 56481, 
        "short_term_average": 61385
    }, 
    {
        "date": "2012-09-30", 
        "operating_revenue": 60372, 
        "accumulated_operating_revenue": 512225, 
        "long_term_average": 56913, 
        "short_term_average": 60301
    }, 
    {
        "date": "2012-10-31", 
        "operating_revenue": 53662, 
        "accumulated_operating_revenue": 565887, 
        "long_term_average": 56588, 
        "short_term_average": 58355
    }, 
    {
        "date": "2012-11-30", 
        "operating_revenue": 46499, 
        "accumulated_operating_revenue": 612386, 
        "long_term_average": 55671, 
        "short_term_average": 53511
    }, 
    {
        "date": "2012-12-31", 
        "operating_revenue": 44229, 
        "accumulated_operating_revenue": 656615, 
        "long_term_average": 54717, 
        "short_term_average": 48130
    }, 
    {
        "accumulated_operating_revenue_yoy": 34.947008169573856, 
        "accumulated_operating_revenue": 48894, 
        "long_term_average": 55773, 
        "date": "2013-01-31", 
        "operating_revenue": 48894, 
        "short_term_average": 46540
    }, 
    {
        "accumulated_operating_revenue_yoy": -6.111529512269145, 
        "accumulated_operating_revenue": 83526, 
        "long_term_average": 54264, 
        "date": "2013-02-28", 
        "operating_revenue": 34632, 
        "short_term_average": 42585
    }, 
    {
        "accumulated_operating_revenue_yoy": -1.920114203332815, 
        "accumulated_operating_revenue": 138785, 
        "long_term_average": 54491, 
        "date": "2013-03-31", 
        "operating_revenue": 55259, 
        "short_term_average": 46261
    }, 
    {
        "accumulated_operating_revenue_yoy": -1.393230015903994, 
        "accumulated_operating_revenue": 196544, 
        "long_term_average": 54486, 
        "date": "2013-04-30", 
        "operating_revenue": 57759, 
        "short_term_average": 49216
    }, 
    {
        "accumulated_operating_revenue_yoy": -6.794274101966409, 
        "accumulated_operating_revenue": 249508, 
        "long_term_average": 53202, 
        "date": "2013-05-31", 
        "operating_revenue": 52964, 
        "short_term_average": 55327
    }, 
    {
        "accumulated_operating_revenue_yoy": -9.85331401666063, 
        "accumulated_operating_revenue": 298674, 
        "long_term_average": 51997, 
        "date": "2013-06-30", 
        "operating_revenue": 49166, 
        "short_term_average": 53296
    }, 
    {
        "accumulated_operating_revenue_yoy": -9.56675929195388, 
        "accumulated_operating_revenue": 353433, 
        "long_term_average": 51602, 
        "date": "2013-07-31", 
        "operating_revenue": 54759, 
        "short_term_average": 52296
    }, 
    {
        "accumulated_operating_revenue_yoy": -11.556191947381118, 
        "accumulated_operating_revenue": 399636, 
        "long_term_average": 50366, 
        "date": "2013-08-31", 
        "operating_revenue": 46203, 
        "short_term_average": 50042
    }, 
    {
        "accumulated_operating_revenue_yoy": -11.487529894089512, 
        "accumulated_operating_revenue": 453383, 
        "long_term_average": 49814, 
        "date": "2013-09-30", 
        "operating_revenue": 53747, 
        "short_term_average": 51569
    }, 
    {
        "accumulated_operating_revenue_yoy": -11.649852355682318, 
        "accumulated_operating_revenue": 499962, 
        "long_term_average": 49224, 
        "date": "2013-10-31", 
        "operating_revenue": 46579, 
        "short_term_average": 48843
    }, 
    {
        "accumulated_operating_revenue_yoy": -10.456313501614995, 
        "accumulated_operating_revenue": 548353, 
        "long_term_average": 49381, 
        "date": "2013-11-30", 
        "operating_revenue": 48391, 
        "short_term_average": 49572
    }, 
    {
        "accumulated_operating_revenue_yoy": -8.120283575611278, 
        "accumulated_operating_revenue": 603296, 
        "long_term_average": 50274, 
        "date": "2013-12-31", 
        "operating_revenue": 54943, 
        "short_term_average": 49971
    }, 
    {
        "accumulated_operating_revenue_yoy": -7.461038164191926, 
        "accumulated_operating_revenue": 45246, 
        "long_term_average": 49970, 
        "date": "2014-01-31", 
        "operating_revenue": 45246, 
        "short_term_average": 49526
    }, 
    {
        "accumulated_operating_revenue_yoy": 3.701841342815411, 
        "accumulated_operating_revenue": 86618, 
        "long_term_average": 50532, 
        "date": "2014-02-28", 
        "operating_revenue": 41372, 
        "short_term_average": 47187
    }, 
    {
        "accumulated_operating_revenue_yoy": 0.048996649493821376, 
        "accumulated_operating_revenue": 138853, 
        "long_term_average": 50280, 
        "date": "2014-03-31", 
        "operating_revenue": 52235, 
        "short_term_average": 46284
    }, 
    {
        "accumulated_operating_revenue_yoy": -0.8985265385867796, 
        "accumulated_operating_revenue": 194778, 
        "long_term_average": 50127, 
        "date": "2014-04-30", 
        "operating_revenue": 55925, 
        "short_term_average": 49844
    }, 
    {
        "accumulated_operating_revenue_yoy": 1.096558026195553, 
        "accumulated_operating_revenue": 252244, 
        "long_term_average": 50502, 
        "date": "2014-05-31", 
        "operating_revenue": 57466, 
        "short_term_average": 55208
    }, 
    {
        "accumulated_operating_revenue_yoy": 4.234717451134013, 
        "accumulated_operating_revenue": 311322, 
        "long_term_average": 51328, 
        "date": "2014-06-30", 
        "operating_revenue": 59078, 
        "short_term_average": 57489
    }, 
    {
        "accumulated_operating_revenue_yoy": 5.4561967897734505, 
        "accumulated_operating_revenue": 372717, 
        "long_term_average": 51881, 
        "date": "2014-07-31", 
        "operating_revenue": 61395, 
        "short_term_average": 59313
    }, 
    {
        "accumulated_operating_revenue_yoy": 7.940475833008037, 
        "accumulated_operating_revenue": 431369, 
        "long_term_average": 52919, 
        "date": "2014-08-31", 
        "operating_revenue": 58652, 
        "short_term_average": 59708
    }, 
    {
        "accumulated_operating_revenue_yoy": 7.816128968223335, 
        "accumulated_operating_revenue": 488820, 
        "long_term_average": 53227, 
        "date": "2014-09-30", 
        "operating_revenue": 57451, 
        "short_term_average": 59166
    }, 
    {
        "accumulated_operating_revenue_yoy": 7.370160132170045, 
        "accumulated_operating_revenue": 536810, 
        "long_term_average": 53345, 
        "date": "2014-10-31", 
        "operating_revenue": 47990, 
        "short_term_average": 54697
    }, 
    {
        "accumulated_operating_revenue_yoy": 6.2454294952339096, 
        "accumulated_operating_revenue": 582600, 
        "long_term_average": 53128, 
        "date": "2014-11-30", 
        "operating_revenue": 45790, 
        "short_term_average": 50410
    }, 
    {
        "accumulated_operating_revenue_yoy": 5.671511165331777, 
        "accumulated_operating_revenue": 637512, 
        "long_term_average": 53126, 
        "date": "2014-12-31", 
        "operating_revenue": 54912, 
        "short_term_average": 49564
    }, 
    {
        "accumulated_operating_revenue_yoy": 2.884232860363347, 
        "accumulated_operating_revenue": 46551, 
        "long_term_average": 53234, 
        "date": "2015-01-31", 
        "operating_revenue": 46551, 
        "short_term_average": 49084
    }, 
    {
        "accumulated_operating_revenue_yoy": -2.8135029670507286, 
        "accumulated_operating_revenue": 84181, 
        "long_term_average": 52922, 
        "date": "2015-02-28", 
        "operating_revenue": 37630, 
        "short_term_average": 46364
    }, 
    {
        "accumulated_operating_revenue_yoy": 2.854097498793688, 
        "accumulated_operating_revenue": 142816, 
        "long_term_average": 53456, 
        "date": "2015-03-31", 
        "operating_revenue": 58635, 
        "short_term_average": 47605
    }, 
    {
        "accumulated_operating_revenue_yoy": 4.279230713940999, 
        "accumulated_operating_revenue": 203113, 
        "long_term_average": 53820, 
        "date": "2015-04-30", 
        "operating_revenue": 60297, 
        "short_term_average": 52187
    }, 
    {
        "accumulated_operating_revenue_yoy": 3.0462567989724234, 
        "accumulated_operating_revenue": 259928, 
        "long_term_average": 53766, 
        "date": "2015-05-31", 
        "operating_revenue": 56815, 
        "short_term_average": 58582
    }, 
    {
        "accumulated_operating_revenue_yoy": 2.7746192045534848, 
        "accumulated_operating_revenue": 319960, 
        "long_term_average": 53845, 
        "date": "2015-06-30", 
        "operating_revenue": 60032, 
        "short_term_average": 59048
    }, 
    {
        "accumulated_operating_revenue_yoy": 0.11912523442719275, 
        "accumulated_operating_revenue": 373161, 
        "long_term_average": 53163, 
        "date": "2015-07-31", 
        "operating_revenue": 53201, 
        "short_term_average": 56682
    }, 
    {
        "accumulated_operating_revenue_yoy": -0.6623099944594999, 
        "accumulated_operating_revenue": 428512, 
        "long_term_average": 52887, 
        "date": "2015-08-31", 
        "operating_revenue": 55351, 
        "short_term_average": 56194
    }
]