[
    {
        "date": "2012-01-31", 
        "operating_revenue": 262743, 
        "accumulated_operating_revenue": 262743, 
        "long_term_average": 262743, 
        "short_term_average": 262743
    }, 
    {
        "date": "2012-02-29", 
        "operating_revenue": 357735, 
        "accumulated_operating_revenue": 620478, 
        "long_term_average": 310239, 
        "short_term_average": 310239
    }, 
    {
        "date": "2012-03-31", 
        "operating_revenue": 461340, 
        "accumulated_operating_revenue": 1081818, 
        "long_term_average": 360606, 
        "short_term_average": 360606
    }, 
    {
        "date": "2012-04-30", 
        "operating_revenue": 396009, 
        "accumulated_operating_revenue": 1477827, 
        "long_term_average": 369456, 
        "short_term_average": 405028
    }, 
    {
        "date": "2012-05-31", 
        "operating_revenue": 342947, 
        "accumulated_operating_revenue": 1820774, 
        "long_term_average": 364154, 
        "short_term_average": 400098
    }, 
    {
        "date": "2012-06-30", 
        "operating_revenue": 254791, 
        "accumulated_operating_revenue": 2075565, 
        "long_term_average": 345927, 
        "short_term_average": 331249
    }, 
    {
        "date": "2012-07-31", 
        "operating_revenue": 290606, 
        "accumulated_operating_revenue": 2366171, 
        "long_term_average": 338024, 
        "short_term_average": 296114
    }, 
    {
        "date": "2012-08-31", 
        "operating_revenue": 278690, 
        "accumulated_operating_revenue": 2644861, 
        "long_term_average": 330607, 
        "short_term_average": 274695
    }, 
    {
        "date": "2012-09-30", 
        "operating_revenue": 314647, 
        "accumulated_operating_revenue": 2959508, 
        "long_term_average": 328834, 
        "short_term_average": 294647
    }, 
    {
        "date": "2012-10-31", 
        "operating_revenue": 313554, 
        "accumulated_operating_revenue": 3273062, 
        "long_term_average": 327306, 
        "short_term_average": 302297
    }, 
    {
        "date": "2012-11-30", 
        "operating_revenue": 365683, 
        "accumulated_operating_revenue": 3638745, 
        "long_term_average": 330795, 
        "short_term_average": 331294
    }, 
    {
        "date": "2012-12-31", 
        "operating_revenue": 353099, 
        "accumulated_operating_revenue": 3991844, 
        "long_term_average": 332653, 
        "short_term_average": 344112
    }, 
    {
        "accumulated_operating_revenue_yoy": 43.19087473310421, 
        "accumulated_operating_revenue": 376224, 
        "long_term_average": 342110, 
        "date": "2013-01-31", 
        "operating_revenue": 376224, 
        "short_term_average": 365002
    }, 
    {
        "accumulated_operating_revenue_yoy": 5.898033451629227, 
        "accumulated_operating_revenue": 657074, 
        "long_term_average": 335703, 
        "date": "2013-02-28", 
        "operating_revenue": 280850, 
        "short_term_average": 336724
    }, 
    {
        "accumulated_operating_revenue_yoy": 4.330303248790462, 
        "accumulated_operating_revenue": 1128664, 
        "long_term_average": 336557, 
        "date": "2013-03-31", 
        "operating_revenue": 471590, 
        "short_term_average": 376221
    }, 
    {
        "accumulated_operating_revenue_yoy": 5.290605733959388, 
        "accumulated_operating_revenue": 1556013, 
        "long_term_average": 339169, 
        "date": "2013-04-30", 
        "operating_revenue": 427349, 
        "short_term_average": 393263
    }, 
    {
        "accumulated_operating_revenue_yoy": 9.480913062247154, 
        "accumulated_operating_revenue": 1993400, 
        "long_term_average": 347039, 
        "date": "2013-05-31", 
        "operating_revenue": 437387, 
        "short_term_average": 445442
    }, 
    {
        "accumulated_operating_revenue_yoy": 13.824621247708455, 
        "accumulated_operating_revenue": 2362504, 
        "long_term_average": 356565, 
        "date": "2013-06-30", 
        "operating_revenue": 369104, 
        "short_term_average": 411280
    }, 
    {
        "accumulated_operating_revenue_yoy": 17.403940797178226, 
        "accumulated_operating_revenue": 2777978, 
        "long_term_average": 366970, 
        "date": "2013-07-31", 
        "operating_revenue": 415474, 
        "short_term_average": 407321
    }, 
    {
        "accumulated_operating_revenue_yoy": 20.788427066677606, 
        "accumulated_operating_revenue": 3194686, 
        "long_term_average": 378472, 
        "date": "2013-08-31", 
        "operating_revenue": 416708, 
        "short_term_average": 400428
    }, 
    {
        "accumulated_operating_revenue_yoy": 20.160749692178566, 
        "accumulated_operating_revenue": 3556167, 
        "long_term_average": 382375, 
        "date": "2013-09-30", 
        "operating_revenue": 361481, 
        "short_term_average": 397887
    }, 
    {
        "accumulated_operating_revenue_yoy": 20.230964155277228, 
        "accumulated_operating_revenue": 3935234, 
        "long_term_average": 387834, 
        "date": "2013-10-31", 
        "operating_revenue": 379067, 
        "short_term_average": 385752
    }, 
    {
        "accumulated_operating_revenue_yoy": 17.853875443319055, 
        "accumulated_operating_revenue": 4288402, 
        "long_term_average": 386791, 
        "date": "2013-11-30", 
        "operating_revenue": 353168, 
        "short_term_average": 364572
    }, 
    {
        "accumulated_operating_revenue_yoy": 16.96526717977957, 
        "accumulated_operating_revenue": 4669071, 
        "long_term_average": 389089, 
        "date": "2013-12-31", 
        "operating_revenue": 380669, 
        "short_term_average": 370968
    }, 
    {
        "accumulated_operating_revenue_yoy": -9.14481798077741, 
        "accumulated_operating_revenue": 341819, 
        "long_term_average": 386222, 
        "date": "2014-01-31", 
        "operating_revenue": 341819, 
        "short_term_average": 358552
    }, 
    {
        "accumulated_operating_revenue_yoy": -4.892751805732687, 
        "accumulated_operating_revenue": 624925, 
        "long_term_average": 386410, 
        "date": "2014-02-28", 
        "operating_revenue": 283106, 
        "short_term_average": 335198
    }, 
    {
        "accumulated_operating_revenue_yoy": -15.172008675744063, 
        "accumulated_operating_revenue": 957423, 
        "long_term_average": 374819, 
        "date": "2014-03-31", 
        "operating_revenue": 332498, 
        "short_term_average": 319141
    }, 
    {
        "accumulated_operating_revenue_yoy": -19.779076395891295, 
        "accumulated_operating_revenue": 1248248, 
        "long_term_average": 363442, 
        "date": "2014-04-30", 
        "operating_revenue": 290825, 
        "short_term_average": 302143
    }, 
    {
        "accumulated_operating_revenue_yoy": -21.609210394301194, 
        "accumulated_operating_revenue": 1562642, 
        "long_term_average": 353192, 
        "date": "2014-05-31", 
        "operating_revenue": 314394, 
        "short_term_average": 312572
    }, 
    {
        "accumulated_operating_revenue_yoy": -21.91238618008689, 
        "accumulated_operating_revenue": 1844823, 
        "long_term_average": 345949, 
        "date": "2014-06-30", 
        "operating_revenue": 282181, 
        "short_term_average": 295800
    }, 
    {
        "accumulated_operating_revenue_yoy": -22.447549980597397, 
        "accumulated_operating_revenue": 2154390, 
        "long_term_average": 337123, 
        "date": "2014-07-31", 
        "operating_revenue": 309567, 
        "short_term_average": 302047
    }, 
    {
        "accumulated_operating_revenue_yoy": -22.52690874783938, 
        "accumulated_operating_revenue": 2475022, 
        "long_term_average": 329117, 
        "date": "2014-08-31", 
        "operating_revenue": 320632, 
        "short_term_average": 304126
    }, 
    {
        "accumulated_operating_revenue_yoy": -23.727850801157537, 
        "accumulated_operating_revenue": 2712365, 
        "long_term_average": 318772, 
        "date": "2014-09-30", 
        "operating_revenue": 237343, 
        "short_term_average": 289180
    }, 
    {
        "accumulated_operating_revenue_yoy": -23.548154950887294, 
        "accumulated_operating_revenue": 3008559, 
        "long_term_average": 311866, 
        "date": "2014-10-31", 
        "operating_revenue": 296194, 
        "short_term_average": 284723
    }, 
    {
        "accumulated_operating_revenue_yoy": -23.737466776668793, 
        "accumulated_operating_revenue": 3270444, 
        "long_term_average": 304259, 
        "date": "2014-11-30", 
        "operating_revenue": 261885, 
        "short_term_average": 265140
    }, 
    {
        "accumulated_operating_revenue_yoy": -24.791141535436065, 
        "accumulated_operating_revenue": 3511555, 
        "long_term_average": 292629, 
        "date": "2014-12-31", 
        "operating_revenue": 241111, 
        "short_term_average": 266396
    }, 
    {
        "accumulated_operating_revenue_yoy": -48.51661259321454, 
        "accumulated_operating_revenue": 175980, 
        "long_term_average": 278809, 
        "date": "2015-01-31", 
        "operating_revenue": 175980, 
        "short_term_average": 226325
    }, 
    {
        "accumulated_operating_revenue_yoy": -44.92827139256711, 
        "accumulated_operating_revenue": 344157, 
        "long_term_average": 269232, 
        "date": "2015-02-28", 
        "operating_revenue": 168177, 
        "short_term_average": 195089
    }, 
    {
        "accumulated_operating_revenue_yoy": -39.465628045284056, 
        "accumulated_operating_revenue": 579570, 
        "long_term_average": 261141, 
        "date": "2015-03-31", 
        "operating_revenue": 235413, 
        "short_term_average": 193190
    }, 
    {
        "accumulated_operating_revenue_yoy": -33.41010760682172, 
        "accumulated_operating_revenue": 831207, 
        "long_term_average": 257876, 
        "date": "2015-04-30", 
        "operating_revenue": 251637, 
        "short_term_average": 218409
    }, 
    {
        "accumulated_operating_revenue_yoy": -29.333590163325958, 
        "accumulated_operating_revenue": 1104263, 
        "long_term_average": 254431, 
        "date": "2015-05-31", 
        "operating_revenue": 273056, 
        "short_term_average": 253368
    }, 
    {
        "accumulated_operating_revenue_yoy": -28.526693346732994, 
        "accumulated_operating_revenue": 1318556, 
        "long_term_average": 248774, 
        "date": "2015-06-30", 
        "operating_revenue": 214293, 
        "short_term_average": 246328
    }, 
    {
        "accumulated_operating_revenue_yoy": -28.965786138999906, 
        "accumulated_operating_revenue": 1530354, 
        "long_term_average": 240626, 
        "date": "2015-07-31", 
        "operating_revenue": 211798, 
        "short_term_average": 233049
    }, 
    {
        "accumulated_operating_revenue_yoy": -31.12780411648866, 
        "accumulated_operating_revenue": 1704602, 
        "long_term_average": 228427, 
        "date": "2015-08-31", 
        "operating_revenue": 174248, 
        "short_term_average": 200113
    }, 
    {
        "accumulated_operating_revenue_yoy": -29.324629981584337, 
        "accumulated_operating_revenue": 1916974, 
        "long_term_average": 226347, 
        "date": "2015-09-30", 
        "operating_revenue": 212372, 
        "short_term_average": 199472
    }
]