[
    {
        "date": "2012-01-31", 
        "operating_revenue": 92361, 
        "accumulated_operating_revenue": 92361, 
        "long_term_average": 92361, 
        "short_term_average": 92361
    }, 
    {
        "date": "2012-02-29", 
        "operating_revenue": 135019, 
        "accumulated_operating_revenue": 227380, 
        "long_term_average": 113690, 
        "short_term_average": 113690
    }, 
    {
        "date": "2012-03-31", 
        "operating_revenue": 140529, 
        "accumulated_operating_revenue": 367909, 
        "long_term_average": 122636, 
        "short_term_average": 122636
    }, 
    {
        "date": "2012-04-30", 
        "operating_revenue": 133919, 
        "accumulated_operating_revenue": 501828, 
        "long_term_average": 125457, 
        "short_term_average": 136489
    }, 
    {
        "date": "2012-05-31", 
        "operating_revenue": 132523, 
        "accumulated_operating_revenue": 634351, 
        "long_term_average": 126870, 
        "short_term_average": 135657
    }, 
    {
        "date": "2012-06-30", 
        "operating_revenue": 103860, 
        "accumulated_operating_revenue": 738211, 
        "long_term_average": 123035, 
        "short_term_average": 123434
    }, 
    {
        "date": "2012-07-31", 
        "operating_revenue": 119347, 
        "accumulated_operating_revenue": 857558, 
        "long_term_average": 122508, 
        "short_term_average": 118576
    }, 
    {
        "date": "2012-08-31", 
        "operating_revenue": 145726, 
        "accumulated_operating_revenue": 1003284, 
        "long_term_average": 125410, 
        "short_term_average": 122977
    }, 
    {
        "date": "2012-09-30", 
        "operating_revenue": 104095, 
        "accumulated_operating_revenue": 1107379, 
        "long_term_average": 123042, 
        "short_term_average": 123056
    }, 
    {
        "date": "2012-10-31", 
        "operating_revenue": 113017, 
        "accumulated_operating_revenue": 1220396, 
        "long_term_average": 122039, 
        "short_term_average": 120946
    }, 
    {
        "date": "2012-11-30", 
        "operating_revenue": 96776, 
        "accumulated_operating_revenue": 1317172, 
        "long_term_average": 119742, 
        "short_term_average": 104629
    }, 
    {
        "date": "2012-12-31", 
        "operating_revenue": 104533, 
        "accumulated_operating_revenue": 1421705, 
        "long_term_average": 118475, 
        "short_term_average": 104775
    }, 
    {
        "accumulated_operating_revenue_yoy": -2.480484187048646, 
        "accumulated_operating_revenue": 90070, 
        "long_term_average": 118284, 
        "date": "2013-01-31", 
        "operating_revenue": 90070, 
        "short_term_average": 97126
    }, 
    {
        "accumulated_operating_revenue_yoy": -27.416659336793032, 
        "accumulated_operating_revenue": 165040, 
        "long_term_average": 113280, 
        "date": "2013-02-28", 
        "operating_revenue": 74970, 
        "short_term_average": 89857
    }, 
    {
        "accumulated_operating_revenue_yoy": -16.231459409799704, 
        "accumulated_operating_revenue": 308192, 
        "long_term_average": 113499, 
        "date": "2013-03-31", 
        "operating_revenue": 143152, 
        "short_term_average": 102730
    }, 
    {
        "accumulated_operating_revenue_yoy": -10.441625417473716, 
        "accumulated_operating_revenue": 449429, 
        "long_term_average": 114108, 
        "date": "2013-04-30", 
        "operating_revenue": 141237, 
        "short_term_average": 119786
    }, 
    {
        "accumulated_operating_revenue_yoy": -10.288783339192339, 
        "accumulated_operating_revenue": 569084, 
        "long_term_average": 113036, 
        "date": "2013-05-31", 
        "operating_revenue": 119655, 
        "short_term_average": 134681
    }, 
    {
        "accumulated_operating_revenue_yoy": -11.303678758512133, 
        "accumulated_operating_revenue": 654766, 
        "long_term_average": 111521, 
        "date": "2013-06-30", 
        "operating_revenue": 85682, 
        "short_term_average": 115524
    }, 
    {
        "accumulated_operating_revenue_yoy": -5.970674869804725, 
        "accumulated_operating_revenue": 806356, 
        "long_term_average": 114208, 
        "date": "2013-07-31", 
        "operating_revenue": 151590, 
        "short_term_average": 118975
    }, 
    {
        "accumulated_operating_revenue_yoy": -6.657337304292703, 
        "accumulated_operating_revenue": 936492, 
        "long_term_average": 112909, 
        "date": "2013-08-31", 
        "operating_revenue": 130136, 
        "short_term_average": 122469
    }, 
    {
        "accumulated_operating_revenue_yoy": -4.427752377460652, 
        "accumulated_operating_revenue": 1058347, 
        "long_term_average": 114389, 
        "date": "2013-09-30", 
        "operating_revenue": 121855, 
        "short_term_average": 134527
    }, 
    {
        "accumulated_operating_revenue_yoy": -6.245104048194193, 
        "accumulated_operating_revenue": 1144181, 
        "long_term_average": 112124, 
        "date": "2013-10-31", 
        "operating_revenue": 85834, 
        "short_term_average": 112608
    }, 
    {
        "accumulated_operating_revenue_yoy": -5.0051929436702265, 
        "accumulated_operating_revenue": 1251245, 
        "long_term_average": 112981, 
        "date": "2013-11-30", 
        "operating_revenue": 107064, 
        "short_term_average": 104917
    }, 
    {
        "accumulated_operating_revenue_yoy": -5.705403019613773, 
        "accumulated_operating_revenue": 1340591, 
        "long_term_average": 111715, 
        "date": "2013-12-31", 
        "operating_revenue": 89346, 
        "short_term_average": 94081
    }, 
    {
        "accumulated_operating_revenue_yoy": 9.8745420228711, 
        "accumulated_operating_revenue": 98964, 
        "long_term_average": 112457, 
        "date": "2014-01-31", 
        "operating_revenue": 98964, 
        "short_term_average": 98458
    }, 
    {
        "accumulated_operating_revenue_yoy": 40.74648570043626, 
        "accumulated_operating_revenue": 232288, 
        "long_term_average": 117319, 
        "date": "2014-02-28", 
        "operating_revenue": 133324, 
        "short_term_average": 107211
    }, 
    {
        "accumulated_operating_revenue_yoy": 7.193567646142664, 
        "accumulated_operating_revenue": 330362, 
        "long_term_average": 113563, 
        "date": "2014-03-31", 
        "operating_revenue": 98074, 
        "short_term_average": 110120
    }, 
    {
        "accumulated_operating_revenue_yoy": -3.7957052170643193, 
        "accumulated_operating_revenue": 432370, 
        "long_term_average": 110294, 
        "date": "2014-04-30", 
        "operating_revenue": 102008, 
        "short_term_average": 111135
    }, 
    {
        "accumulated_operating_revenue_yoy": -8.354478424977684, 
        "accumulated_operating_revenue": 521540, 
        "long_term_average": 107753, 
        "date": "2014-05-31", 
        "operating_revenue": 89170, 
        "short_term_average": 96417
    }, 
    {
        "accumulated_operating_revenue_yoy": -7.297416176160644, 
        "accumulated_operating_revenue": 606985, 
        "long_term_average": 107734, 
        "date": "2014-06-30", 
        "operating_revenue": 85445, 
        "short_term_average": 92207
    }, 
    {
        "accumulated_operating_revenue_yoy": -8.905991894399, 
        "accumulated_operating_revenue": 734542, 
        "long_term_average": 105731, 
        "date": "2014-07-31", 
        "operating_revenue": 127557, 
        "short_term_average": 100724
    }, 
    {
        "accumulated_operating_revenue_yoy": -6.576564455435818, 
        "accumulated_operating_revenue": 874903, 
        "long_term_average": 106583, 
        "date": "2014-08-31", 
        "operating_revenue": 140361, 
        "short_term_average": 117787
    }, 
    {
        "accumulated_operating_revenue_yoy": -6.503916012423147, 
        "accumulated_operating_revenue": 989513, 
        "long_term_average": 105979, 
        "date": "2014-09-30", 
        "operating_revenue": 114610, 
        "short_term_average": 127509
    }, 
    {
        "accumulated_operating_revenue_yoy": -2.5314176690576056, 
        "accumulated_operating_revenue": 1115217, 
        "long_term_average": 109302, 
        "date": "2014-10-31", 
        "operating_revenue": 125704, 
        "short_term_average": 126891
    }, 
    {
        "accumulated_operating_revenue_yoy": -4.051085119221256, 
        "accumulated_operating_revenue": 1200556, 
        "long_term_average": 107491, 
        "date": "2014-11-30", 
        "operating_revenue": 85339, 
        "short_term_average": 108551
    }, 
    {
        "accumulated_operating_revenue_yoy": -2.0916894116102527, 
        "accumulated_operating_revenue": 1312550, 
        "long_term_average": 109379, 
        "date": "2014-12-31", 
        "operating_revenue": 111994, 
        "short_term_average": 107679
    }, 
    {
        "accumulated_operating_revenue_yoy": 9.964229416757608, 
        "accumulated_operating_revenue": 108825, 
        "long_term_average": 110200, 
        "date": "2015-01-31", 
        "operating_revenue": 108825, 
        "short_term_average": 102052
    }, 
    {
        "accumulated_operating_revenue_yoy": -20.124156219864993, 
        "accumulated_operating_revenue": 185542, 
        "long_term_average": 105483, 
        "date": "2015-02-28", 
        "operating_revenue": 76717, 
        "short_term_average": 99178
    }, 
    {
        "accumulated_operating_revenue_yoy": -10.105883848626657, 
        "accumulated_operating_revenue": 296976, 
        "long_term_average": 106597, 
        "date": "2015-03-31", 
        "operating_revenue": 111434, 
        "short_term_average": 98992
    }, 
    {
        "accumulated_operating_revenue_yoy": -8.336378564655272, 
        "accumulated_operating_revenue": 396326, 
        "long_term_average": 106375, 
        "date": "2015-04-30", 
        "operating_revenue": 99350, 
        "short_term_average": 95833
    }, 
    {
        "accumulated_operating_revenue_yoy": -3.762127545346474, 
        "accumulated_operating_revenue": 501919, 
        "long_term_average": 107744, 
        "date": "2015-05-31", 
        "operating_revenue": 105593, 
        "short_term_average": 105459
    }, 
    {
        "accumulated_operating_revenue_yoy": -4.262873052876101, 
        "accumulated_operating_revenue": 581110, 
        "long_term_average": 107222, 
        "date": "2015-06-30", 
        "operating_revenue": 79191, 
        "short_term_average": 94711
    }, 
    {
        "accumulated_operating_revenue_yoy": -8.70256568038315, 
        "accumulated_operating_revenue": 670618, 
        "long_term_average": 104052, 
        "date": "2015-07-31", 
        "operating_revenue": 89508, 
        "short_term_average": 91430
    }, 
    {
        "accumulated_operating_revenue_yoy": -13.70003303223329, 
        "accumulated_operating_revenue": 755041, 
        "long_term_average": 99390, 
        "date": "2015-08-31", 
        "operating_revenue": 84423, 
        "short_term_average": 84374
    }
]