[
    {
        "date": "2011-09-30", 
        "operating_revenue": 49372, 
        "accumulated_operating_revenue": 49372, 
        "long_term_average": 49372, 
        "short_term_average": 49372
    }, 
    {
        "date": "2011-10-31", 
        "operating_revenue": 53466, 
        "accumulated_operating_revenue": 102838, 
        "long_term_average": 51419, 
        "short_term_average": 51419
    }, 
    {
        "date": "2011-11-30", 
        "operating_revenue": 37218, 
        "accumulated_operating_revenue": 140056, 
        "long_term_average": 46685, 
        "short_term_average": 46685
    }, 
    {
        "date": "2011-12-31", 
        "operating_revenue": -26068, 
        "accumulated_operating_revenue": 113988, 
        "long_term_average": 28497, 
        "short_term_average": 21538
    }, 
    {
        "date": "2012-01-31", 
        "operating_revenue": 21205, 
        "accumulated_operating_revenue": 21205, 
        "long_term_average": 27038, 
        "short_term_average": 10785
    }, 
    {
        "date": "2012-02-29", 
        "operating_revenue": 32088, 
        "accumulated_operating_revenue": 53293, 
        "long_term_average": 27880, 
        "short_term_average": 9075
    }, 
    {
        "date": "2012-03-31", 
        "operating_revenue": 32238, 
        "accumulated_operating_revenue": 85531, 
        "long_term_average": 28502, 
        "short_term_average": 28510
    }, 
    {
        "date": "2012-04-30", 
        "operating_revenue": 1487741, 
        "accumulated_operating_revenue": 1573272, 
        "long_term_average": 210907, 
        "short_term_average": 517355
    }, 
    {
        "date": "2012-05-31", 
        "operating_revenue": 10135, 
        "accumulated_operating_revenue": 1583407, 
        "long_term_average": 188599, 
        "short_term_average": 510038
    }, 
    {
        "date": "2012-06-30", 
        "operating_revenue": 34229, 
        "accumulated_operating_revenue": 1617636, 
        "long_term_average": 173162, 
        "short_term_average": 510701
    }, 
    {
        "date": "2012-07-31", 
        "operating_revenue": 24905, 
        "accumulated_operating_revenue": 1642541, 
        "long_term_average": 159684, 
        "short_term_average": 23089
    }, 
    {
        "date": "2012-08-31", 
        "operating_revenue": 11314, 
        "accumulated_operating_revenue": 1653855, 
        "long_term_average": 147320, 
        "short_term_average": 23482
    }, 
    {
        "accumulated_operating_revenue_yoy": 3333.207080936563, 
        "accumulated_operating_revenue": 1695043, 
        "long_term_average": 146638, 
        "date": "2012-09-30", 
        "operating_revenue": 41188, 
        "short_term_average": 25802
    }, 
    {
        "accumulated_operating_revenue_yoy": 1618.7061203057237, 
        "accumulated_operating_revenue": 1767483, 
        "long_term_average": 148219, 
        "date": "2012-10-31", 
        "operating_revenue": 72440, 
        "short_term_average": 41647
    }, 
    {
        "accumulated_operating_revenue_yoy": 1179.5710287313645, 
        "accumulated_operating_revenue": 1792116, 
        "long_term_average": 147170, 
        "date": "2012-11-30", 
        "operating_revenue": 24633, 
        "short_term_average": 46087
    }, 
    {
        "accumulated_operating_revenue_yoy": 1497.4330631294522, 
        "accumulated_operating_revenue": 1820882, 
        "long_term_average": 151740, 
        "date": "2012-12-31", 
        "operating_revenue": 28766, 
        "short_term_average": 41946
    }, 
    {
        "accumulated_operating_revenue_yoy": -34.25135581230842, 
        "accumulated_operating_revenue": 13942, 
        "long_term_average": 151134, 
        "date": "2013-01-31", 
        "operating_revenue": 13942, 
        "short_term_average": 22447
    }, 
    {
        "accumulated_operating_revenue_yoy": -49.481170134914535, 
        "accumulated_operating_revenue": 26923, 
        "long_term_average": 149542, 
        "date": "2013-02-28", 
        "operating_revenue": 12981, 
        "short_term_average": 18563
    }, 
    {
        "accumulated_operating_revenue_yoy": -55.90136909424653, 
        "accumulated_operating_revenue": 37718, 
        "long_term_average": 147755, 
        "date": "2013-03-31", 
        "operating_revenue": 10795, 
        "short_term_average": 12572
    }, 
    {
        "accumulated_operating_revenue_yoy": -96.4262378024906, 
        "accumulated_operating_revenue": 56225, 
        "long_term_average": 25319, 
        "date": "2013-04-30", 
        "operating_revenue": 18507, 
        "short_term_average": 14094
    }, 
    {
        "accumulated_operating_revenue_yoy": -93.48935554787872, 
        "accumulated_operating_revenue": 103090, 
        "long_term_average": 28380, 
        "date": "2013-05-31", 
        "operating_revenue": 46865, 
        "short_term_average": 25389
    }, 
    {
        "accumulated_operating_revenue_yoy": -91.03296415262766, 
        "accumulated_operating_revenue": 145054, 
        "long_term_average": 29025, 
        "date": "2013-06-30", 
        "operating_revenue": 41964, 
        "short_term_average": 35778
    }, 
    {
        "accumulated_operating_revenue_yoy": -88.33112841627697, 
        "accumulated_operating_revenue": 191666, 
        "long_term_average": 30833, 
        "date": "2013-07-31", 
        "operating_revenue": 46612, 
        "short_term_average": 45147
    }, 
    {
        "accumulated_operating_revenue_yoy": -84.47572489728543, 
        "accumulated_operating_revenue": 256749, 
        "long_term_average": 35314, 
        "date": "2013-08-31", 
        "operating_revenue": 65083, 
        "short_term_average": 51219
    }, 
    {
        "accumulated_operating_revenue_yoy": -84.18470799855815, 
        "accumulated_operating_revenue": 268076, 
        "long_term_average": 32826, 
        "date": "2013-09-30", 
        "operating_revenue": 11327, 
        "short_term_average": 41007
    }, 
    {
        "accumulated_operating_revenue_yoy": -82.89081139677157, 
        "accumulated_operating_revenue": 302402, 
        "long_term_average": 29650, 
        "date": "2013-10-31", 
        "operating_revenue": 34326, 
        "short_term_average": 36912
    }, 
    {
        "accumulated_operating_revenue_yoy": -82.42451939494988, 
        "accumulated_operating_revenue": 314973, 
        "long_term_average": 28644, 
        "date": "2013-11-30", 
        "operating_revenue": 12571, 
        "short_term_average": 19408
    }, 
    {
        "accumulated_operating_revenue_yoy": -81.83451755797465, 
        "accumulated_operating_revenue": 330772, 
        "long_term_average": 27564, 
        "date": "2013-12-31", 
        "operating_revenue": 15799, 
        "short_term_average": 20898
    }, 
    {
        "accumulated_operating_revenue_yoy": 13.513125806914358, 
        "accumulated_operating_revenue": 15826, 
        "long_term_average": 27721, 
        "date": "2014-01-31", 
        "operating_revenue": 15826, 
        "short_term_average": 14732
    }, 
    {
        "accumulated_operating_revenue_yoy": -4.576013074323069, 
        "accumulated_operating_revenue": 25691, 
        "long_term_average": 27461, 
        "date": "2014-02-28", 
        "operating_revenue": 9865, 
        "short_term_average": 13830
    }, 
    {
        "accumulated_operating_revenue_yoy": 4.923378758152606, 
        "accumulated_operating_revenue": 39575, 
        "long_term_average": 27719, 
        "date": "2014-03-31", 
        "operating_revenue": 13884, 
        "short_term_average": 13191
    }, 
    {
        "accumulated_operating_revenue_yoy": -1.5509115162294353, 
        "accumulated_operating_revenue": 55353, 
        "long_term_average": 27491, 
        "date": "2014-04-30", 
        "operating_revenue": 15778, 
        "short_term_average": 13175
    }, 
    {
        "accumulated_operating_revenue_yoy": -34.467940634397124, 
        "accumulated_operating_revenue": 67557, 
        "long_term_average": 24603, 
        "date": "2014-05-31", 
        "operating_revenue": 12204, 
        "short_term_average": 13955
    }, 
    {
        "accumulated_operating_revenue_yoy": -41.56107380699601, 
        "accumulated_operating_revenue": 84768, 
        "long_term_average": 22540, 
        "date": "2014-06-30", 
        "operating_revenue": 17211, 
        "short_term_average": 15064
    }, 
    {
        "accumulated_operating_revenue_yoy": -47.44816503709578, 
        "accumulated_operating_revenue": 100724, 
        "long_term_average": 19985, 
        "date": "2014-07-31", 
        "operating_revenue": 15956, 
        "short_term_average": 15123
    }, 
    {
        "accumulated_operating_revenue_yoy": -54.30868279915404, 
        "accumulated_operating_revenue": 117312, 
        "long_term_average": 15944, 
        "date": "2014-08-31", 
        "operating_revenue": 16588, 
        "short_term_average": 16585
    }, 
    {
        "accumulated_operating_revenue_yoy": -43.57495635566033, 
        "accumulated_operating_revenue": 151262, 
        "long_term_average": 17829, 
        "date": "2014-09-30", 
        "operating_revenue": 33950, 
        "short_term_average": 22164
    }, 
    {
        "accumulated_operating_revenue_yoy": -43.68522694955721, 
        "accumulated_operating_revenue": 170297, 
        "long_term_average": 16555, 
        "date": "2014-10-31", 
        "operating_revenue": 19035, 
        "short_term_average": 23191
    }, 
    {
        "accumulated_operating_revenue_yoy": -33.57271893146397, 
        "accumulated_operating_revenue": 209228, 
        "long_term_average": 18752, 
        "date": "2014-11-30", 
        "operating_revenue": 38931, 
        "short_term_average": 30638
    }, 
    {
        "accumulated_operating_revenue_yoy": 259.64924479702034, 
        "accumulated_operating_revenue": 1189619, 
        "long_term_average": 99134, 
        "date": "2014-12-31", 
        "operating_revenue": 980391, 
        "short_term_average": 346119
    }, 
    {
        "accumulated_operating_revenue_yoy": 4366.630860609124, 
        "accumulated_operating_revenue": 706889, 
        "long_term_average": 156723, 
        "date": "2015-01-31", 
        "operating_revenue": 706889, 
        "short_term_average": 575403
    }, 
    {
        "accumulated_operating_revenue_yoy": 2927.803510957144, 
        "accumulated_operating_revenue": 777873, 
        "long_term_average": 161816, 
        "date": "2015-02-28", 
        "operating_revenue": 70984, 
        "short_term_average": 586088
    }, 
    {
        "accumulated_operating_revenue_yoy": 2097.4125078963993, 
        "accumulated_operating_revenue": 869626, 
        "long_term_average": 168305, 
        "date": "2015-03-31", 
        "operating_revenue": 91753, 
        "short_term_average": 289875
    }, 
    {
        "accumulated_operating_revenue_yoy": 1498.372265279208, 
        "accumulated_operating_revenue": 884747, 
        "long_term_average": 168251, 
        "date": "2015-04-30", 
        "operating_revenue": 15121, 
        "short_term_average": 59286
    }, 
    {
        "accumulated_operating_revenue_yoy": 1437.133087614903, 
        "accumulated_operating_revenue": 1038441, 
        "long_term_average": 180041, 
        "date": "2015-05-31", 
        "operating_revenue": 153694, 
        "short_term_average": 86856
    }, 
    {
        "accumulated_operating_revenue_yoy": 1143.3158739146847, 
        "accumulated_operating_revenue": 1053934, 
        "long_term_average": 179898, 
        "date": "2015-06-30", 
        "operating_revenue": 15493, 
        "short_term_average": 61436
    }, 
    {
        "accumulated_operating_revenue_yoy": 958.652356935785, 
        "accumulated_operating_revenue": 1066317, 
        "long_term_average": 179601, 
        "date": "2015-07-31", 
        "operating_revenue": 12383, 
        "short_term_average": 60523
    }, 
    {
        "accumulated_operating_revenue_yoy": 820.1974222585925, 
        "accumulated_operating_revenue": 1079502, 
        "long_term_average": 179317, 
        "date": "2015-08-31", 
        "operating_revenue": 13185, 
        "short_term_average": 13687
    }
]