[
    {
        "date": "2012-01-31", 
        "operating_revenue": 325690, 
        "accumulated_operating_revenue": 325690, 
        "long_term_average": 325690, 
        "short_term_average": 325690
    }, 
    {
        "date": "2012-02-29", 
        "operating_revenue": 278037, 
        "accumulated_operating_revenue": 603727, 
        "long_term_average": 301863, 
        "short_term_average": 301863
    }, 
    {
        "date": "2012-03-31", 
        "operating_revenue": 232596, 
        "accumulated_operating_revenue": 836323, 
        "long_term_average": 278774, 
        "short_term_average": 278774
    }, 
    {
        "date": "2012-04-30", 
        "operating_revenue": 234118, 
        "accumulated_operating_revenue": 1070441, 
        "long_term_average": 267610, 
        "short_term_average": 248250
    }, 
    {
        "date": "2012-05-31", 
        "operating_revenue": 267346, 
        "accumulated_operating_revenue": 1337787, 
        "long_term_average": 267557, 
        "short_term_average": 244686
    }, 
    {
        "date": "2012-06-30", 
        "operating_revenue": 261949, 
        "accumulated_operating_revenue": 1599736, 
        "long_term_average": 266622, 
        "short_term_average": 254471
    }, 
    {
        "date": "2012-07-31", 
        "operating_revenue": 313473, 
        "accumulated_operating_revenue": 1913209, 
        "long_term_average": 273315, 
        "short_term_average": 280922
    }, 
    {
        "date": "2012-08-31", 
        "operating_revenue": 224660, 
        "accumulated_operating_revenue": 2137869, 
        "long_term_average": 267233, 
        "short_term_average": 266694
    }, 
    {
        "date": "2012-09-30", 
        "operating_revenue": 241738, 
        "accumulated_operating_revenue": 2379607, 
        "long_term_average": 264400, 
        "short_term_average": 259957
    }, 
    {
        "date": "2012-10-31", 
        "operating_revenue": 280472, 
        "accumulated_operating_revenue": 2660079, 
        "long_term_average": 266007, 
        "short_term_average": 248956
    }, 
    {
        "date": "2012-11-30", 
        "operating_revenue": 242216, 
        "accumulated_operating_revenue": 2902295, 
        "long_term_average": 263845, 
        "short_term_average": 254808
    }, 
    {
        "date": "2012-12-31", 
        "operating_revenue": 333014, 
        "accumulated_operating_revenue": 3235309, 
        "long_term_average": 269609, 
        "short_term_average": 285234
    }, 
    {
        "accumulated_operating_revenue_yoy": -8.329392981055605, 
        "accumulated_operating_revenue": 298562, 
        "long_term_average": 267348, 
        "date": "2013-01-31", 
        "operating_revenue": 298562, 
        "short_term_average": 291264
    }, 
    {
        "accumulated_operating_revenue_yoy": -5.750281170131533, 
        "accumulated_operating_revenue": 569011, 
        "long_term_average": 266716, 
        "date": "2013-02-28", 
        "operating_revenue": 270449, 
        "short_term_average": 300675
    }, 
    {
        "accumulated_operating_revenue_yoy": -0.6471183980352089, 
        "accumulated_operating_revenue": 830911, 
        "long_term_average": 269158, 
        "date": "2013-03-31", 
        "operating_revenue": 261900, 
        "short_term_average": 276970
    }, 
    {
        "accumulated_operating_revenue_yoy": 3.9900377507961675, 
        "accumulated_operating_revenue": 1113152, 
        "long_term_average": 273168, 
        "date": "2013-04-30", 
        "operating_revenue": 282241, 
        "short_term_average": 271530
    }, 
    {
        "accumulated_operating_revenue_yoy": 5.184980867656809, 
        "accumulated_operating_revenue": 1407151, 
        "long_term_average": 275389, 
        "date": "2013-05-31", 
        "operating_revenue": 293999, 
        "short_term_average": 279380
    }, 
    {
        "accumulated_operating_revenue_yoy": 3.9995349232623387, 
        "accumulated_operating_revenue": 1663718, 
        "long_term_average": 274940, 
        "date": "2013-06-30", 
        "operating_revenue": 256567, 
        "short_term_average": 277602
    }, 
    {
        "accumulated_operating_revenue_yoy": 1.5102897801547035, 
        "accumulated_operating_revenue": 1942104, 
        "long_term_average": 272017, 
        "date": "2013-07-31", 
        "operating_revenue": 278386, 
        "short_term_average": 276317
    }, 
    {
        "accumulated_operating_revenue_yoy": 2.4763444345748034, 
        "accumulated_operating_revenue": 2190810, 
        "long_term_average": 274020, 
        "date": "2013-08-31", 
        "operating_revenue": 248706, 
        "short_term_average": 261219
    }, 
    {
        "accumulated_operating_revenue_yoy": 0.46608536619702323, 
        "accumulated_operating_revenue": 2390698, 
        "long_term_average": 270533, 
        "date": "2013-09-30", 
        "operating_revenue": 199888, 
        "short_term_average": 242326
    }, 
    {
        "accumulated_operating_revenue_yoy": 1.4403331630376393, 
        "accumulated_operating_revenue": 2698393, 
        "long_term_average": 272801, 
        "date": "2013-10-31", 
        "operating_revenue": 307695, 
        "short_term_average": 252096
    }, 
    {
        "accumulated_operating_revenue_yoy": 3.71998711364627, 
        "accumulated_operating_revenue": 3010260, 
        "long_term_average": 278606, 
        "date": "2013-11-30", 
        "operating_revenue": 311867, 
        "short_term_average": 273150
    }, 
    {
        "accumulated_operating_revenue_yoy": 2.490426725855243, 
        "accumulated_operating_revenue": 3315882, 
        "long_term_average": 276323, 
        "date": "2013-12-31", 
        "operating_revenue": 305622, 
        "short_term_average": 308394
    }, 
    {
        "accumulated_operating_revenue_yoy": 6.087512811409355, 
        "accumulated_operating_revenue": 316737, 
        "long_term_average": 277838, 
        "date": "2014-01-31", 
        "operating_revenue": 316737, 
        "short_term_average": 311408
    }, 
    {
        "accumulated_operating_revenue_yoy": 7.05821152842388, 
        "accumulated_operating_revenue": 609173, 
        "long_term_average": 279670, 
        "date": "2014-02-28", 
        "operating_revenue": 292436, 
        "short_term_average": 304931
    }, 
    {
        "accumulated_operating_revenue_yoy": 5.9183233824079835, 
        "accumulated_operating_revenue": 880087, 
        "long_term_average": 280421, 
        "date": "2014-03-31", 
        "operating_revenue": 270914, 
        "short_term_average": 293362
    }, 
    {
        "accumulated_operating_revenue_yoy": 0.10771215431495428, 
        "accumulated_operating_revenue": 1114351, 
        "long_term_average": 276423, 
        "date": "2014-04-30", 
        "operating_revenue": 234264, 
        "short_term_average": 265871
    }, 
    {
        "accumulated_operating_revenue_yoy": -4.178869218726349, 
        "accumulated_operating_revenue": 1348348, 
        "long_term_average": 271423, 
        "date": "2014-05-31", 
        "operating_revenue": 233997, 
        "short_term_average": 246391
    }, 
    {
        "accumulated_operating_revenue_yoy": -2.6612683159044983, 
        "accumulated_operating_revenue": 1619442, 
        "long_term_average": 272633, 
        "date": "2014-06-30", 
        "operating_revenue": 271094, 
        "short_term_average": 246451
    }, 
    {
        "accumulated_operating_revenue_yoy": -2.712882523284026, 
        "accumulated_operating_revenue": 1889417, 
        "long_term_average": 271932, 
        "date": "2014-07-31", 
        "operating_revenue": 269975, 
        "short_term_average": 258355
    }, 
    {
        "accumulated_operating_revenue_yoy": -2.677183324888968, 
        "accumulated_operating_revenue": 2132158, 
        "long_term_average": 271435, 
        "date": "2014-08-31", 
        "operating_revenue": 242741, 
        "short_term_average": 261270
    }, 
    {
        "accumulated_operating_revenue_yoy": 0.07642119581812508, 
        "accumulated_operating_revenue": 2392525, 
        "long_term_average": 276475, 
        "date": "2014-09-30", 
        "operating_revenue": 260367, 
        "short_term_average": 257694
    }, 
    {
        "accumulated_operating_revenue_yoy": -0.04269207635803977, 
        "accumulated_operating_revenue": 2697241, 
        "long_term_average": 276227, 
        "date": "2014-10-31", 
        "operating_revenue": 304716, 
        "short_term_average": 269274
    }, 
    {
        "accumulated_operating_revenue_yoy": -1.5873379708065085, 
        "accumulated_operating_revenue": 2962477, 
        "long_term_average": 272341, 
        "date": "2014-11-30", 
        "operating_revenue": 265236, 
        "short_term_average": 276773
    }, 
    {
        "accumulated_operating_revenue_yoy": -0.8780770847696028, 
        "accumulated_operating_revenue": 3286766, 
        "long_term_average": 273897, 
        "date": "2014-12-31", 
        "operating_revenue": 324289, 
        "short_term_average": 298080
    }, 
    {
        "accumulated_operating_revenue_yoy": 3.411979023606336, 
        "accumulated_operating_revenue": 327544, 
        "long_term_average": 274797, 
        "date": "2015-01-31", 
        "operating_revenue": 327544, 
        "short_term_average": 305689
    }, 
    {
        "accumulated_operating_revenue_yoy": 5.368918189085859, 
        "accumulated_operating_revenue": 641879, 
        "long_term_average": 276622, 
        "date": "2015-02-28", 
        "operating_revenue": 314335, 
        "short_term_average": 322056
    }, 
    {
        "accumulated_operating_revenue_yoy": 6.634457729747173, 
        "accumulated_operating_revenue": 938476, 
        "long_term_average": 278762, 
        "date": "2015-03-31", 
        "operating_revenue": 296597, 
        "short_term_average": 312825
    }, 
    {
        "accumulated_operating_revenue_yoy": 5.870681679291354, 
        "accumulated_operating_revenue": 1179771, 
        "long_term_average": 279348, 
        "date": "2015-04-30", 
        "operating_revenue": 241295, 
        "short_term_average": 284075
    }, 
    {
        "accumulated_operating_revenue_yoy": 4.1767407227214335, 
        "accumulated_operating_revenue": 1404665, 
        "long_term_average": 278590, 
        "date": "2015-05-31", 
        "operating_revenue": 224894, 
        "short_term_average": 254262
    }, 
    {
        "accumulated_operating_revenue_yoy": 7.861843770879105, 
        "accumulated_operating_revenue": 1746760, 
        "long_term_average": 284507, 
        "date": "2015-06-30", 
        "operating_revenue": 342095, 
        "short_term_average": 269428
    }, 
    {
        "accumulated_operating_revenue_yoy": 9.59597590156117, 
        "accumulated_operating_revenue": 2070725, 
        "long_term_average": 289006, 
        "date": "2015-07-31", 
        "operating_revenue": 323965, 
        "short_term_average": 296984
    }, 
    {
        "accumulated_operating_revenue_yoy": 9.780888658345207, 
        "accumulated_operating_revenue": 2340702, 
        "long_term_average": 291275, 
        "date": "2015-08-31", 
        "operating_revenue": 269977, 
        "short_term_average": 312012
    }
]