[
    {
        "date": "2012-01-31", 
        "operating_revenue": 235020, 
        "accumulated_operating_revenue": 235020, 
        "long_term_average": 235020, 
        "short_term_average": 235020
    }, 
    {
        "date": "2012-02-29", 
        "operating_revenue": 410212, 
        "accumulated_operating_revenue": 645232, 
        "long_term_average": 322616, 
        "short_term_average": 322616
    }, 
    {
        "date": "2012-03-31", 
        "operating_revenue": 284559, 
        "accumulated_operating_revenue": 929791, 
        "long_term_average": 309930, 
        "short_term_average": 309930
    }, 
    {
        "date": "2012-04-30", 
        "operating_revenue": 186739, 
        "accumulated_operating_revenue": 1116530, 
        "long_term_average": 279132, 
        "short_term_average": 293836
    }, 
    {
        "date": "2012-05-31", 
        "operating_revenue": 89854, 
        "accumulated_operating_revenue": 1206384, 
        "long_term_average": 241276, 
        "short_term_average": 187050
    }, 
    {
        "date": "2012-06-30", 
        "operating_revenue": 62170, 
        "accumulated_operating_revenue": 1268554, 
        "long_term_average": 211425, 
        "short_term_average": 112921
    }, 
    {
        "date": "2012-07-31", 
        "operating_revenue": 111757, 
        "accumulated_operating_revenue": 1380311, 
        "long_term_average": 197187, 
        "short_term_average": 87927
    }, 
    {
        "date": "2012-08-31", 
        "operating_revenue": 198313, 
        "accumulated_operating_revenue": 1578624, 
        "long_term_average": 197328, 
        "short_term_average": 124080
    }, 
    {
        "date": "2012-09-30", 
        "operating_revenue": 179513, 
        "accumulated_operating_revenue": 1758137, 
        "long_term_average": 195348, 
        "short_term_average": 163194
    }, 
    {
        "date": "2012-10-31", 
        "operating_revenue": 207315, 
        "accumulated_operating_revenue": 1965452, 
        "long_term_average": 196545, 
        "short_term_average": 195047
    }, 
    {
        "date": "2012-11-30", 
        "operating_revenue": 98382, 
        "accumulated_operating_revenue": 2063834, 
        "long_term_average": 187621, 
        "short_term_average": 161736
    }, 
    {
        "date": "2012-12-31", 
        "operating_revenue": 165247, 
        "accumulated_operating_revenue": 2229081, 
        "long_term_average": 185756, 
        "short_term_average": 156981
    }, 
    {
        "accumulated_operating_revenue_yoy": -29.988086120330188, 
        "accumulated_operating_revenue": 164542, 
        "long_term_average": 179883, 
        "date": "2013-01-31", 
        "operating_revenue": 164542, 
        "short_term_average": 142723
    }, 
    {
        "accumulated_operating_revenue_yoy": -52.04174622461378, 
        "accumulated_operating_revenue": 309442, 
        "long_term_average": 157774, 
        "date": "2013-02-28", 
        "operating_revenue": 144900, 
        "short_term_average": 158229
    }, 
    {
        "accumulated_operating_revenue_yoy": -49.033384921987846, 
        "accumulated_operating_revenue": 473883, 
        "long_term_average": 147764, 
        "date": "2013-03-31", 
        "operating_revenue": 164441, 
        "short_term_average": 157961
    }, 
    {
        "accumulated_operating_revenue_yoy": -49.45330622553805, 
        "accumulated_operating_revenue": 564369, 
        "long_term_average": 139743, 
        "date": "2013-04-30", 
        "operating_revenue": 90486, 
        "short_term_average": 133275
    }, 
    {
        "accumulated_operating_revenue_yoy": -40.957108184458676, 
        "accumulated_operating_revenue": 712284, 
        "long_term_average": 144581, 
        "date": "2013-05-31", 
        "operating_revenue": 147915, 
        "short_term_average": 134280
    }, 
    {
        "accumulated_operating_revenue_yoy": -31.492786274766388, 
        "accumulated_operating_revenue": 869051, 
        "long_term_average": 152464, 
        "date": "2013-06-30", 
        "operating_revenue": 156767, 
        "short_term_average": 131722
    }, 
    {
        "accumulated_operating_revenue_yoy": -23.737693896520422, 
        "accumulated_operating_revenue": 1052657, 
        "long_term_average": 158452, 
        "date": "2013-07-31", 
        "operating_revenue": 183606, 
        "short_term_average": 162762
    }, 
    {
        "accumulated_operating_revenue_yoy": -18.588150186491525, 
        "accumulated_operating_revenue": 1285187, 
        "long_term_average": 161303, 
        "date": "2013-08-31", 
        "operating_revenue": 232530, 
        "short_term_average": 190967
    }, 
    {
        "accumulated_operating_revenue_yoy": -16.650295170399122, 
        "accumulated_operating_revenue": 1465402, 
        "long_term_average": 161362, 
        "date": "2013-09-30", 
        "operating_revenue": 180215, 
        "short_term_average": 198783
    }, 
    {
        "accumulated_operating_revenue_yoy": -9.865618697378517, 
        "accumulated_operating_revenue": 1771548, 
        "long_term_average": 169598, 
        "date": "2013-10-31", 
        "operating_revenue": 306146, 
        "short_term_average": 239630
    }, 
    {
        "accumulated_operating_revenue_yoy": -3.2704180665693077, 
        "accumulated_operating_revenue": 1996338, 
        "long_term_average": 180132, 
        "date": "2013-11-30", 
        "operating_revenue": 224790, 
        "short_term_average": 237050
    }, 
    {
        "accumulated_operating_revenue_yoy": -3.7126510880492902, 
        "accumulated_operating_revenue": 2146323, 
        "long_term_average": 178860, 
        "date": "2013-12-31", 
        "operating_revenue": 149985, 
        "short_term_average": 226973
    }, 
    {
        "accumulated_operating_revenue_yoy": -37.59161794557013, 
        "accumulated_operating_revenue": 102688, 
        "long_term_average": 173705, 
        "date": "2014-01-31", 
        "operating_revenue": 102688, 
        "short_term_average": 159154
    }, 
    {
        "accumulated_operating_revenue_yoy": -31.111807705482775, 
        "accumulated_operating_revenue": 213169, 
        "long_term_average": 170837, 
        "date": "2014-02-28", 
        "operating_revenue": 110481, 
        "short_term_average": 121051
    }, 
    {
        "accumulated_operating_revenue_yoy": -11.161615841885023, 
        "accumulated_operating_revenue": 420990, 
        "long_term_average": 174452, 
        "date": "2014-03-31", 
        "operating_revenue": 207821, 
        "short_term_average": 140330
    }, 
    {
        "accumulated_operating_revenue_yoy": -0.46795624848281886, 
        "accumulated_operating_revenue": 561728, 
        "long_term_average": 178640, 
        "date": "2014-04-30", 
        "operating_revenue": 140738, 
        "short_term_average": 153013
    }, 
    {
        "accumulated_operating_revenue_yoy": 8.964261446277048, 
        "accumulated_operating_revenue": 776135, 
        "long_term_average": 184181, 
        "date": "2014-05-31", 
        "operating_revenue": 214407, 
        "short_term_average": 187655
    }, 
    {
        "accumulated_operating_revenue_yoy": 10.236223190583752, 
        "accumulated_operating_revenue": 958009, 
        "long_term_average": 186273, 
        "date": "2014-06-30", 
        "operating_revenue": 181874, 
        "short_term_average": 179006
    }, 
    {
        "accumulated_operating_revenue_yoy": 5.589570011884213, 
        "accumulated_operating_revenue": 1111496, 
        "long_term_average": 183763, 
        "date": "2014-07-31", 
        "operating_revenue": 153487, 
        "short_term_average": 183256
    }, 
    {
        "accumulated_operating_revenue_yoy": -1.4987702178749085, 
        "accumulated_operating_revenue": 1265925, 
        "long_term_average": 177255, 
        "date": "2014-08-31", 
        "operating_revenue": 154429, 
        "short_term_average": 163263
    }, 
    {
        "accumulated_operating_revenue_yoy": -0.8014183138824704, 
        "accumulated_operating_revenue": 1453658, 
        "long_term_average": 177881, 
        "date": "2014-09-30", 
        "operating_revenue": 187733, 
        "short_term_average": 165216
    }, 
    {
        "accumulated_operating_revenue_yoy": -2.7955212051832636, 
        "accumulated_operating_revenue": 1722024, 
        "long_term_average": 174733, 
        "date": "2014-10-31", 
        "operating_revenue": 268366, 
        "short_term_average": 203509
    }, 
    {
        "accumulated_operating_revenue_yoy": -6.58736145883112, 
        "accumulated_operating_revenue": 1864832, 
        "long_term_average": 167901, 
        "date": "2014-11-30", 
        "operating_revenue": 142808, 
        "short_term_average": 199635
    }, 
    {
        "accumulated_operating_revenue_yoy": -6.401273247316457, 
        "accumulated_operating_revenue": 2008931, 
        "long_term_average": 167410, 
        "date": "2014-12-31", 
        "operating_revenue": 144099, 
        "short_term_average": 185091
    }, 
    {
        "accumulated_operating_revenue_yoy": 10.679923652228108, 
        "accumulated_operating_revenue": 113655, 
        "long_term_average": 168324, 
        "date": "2015-01-31", 
        "operating_revenue": 113655, 
        "short_term_average": 133520
    }, 
    {
        "accumulated_operating_revenue_yoy": -19.011676181808802, 
        "accumulated_operating_revenue": 172642, 
        "long_term_average": 164033, 
        "date": "2015-02-28", 
        "operating_revenue": 58987, 
        "short_term_average": 105580
    }, 
    {
        "accumulated_operating_revenue_yoy": -23.526924630038717, 
        "accumulated_operating_revenue": 321944, 
        "long_term_average": 159157, 
        "date": "2015-03-31", 
        "operating_revenue": 149302, 
        "short_term_average": 107314
    }, 
    {
        "accumulated_operating_revenue_yoy": -14.66510481941438, 
        "accumulated_operating_revenue": 479350, 
        "long_term_average": 160546, 
        "date": "2015-04-30", 
        "operating_revenue": 157406, 
        "short_term_average": 121898
    }, 
    {
        "accumulated_operating_revenue_yoy": -25.7970585014205, 
        "accumulated_operating_revenue": 575915, 
        "long_term_average": 150725, 
        "date": "2015-05-31", 
        "operating_revenue": 96565, 
        "short_term_average": 134424
    }, 
    {
        "accumulated_operating_revenue_yoy": -22.755214199449068, 
        "accumulated_operating_revenue": 740012, 
        "long_term_average": 149244, 
        "date": "2015-06-30", 
        "operating_revenue": 164097, 
        "short_term_average": 139356
    }, 
    {
        "accumulated_operating_revenue_yoy": -28.203340362898295, 
        "accumulated_operating_revenue": 798017, 
        "long_term_average": 141287, 
        "date": "2015-07-31", 
        "operating_revenue": 58005, 
        "short_term_average": 106222
    }, 
    {
        "accumulated_operating_revenue_yoy": -29.08039575804254, 
        "accumulated_operating_revenue": 897789, 
        "long_term_average": 136732, 
        "date": "2015-08-31", 
        "operating_revenue": 99772, 
        "short_term_average": 107291
    }, 
    {
        "accumulated_operating_revenue_yoy": -28.322961797066437, 
        "accumulated_operating_revenue": 1041939, 
        "long_term_average": 133101, 
        "date": "2015-09-30", 
        "operating_revenue": 144150, 
        "short_term_average": 100642
    }
]