[
    {
        "date": "2012-01-31", 
        "operating_revenue": 68547, 
        "accumulated_operating_revenue": 68547, 
        "long_term_average": 68547, 
        "short_term_average": 68547
    }, 
    {
        "date": "2012-02-29", 
        "operating_revenue": 81040, 
        "accumulated_operating_revenue": 149587, 
        "long_term_average": 74793, 
        "short_term_average": 74793
    }, 
    {
        "date": "2012-03-31", 
        "operating_revenue": 104736, 
        "accumulated_operating_revenue": 254323, 
        "long_term_average": 84774, 
        "short_term_average": 84774
    }, 
    {
        "date": "2012-04-30", 
        "operating_revenue": 76793, 
        "accumulated_operating_revenue": 331116, 
        "long_term_average": 82779, 
        "short_term_average": 87523
    }, 
    {
        "date": "2012-05-31", 
        "operating_revenue": 60799, 
        "accumulated_operating_revenue": 391915, 
        "long_term_average": 78383, 
        "short_term_average": 80776
    }, 
    {
        "date": "2012-06-30", 
        "operating_revenue": 33814, 
        "accumulated_operating_revenue": 425729, 
        "long_term_average": 70954, 
        "short_term_average": 57135
    }, 
    {
        "date": "2012-07-31", 
        "operating_revenue": 62448, 
        "accumulated_operating_revenue": 488177, 
        "long_term_average": 69739, 
        "short_term_average": 52353
    }, 
    {
        "date": "2012-08-31", 
        "operating_revenue": 52818, 
        "accumulated_operating_revenue": 540995, 
        "long_term_average": 67624, 
        "short_term_average": 49693
    }, 
    {
        "date": "2012-09-30", 
        "operating_revenue": 81679, 
        "accumulated_operating_revenue": 622674, 
        "long_term_average": 69186, 
        "short_term_average": 65648
    }, 
    {
        "date": "2012-10-31", 
        "operating_revenue": 114293, 
        "accumulated_operating_revenue": 736967, 
        "long_term_average": 73696, 
        "short_term_average": 82930
    }, 
    {
        "date": "2012-11-30", 
        "operating_revenue": 119679, 
        "accumulated_operating_revenue": 856646, 
        "long_term_average": 77876, 
        "short_term_average": 105217
    }, 
    {
        "date": "2012-12-31", 
        "operating_revenue": 59962, 
        "accumulated_operating_revenue": 916608, 
        "long_term_average": 76384, 
        "short_term_average": 97978
    }, 
    {
        "accumulated_operating_revenue_yoy": -15.185201394663517, 
        "accumulated_operating_revenue": 58138, 
        "long_term_average": 75516, 
        "date": "2013-01-31", 
        "operating_revenue": 58138, 
        "short_term_average": 79259
    }, 
    {
        "accumulated_operating_revenue_yoy": -12.94698068682439, 
        "accumulated_operating_revenue": 130220, 
        "long_term_average": 74770, 
        "date": "2013-02-28", 
        "operating_revenue": 72082, 
        "short_term_average": 63394
    }, 
    {
        "accumulated_operating_revenue_yoy": -12.253315665511968, 
        "accumulated_operating_revenue": 223160, 
        "long_term_average": 73787, 
        "date": "2013-03-31", 
        "operating_revenue": 92940, 
        "short_term_average": 74386
    }, 
    {
        "accumulated_operating_revenue_yoy": -3.1762282704550673, 
        "accumulated_operating_revenue": 320599, 
        "long_term_average": 75507, 
        "date": "2013-04-30", 
        "operating_revenue": 97439, 
        "short_term_average": 87487
    }, 
    {
        "accumulated_operating_revenue_yoy": 6.236046081420716, 
        "accumulated_operating_revenue": 416355, 
        "long_term_average": 78420, 
        "date": "2013-05-31", 
        "operating_revenue": 95756, 
        "short_term_average": 95378
    }, 
    {
        "accumulated_operating_revenue_yoy": 10.31759640522492, 
        "accumulated_operating_revenue": 469654, 
        "long_term_average": 80044, 
        "date": "2013-06-30", 
        "operating_revenue": 53299, 
        "short_term_average": 82164
    }, 
    {
        "accumulated_operating_revenue_yoy": 6.6363224813950685, 
        "accumulated_operating_revenue": 520574, 
        "long_term_average": 79083, 
        "date": "2013-07-31", 
        "operating_revenue": 50920, 
        "short_term_average": 66658
    }, 
    {
        "accumulated_operating_revenue_yoy": 14.405493581271548, 
        "accumulated_operating_revenue": 618928, 
        "long_term_average": 82878, 
        "date": "2013-08-31", 
        "operating_revenue": 98354, 
        "short_term_average": 67524
    }, 
    {
        "accumulated_operating_revenue_yoy": 15.235259541911175, 
        "accumulated_operating_revenue": 717540, 
        "long_term_average": 84289, 
        "date": "2013-09-30", 
        "operating_revenue": 98612, 
        "short_term_average": 82628
    }, 
    {
        "accumulated_operating_revenue_yoy": 12.200410601831562, 
        "accumulated_operating_revenue": 826880, 
        "long_term_average": 83876, 
        "date": "2013-10-31", 
        "operating_revenue": 109340, 
        "short_term_average": 102102
    }, 
    {
        "accumulated_operating_revenue_yoy": 7.988830858954573, 
        "accumulated_operating_revenue": 925082, 
        "long_term_average": 82087, 
        "date": "2013-11-30", 
        "operating_revenue": 98202, 
        "short_term_average": 102051
    }, 
    {
        "accumulated_operating_revenue_yoy": 9.758042696550762, 
        "accumulated_operating_revenue": 1006051, 
        "long_term_average": 83837, 
        "date": "2013-12-31", 
        "operating_revenue": 80969, 
        "short_term_average": 96170
    }, 
    {
        "accumulated_operating_revenue_yoy": 58.30265919020262, 
        "accumulated_operating_revenue": 92034, 
        "long_term_average": 86662, 
        "date": "2014-01-31", 
        "operating_revenue": 92034, 
        "short_term_average": 90401
    }, 
    {
        "accumulated_operating_revenue_yoy": 34.61449854093073, 
        "accumulated_operating_revenue": 175295, 
        "long_term_average": 87593, 
        "date": "2014-02-28", 
        "operating_revenue": 83261, 
        "short_term_average": 85421
    }, 
    {
        "accumulated_operating_revenue_yoy": 22.5, 
        "accumulated_operating_revenue": 273371, 
        "long_term_average": 88021, 
        "date": "2014-03-31", 
        "operating_revenue": 98076, 
        "short_term_average": 91123
    }, 
    {
        "accumulated_operating_revenue_yoy": 12.876521760828949, 
        "accumulated_operating_revenue": 361881, 
        "long_term_average": 87277, 
        "date": "2014-04-30", 
        "operating_revenue": 88510, 
        "short_term_average": 89949
    }, 
    {
        "accumulated_operating_revenue_yoy": 9.18374944458455, 
        "accumulated_operating_revenue": 454592, 
        "long_term_average": 87024, 
        "date": "2014-05-31", 
        "operating_revenue": 92711, 
        "short_term_average": 93099
    }, 
    {
        "accumulated_operating_revenue_yoy": 16.784483896655836, 
        "accumulated_operating_revenue": 548483, 
        "long_term_average": 90406, 
        "date": "2014-06-30", 
        "operating_revenue": 93891, 
        "short_term_average": 91704
    }, 
    {
        "accumulated_operating_revenue_yoy": 19.77605489325245, 
        "accumulated_operating_revenue": 623523, 
        "long_term_average": 92416, 
        "date": "2014-07-31", 
        "operating_revenue": 75040, 
        "short_term_average": 87214
    }, 
    {
        "accumulated_operating_revenue_yoy": 13.484928780084275, 
        "accumulated_operating_revenue": 702390, 
        "long_term_average": 90792, 
        "date": "2014-08-31", 
        "operating_revenue": 78867, 
        "short_term_average": 82599
    }, 
    {
        "accumulated_operating_revenue_yoy": 14.048415419349444, 
        "accumulated_operating_revenue": 818343, 
        "long_term_average": 92237, 
        "date": "2014-09-30", 
        "operating_revenue": 115953, 
        "short_term_average": 89953
    }, 
    {
        "accumulated_operating_revenue_yoy": 16.427534829721363, 
        "accumulated_operating_revenue": 962716, 
        "long_term_average": 95157, 
        "date": "2014-10-31", 
        "operating_revenue": 144373, 
        "short_term_average": 113064
    }, 
    {
        "accumulated_operating_revenue_yoy": 14.061131878038921, 
        "accumulated_operating_revenue": 1055159, 
        "long_term_average": 94677, 
        "date": "2014-11-30", 
        "operating_revenue": 92443, 
        "short_term_average": 117589
    }, 
    {
        "accumulated_operating_revenue_yoy": 16.911170507260568, 
        "accumulated_operating_revenue": 1176186, 
        "long_term_average": 98015, 
        "date": "2014-12-31", 
        "operating_revenue": 121027, 
        "short_term_average": 119281
    }, 
    {
        "accumulated_operating_revenue_yoy": -10.694960558054632, 
        "accumulated_operating_revenue": 82191, 
        "long_term_average": 97195, 
        "date": "2015-01-31", 
        "operating_revenue": 82191, 
        "short_term_average": 98553
    }, 
    {
        "accumulated_operating_revenue_yoy": -2.879146581476939, 
        "accumulated_operating_revenue": 170248, 
        "long_term_average": 97594, 
        "date": "2015-02-28", 
        "operating_revenue": 88057, 
        "short_term_average": 97091
    }, 
    {
        "accumulated_operating_revenue_yoy": -2.7585223011950792, 
        "accumulated_operating_revenue": 265830, 
        "long_term_average": 97387, 
        "date": "2015-03-31", 
        "operating_revenue": 95582, 
        "short_term_average": 88610
    }, 
    {
        "accumulated_operating_revenue_yoy": -0.22051447851641837, 
        "accumulated_operating_revenue": 361083, 
        "long_term_average": 97949, 
        "date": "2015-04-30", 
        "operating_revenue": 95253, 
        "short_term_average": 92964
    }, 
    {
        "accumulated_operating_revenue_yoy": -1.4613103618189496, 
        "accumulated_operating_revenue": 447949, 
        "long_term_average": 97461, 
        "date": "2015-05-31", 
        "operating_revenue": 86866, 
        "short_term_average": 92567
    }, 
    {
        "accumulated_operating_revenue_yoy": -5.364797085780234, 
        "accumulated_operating_revenue": 519058, 
        "long_term_average": 95563, 
        "date": "2015-06-30", 
        "operating_revenue": 71109, 
        "short_term_average": 84409
    }, 
    {
        "accumulated_operating_revenue_yoy": -3.407572775984206, 
        "accumulated_operating_revenue": 602276, 
        "long_term_average": 96244, 
        "date": "2015-07-31", 
        "operating_revenue": 83218, 
        "short_term_average": 80397
    }, 
    {
        "accumulated_operating_revenue_yoy": -3.5426187730463132, 
        "accumulated_operating_revenue": 677507, 
        "long_term_average": 95941, 
        "date": "2015-08-31", 
        "operating_revenue": 75231, 
        "short_term_average": 76519
    }
]