[
    {
        "date": "2012-01-31", 
        "operating_revenue": 82386, 
        "accumulated_operating_revenue": 82386, 
        "long_term_average": 82386, 
        "short_term_average": 82386
    }, 
    {
        "date": "2012-02-29", 
        "operating_revenue": 85944, 
        "accumulated_operating_revenue": 168330, 
        "long_term_average": 84165, 
        "short_term_average": 84165
    }, 
    {
        "date": "2012-03-31", 
        "operating_revenue": 127666, 
        "accumulated_operating_revenue": 295996, 
        "long_term_average": 98665, 
        "short_term_average": 98665
    }, 
    {
        "date": "2012-04-30", 
        "operating_revenue": 130441, 
        "accumulated_operating_revenue": 426437, 
        "long_term_average": 106609, 
        "short_term_average": 114683
    }, 
    {
        "date": "2012-05-31", 
        "operating_revenue": 115491, 
        "accumulated_operating_revenue": 541928, 
        "long_term_average": 108385, 
        "short_term_average": 124532
    }, 
    {
        "date": "2012-06-30", 
        "operating_revenue": 101082, 
        "accumulated_operating_revenue": 643010, 
        "long_term_average": 107168, 
        "short_term_average": 115671
    }, 
    {
        "date": "2012-07-31", 
        "operating_revenue": 77478, 
        "accumulated_operating_revenue": 720488, 
        "long_term_average": 102926, 
        "short_term_average": 98017
    }, 
    {
        "date": "2012-08-31", 
        "operating_revenue": 66860, 
        "accumulated_operating_revenue": 787348, 
        "long_term_average": 98418, 
        "short_term_average": 81806
    }, 
    {
        "date": "2012-09-30", 
        "operating_revenue": 51490, 
        "accumulated_operating_revenue": 838838, 
        "long_term_average": 93204, 
        "short_term_average": 65276
    }, 
    {
        "date": "2012-10-31", 
        "operating_revenue": 58874, 
        "accumulated_operating_revenue": 897712, 
        "long_term_average": 89771, 
        "short_term_average": 59074
    }, 
    {
        "date": "2012-11-30", 
        "operating_revenue": 75531, 
        "accumulated_operating_revenue": 973243, 
        "long_term_average": 88476, 
        "short_term_average": 61965
    }, 
    {
        "date": "2012-12-31", 
        "operating_revenue": 68682, 
        "accumulated_operating_revenue": 1041925, 
        "long_term_average": 86827, 
        "short_term_average": 67695
    }, 
    {
        "accumulated_operating_revenue_yoy": 11.637899643143253, 
        "accumulated_operating_revenue": 91974, 
        "long_term_average": 87626, 
        "date": "2013-01-31", 
        "operating_revenue": 91974, 
        "short_term_average": 78729
    }, 
    {
        "accumulated_operating_revenue_yoy": -10.644567219152854, 
        "accumulated_operating_revenue": 150412, 
        "long_term_average": 85333, 
        "date": "2013-02-28", 
        "operating_revenue": 58438, 
        "short_term_average": 73031
    }, 
    {
        "accumulated_operating_revenue_yoy": -21.399613508290653, 
        "accumulated_operating_revenue": 232654, 
        "long_term_average": 81548, 
        "date": "2013-03-31", 
        "operating_revenue": 82242, 
        "short_term_average": 77551
    }, 
    {
        "accumulated_operating_revenue_yoy": -25.88799752366704, 
        "accumulated_operating_revenue": 316041, 
        "long_term_average": 77627, 
        "date": "2013-04-30", 
        "operating_revenue": 83387, 
        "short_term_average": 74689
    }, 
    {
        "accumulated_operating_revenue_yoy": -26.87958547998996, 
        "accumulated_operating_revenue": 396260, 
        "long_term_average": 74688, 
        "date": "2013-05-31", 
        "operating_revenue": 80219, 
        "short_term_average": 81949
    }, 
    {
        "accumulated_operating_revenue_yoy": -30.62036360243231, 
        "accumulated_operating_revenue": 446118, 
        "long_term_average": 70419, 
        "date": "2013-06-30", 
        "operating_revenue": 49858, 
        "short_term_average": 71154
    }, 
    {
        "accumulated_operating_revenue_yoy": -29.48945714571235, 
        "accumulated_operating_revenue": 508020, 
        "long_term_average": 69121, 
        "date": "2013-07-31", 
        "operating_revenue": 61902, 
        "short_term_average": 63993
    }, 
    {
        "accumulated_operating_revenue_yoy": -23.022221431946228, 
        "accumulated_operating_revenue": 606083, 
        "long_term_average": 71721, 
        "date": "2013-08-31", 
        "operating_revenue": 98063, 
        "short_term_average": 69941
    }, 
    {
        "accumulated_operating_revenue_yoy": -20.056792849155617, 
        "accumulated_operating_revenue": 670594, 
        "long_term_average": 72806, 
        "date": "2013-09-30", 
        "operating_revenue": 64511, 
        "short_term_average": 74825
    }, 
    {
        "accumulated_operating_revenue_yoy": -19.488210027269325, 
        "accumulated_operating_revenue": 722764, 
        "long_term_average": 72248, 
        "date": "2013-10-31", 
        "operating_revenue": 52170, 
        "short_term_average": 71581
    }, 
    {
        "accumulated_operating_revenue_yoy": -20.725759137235, 
        "accumulated_operating_revenue": 771531, 
        "long_term_average": 70017, 
        "date": "2013-11-30", 
        "operating_revenue": 48767, 
        "short_term_average": 55149
    }, 
    {
        "accumulated_operating_revenue_yoy": -21.11812270556902, 
        "accumulated_operating_revenue": 821890, 
        "long_term_average": 68490, 
        "date": "2013-12-31", 
        "operating_revenue": 50359, 
        "short_term_average": 50432
    }, 
    {
        "accumulated_operating_revenue_yoy": -26.22262813403788, 
        "accumulated_operating_revenue": 67856, 
        "long_term_average": 66481, 
        "date": "2014-01-31", 
        "operating_revenue": 67856, 
        "short_term_average": 55660
    }, 
    {
        "accumulated_operating_revenue_yoy": -23.845836768342952, 
        "accumulated_operating_revenue": 114545, 
        "long_term_average": 65501, 
        "date": "2014-02-28", 
        "operating_revenue": 46689, 
        "short_term_average": 54968
    }, 
    {
        "accumulated_operating_revenue_yoy": -34.20229181531373, 
        "accumulated_operating_revenue": 153081, 
        "long_term_average": 61859, 
        "date": "2014-03-31", 
        "operating_revenue": 38536, 
        "short_term_average": 51027
    }, 
    {
        "accumulated_operating_revenue_yoy": -30.7944222426837, 
        "accumulated_operating_revenue": 218718, 
        "long_term_average": 60380, 
        "date": "2014-04-30", 
        "operating_revenue": 65637, 
        "short_term_average": 50287
    }, 
    {
        "accumulated_operating_revenue_yoy": -33.954726694594456, 
        "accumulated_operating_revenue": 261711, 
        "long_term_average": 57278, 
        "date": "2014-05-31", 
        "operating_revenue": 42993, 
        "short_term_average": 49055
    }, 
    {
        "accumulated_operating_revenue_yoy": -24.972316741310596, 
        "accumulated_operating_revenue": 334712, 
        "long_term_average": 59207, 
        "date": "2014-06-30", 
        "operating_revenue": 73001, 
        "short_term_average": 60543
    }, 
    {
        "accumulated_operating_revenue_yoy": -20.21062162906972, 
        "accumulated_operating_revenue": 405346, 
        "long_term_average": 59934, 
        "date": "2014-07-31", 
        "operating_revenue": 70634, 
        "short_term_average": 62209
    }, 
    {
        "accumulated_operating_revenue_yoy": -21.970093205056074, 
        "accumulated_operating_revenue": 472926, 
        "long_term_average": 57394, 
        "date": "2014-08-31", 
        "operating_revenue": 67580, 
        "short_term_average": 70405
    }, 
    {
        "accumulated_operating_revenue_yoy": -21.37925480991479, 
        "accumulated_operating_revenue": 527226, 
        "long_term_average": 56543, 
        "date": "2014-09-30", 
        "operating_revenue": 54300, 
        "short_term_average": 64171
    }, 
    {
        "accumulated_operating_revenue_yoy": -18.57120719903039, 
        "accumulated_operating_revenue": 588538, 
        "long_term_average": 57305, 
        "date": "2014-10-31", 
        "operating_revenue": 61312, 
        "short_term_average": 61064
    }, 
    {
        "accumulated_operating_revenue_yoy": -17.84866713067913, 
        "accumulated_operating_revenue": 633823, 
        "long_term_average": 57015, 
        "date": "2014-11-30", 
        "operating_revenue": 45285, 
        "short_term_average": 53632
    }, 
    {
        "accumulated_operating_revenue_yoy": -16.06334180973123, 
        "accumulated_operating_revenue": 689867, 
        "long_term_average": 57488, 
        "date": "2014-12-31", 
        "operating_revenue": 56044, 
        "short_term_average": 54213
    }, 
    {
        "accumulated_operating_revenue_yoy": -15.839424663994341, 
        "accumulated_operating_revenue": 57108, 
        "long_term_average": 56593, 
        "date": "2015-01-31", 
        "operating_revenue": 57108, 
        "short_term_average": 52812
    }, 
    {
        "accumulated_operating_revenue_yoy": -8.639399362695883, 
        "accumulated_operating_revenue": 104649, 
        "long_term_average": 56664, 
        "date": "2015-02-28", 
        "operating_revenue": 47541, 
        "short_term_average": 53564
    }, 
    {
        "accumulated_operating_revenue_yoy": 1.9506013156433522, 
        "accumulated_operating_revenue": 156067, 
        "long_term_average": 57737, 
        "date": "2015-03-31", 
        "operating_revenue": 51418, 
        "short_term_average": 52022
    }, 
    {
        "accumulated_operating_revenue_yoy": 5.010104335262758, 
        "accumulated_operating_revenue": 229676, 
        "long_term_average": 58402, 
        "date": "2015-04-30", 
        "operating_revenue": 73609, 
        "short_term_average": 57522
    }, 
    {
        "accumulated_operating_revenue_yoy": 13.644821960101028, 
        "accumulated_operating_revenue": 297421, 
        "long_term_average": 60464, 
        "date": "2015-05-31", 
        "operating_revenue": 67745, 
        "short_term_average": 64257
    }, 
    {
        "accumulated_operating_revenue_yoy": 6.6146418413442, 
        "accumulated_operating_revenue": 356852, 
        "long_term_average": 59333, 
        "date": "2015-06-30", 
        "operating_revenue": 59431, 
        "short_term_average": 66928
    }, 
    {
        "accumulated_operating_revenue_yoy": -0.6648640914181958, 
        "accumulated_operating_revenue": 402651, 
        "long_term_average": 57264, 
        "date": "2015-07-31", 
        "operating_revenue": 45799, 
        "short_term_average": 57658
    }, 
    {
        "accumulated_operating_revenue_yoy": -6.7649061375352595, 
        "accumulated_operating_revenue": 440933, 
        "long_term_average": 54822, 
        "date": "2015-08-31", 
        "operating_revenue": 38282, 
        "short_term_average": 47837
    }
]