[
    {
        "date": "2012-01-31", 
        "operating_revenue": 36358, 
        "accumulated_operating_revenue": 36358, 
        "long_term_average": 36358, 
        "short_term_average": 36358
    }, 
    {
        "date": "2012-02-29", 
        "operating_revenue": 35005, 
        "accumulated_operating_revenue": 71363, 
        "long_term_average": 35681, 
        "short_term_average": 35681
    }, 
    {
        "date": "2012-03-31", 
        "operating_revenue": 74622, 
        "accumulated_operating_revenue": 145985, 
        "long_term_average": 48661, 
        "short_term_average": 48661
    }, 
    {
        "date": "2012-04-30", 
        "operating_revenue": 72730, 
        "accumulated_operating_revenue": 218715, 
        "long_term_average": 54678, 
        "short_term_average": 60785
    }, 
    {
        "date": "2012-05-31", 
        "operating_revenue": 115628, 
        "accumulated_operating_revenue": 334343, 
        "long_term_average": 66868, 
        "short_term_average": 87660
    }, 
    {
        "date": "2012-06-30", 
        "operating_revenue": 132765, 
        "accumulated_operating_revenue": 467108, 
        "long_term_average": 77851, 
        "short_term_average": 107041
    }, 
    {
        "date": "2012-07-31", 
        "operating_revenue": 144696, 
        "accumulated_operating_revenue": 611804, 
        "long_term_average": 87400, 
        "short_term_average": 131029
    }, 
    {
        "date": "2012-08-31", 
        "operating_revenue": 93933, 
        "accumulated_operating_revenue": 705737, 
        "long_term_average": 88217, 
        "short_term_average": 123798
    }, 
    {
        "date": "2012-09-30", 
        "operating_revenue": 72231, 
        "accumulated_operating_revenue": 777968, 
        "long_term_average": 86440, 
        "short_term_average": 103620
    }, 
    {
        "date": "2012-10-31", 
        "operating_revenue": 35926, 
        "accumulated_operating_revenue": 813894, 
        "long_term_average": 81389, 
        "short_term_average": 67363
    }, 
    {
        "date": "2012-11-30", 
        "operating_revenue": 39207, 
        "accumulated_operating_revenue": 853101, 
        "long_term_average": 77554, 
        "short_term_average": 49121
    }, 
    {
        "date": "2012-12-31", 
        "operating_revenue": 60650, 
        "accumulated_operating_revenue": 913751, 
        "long_term_average": 76145, 
        "short_term_average": 45261
    }, 
    {
        "accumulated_operating_revenue_yoy": -42.07327135706034, 
        "accumulated_operating_revenue": 21061, 
        "long_term_average": 74871, 
        "date": "2013-01-31", 
        "operating_revenue": 21061, 
        "short_term_average": 40306
    }, 
    {
        "accumulated_operating_revenue_yoy": -27.70343175034682, 
        "accumulated_operating_revenue": 51593, 
        "long_term_average": 74498, 
        "date": "2013-02-28", 
        "operating_revenue": 30532, 
        "short_term_average": 37414
    }, 
    {
        "accumulated_operating_revenue_yoy": -18.724526492447854, 
        "accumulated_operating_revenue": 118650, 
        "long_term_average": 73868, 
        "date": "2013-03-31", 
        "operating_revenue": 67057, 
        "short_term_average": 39550
    }, 
    {
        "accumulated_operating_revenue_yoy": 15.542601101890588, 
        "accumulated_operating_revenue": 252709, 
        "long_term_average": 78978, 
        "date": "2013-04-30", 
        "operating_revenue": 134059, 
        "short_term_average": 77216
    }, 
    {
        "accumulated_operating_revenue_yoy": 14.257214896079775, 
        "accumulated_operating_revenue": 382011, 
        "long_term_average": 80118, 
        "date": "2013-05-31", 
        "operating_revenue": 129302, 
        "short_term_average": 110139
    }, 
    {
        "accumulated_operating_revenue_yoy": 4.598294184642524, 
        "accumulated_operating_revenue": 488587, 
        "long_term_average": 77935, 
        "date": "2013-06-30", 
        "operating_revenue": 106576, 
        "short_term_average": 123312
    }, 
    {
        "accumulated_operating_revenue_yoy": 0.6521696491033075, 
        "accumulated_operating_revenue": 615794, 
        "long_term_average": 76478, 
        "date": "2013-07-31", 
        "operating_revenue": 127207, 
        "short_term_average": 121028
    }, 
    {
        "accumulated_operating_revenue_yoy": 2.908732289790673, 
        "accumulated_operating_revenue": 726265, 
        "long_term_average": 77856, 
        "date": "2013-08-31", 
        "operating_revenue": 110471, 
        "short_term_average": 114751
    }, 
    {
        "accumulated_operating_revenue_yoy": 1.1283240441766242, 
        "accumulated_operating_revenue": 786746, 
        "long_term_average": 76877, 
        "date": "2013-09-30", 
        "operating_revenue": 60481, 
        "short_term_average": 99386
    }, 
    {
        "accumulated_operating_revenue_yoy": 1.363445362663934, 
        "accumulated_operating_revenue": 824991, 
        "long_term_average": 77070, 
        "date": "2013-10-31", 
        "operating_revenue": 38245, 
        "short_term_average": 69732
    }, 
    {
        "accumulated_operating_revenue_yoy": 2.73121236524163, 
        "accumulated_operating_revenue": 876401, 
        "long_term_average": 78087, 
        "date": "2013-11-30", 
        "operating_revenue": 51410, 
        "short_term_average": 50045
    }, 
    {
        "accumulated_operating_revenue_yoy": -1.6946629880569213, 
        "accumulated_operating_revenue": 898266, 
        "long_term_average": 74855, 
        "date": "2013-12-31", 
        "operating_revenue": 21865, 
        "short_term_average": 37173
    }, 
    {
        "accumulated_operating_revenue_yoy": -66.65400503299938, 
        "accumulated_operating_revenue": 7023, 
        "long_term_average": 73685, 
        "date": "2014-01-31", 
        "operating_revenue": 7023, 
        "short_term_average": 26766
    }, 
    {
        "accumulated_operating_revenue_yoy": -66.50126955207102, 
        "accumulated_operating_revenue": 17283, 
        "long_term_average": 71996, 
        "date": "2014-02-28", 
        "operating_revenue": 10260, 
        "short_term_average": 13049
    }, 
    {
        "accumulated_operating_revenue_yoy": -77.10745891276865, 
        "accumulated_operating_revenue": 27162, 
        "long_term_average": 67231, 
        "date": "2014-03-31", 
        "operating_revenue": 9879, 
        "short_term_average": 9054
    }, 
    {
        "accumulated_operating_revenue_yoy": -83.1228804672568, 
        "accumulated_operating_revenue": 42650, 
        "long_term_average": 57350, 
        "date": "2014-04-30", 
        "operating_revenue": 15488, 
        "short_term_average": 11875
    }, 
    {
        "accumulated_operating_revenue_yoy": -85.97003751200882, 
        "accumulated_operating_revenue": 53596, 
        "long_term_average": 47487, 
        "date": "2014-05-31", 
        "operating_revenue": 10946, 
        "short_term_average": 12104
    }, 
    {
        "accumulated_operating_revenue_yoy": -87.49536929963342, 
        "accumulated_operating_revenue": 61096, 
        "long_term_average": 39231, 
        "date": "2014-06-30", 
        "operating_revenue": 7500, 
        "short_term_average": 11311
    }, 
    {
        "accumulated_operating_revenue_yoy": -88.3144363212373, 
        "accumulated_operating_revenue": 71959, 
        "long_term_average": 29535, 
        "date": "2014-07-31", 
        "operating_revenue": 10863, 
        "short_term_average": 9769
    }, 
    {
        "accumulated_operating_revenue_yoy": -87.55027434889469, 
        "accumulated_operating_revenue": 90418, 
        "long_term_average": 21868, 
        "date": "2014-08-31", 
        "operating_revenue": 18459, 
        "short_term_average": 12274
    }, 
    {
        "accumulated_operating_revenue_yoy": -87.47067033070394, 
        "accumulated_operating_revenue": 98574, 
        "long_term_average": 17507, 
        "date": "2014-09-30", 
        "operating_revenue": 8156, 
        "short_term_average": 12492
    }, 
    {
        "accumulated_operating_revenue_yoy": -83.8278235762572, 
        "accumulated_operating_revenue": 133419, 
        "long_term_average": 17224, 
        "date": "2014-10-31", 
        "operating_revenue": 34845, 
        "short_term_average": 20486
    }, 
    {
        "accumulated_operating_revenue_yoy": -80.76006303050772, 
        "accumulated_operating_revenue": 168619, 
        "long_term_average": 15873, 
        "date": "2014-11-30", 
        "operating_revenue": 35200, 
        "short_term_average": 26067
    }, 
    {
        "accumulated_operating_revenue_yoy": -76.9275470740293, 
        "accumulated_operating_revenue": 207252, 
        "long_term_average": 17271, 
        "date": "2014-12-31", 
        "operating_revenue": 38633, 
        "short_term_average": 36226
    }, 
    {
        "accumulated_operating_revenue_yoy": 97.32308130428592, 
        "accumulated_operating_revenue": 13858, 
        "long_term_average": 17840, 
        "date": "2015-01-31", 
        "operating_revenue": 13858, 
        "short_term_average": 29230
    }, 
    {
        "accumulated_operating_revenue_yoy": 104.05600879476941, 
        "accumulated_operating_revenue": 35267, 
        "long_term_average": 18769, 
        "date": "2015-02-28", 
        "operating_revenue": 21409, 
        "short_term_average": 24633
    }, 
    {
        "accumulated_operating_revenue_yoy": 124.31706059936676, 
        "accumulated_operating_revenue": 60929, 
        "long_term_average": 20084, 
        "date": "2015-03-31", 
        "operating_revenue": 25662, 
        "short_term_average": 20309
    }, 
    {
        "accumulated_operating_revenue_yoy": 87.30363423212192, 
        "accumulated_operating_revenue": 79885, 
        "long_term_average": 20373, 
        "date": "2015-04-30", 
        "operating_revenue": 18956, 
        "short_term_average": 22009
    }, 
    {
        "accumulated_operating_revenue_yoy": 82.75431002313606, 
        "accumulated_operating_revenue": 97949, 
        "long_term_average": 20967, 
        "date": "2015-05-31", 
        "operating_revenue": 18064, 
        "short_term_average": 20894
    }, 
    {
        "accumulated_operating_revenue_yoy": 88.30692680371874, 
        "accumulated_operating_revenue": 115048, 
        "long_term_average": 21767, 
        "date": "2015-06-30", 
        "operating_revenue": 17099, 
        "short_term_average": 18039
    }, 
    {
        "accumulated_operating_revenue_yoy": 121.46083186258842, 
        "accumulated_operating_revenue": 159361, 
        "long_term_average": 24554, 
        "date": "2015-07-31", 
        "operating_revenue": 44313, 
        "short_term_average": 26492
    }, 
    {
        "accumulated_operating_revenue_yoy": 125.60441505010064, 
        "accumulated_operating_revenue": 203987, 
        "long_term_average": 26735, 
        "date": "2015-08-31", 
        "operating_revenue": 44626, 
        "short_term_average": 35346
    }, 
    {
        "accumulated_operating_revenue_yoy": 153.68657049526243, 
        "accumulated_operating_revenue": 250069, 
        "long_term_average": 29895, 
        "date": "2015-09-30", 
        "operating_revenue": 46082, 
        "short_term_average": 45007
    }
]