[
    {
        "date": "2012-01-31", 
        "operating_revenue": 3872598, 
        "accumulated_operating_revenue": 3872598, 
        "long_term_average": 3872598, 
        "short_term_average": 3872598
    }, 
    {
        "date": "2012-02-29", 
        "operating_revenue": 4357568, 
        "accumulated_operating_revenue": 8230166, 
        "long_term_average": 4115083, 
        "short_term_average": 4115083
    }, 
    {
        "date": "2012-03-31", 
        "operating_revenue": 4939525, 
        "accumulated_operating_revenue": 13169691, 
        "long_term_average": 4389897, 
        "short_term_average": 4389897
    }, 
    {
        "date": "2012-04-30", 
        "operating_revenue": 4650696, 
        "accumulated_operating_revenue": 17820387, 
        "long_term_average": 4455096, 
        "short_term_average": 4649263
    }, 
    {
        "date": "2012-05-31", 
        "operating_revenue": 4505675, 
        "accumulated_operating_revenue": 22326062, 
        "long_term_average": 4465212, 
        "short_term_average": 4698632
    }, 
    {
        "date": "2012-06-30", 
        "operating_revenue": 4309540, 
        "accumulated_operating_revenue": 26635602, 
        "long_term_average": 4439267, 
        "short_term_average": 4488637
    }, 
    {
        "date": "2012-07-31", 
        "operating_revenue": 4174208, 
        "accumulated_operating_revenue": 30809810, 
        "long_term_average": 4401401, 
        "short_term_average": 4329807
    }, 
    {
        "date": "2012-08-31", 
        "operating_revenue": 4120875, 
        "accumulated_operating_revenue": 34930685, 
        "long_term_average": 4366335, 
        "short_term_average": 4201541
    }, 
    {
        "date": "2012-09-30", 
        "operating_revenue": 4010491, 
        "accumulated_operating_revenue": 38941176, 
        "long_term_average": 4326797, 
        "short_term_average": 4101858
    }, 
    {
        "date": "2012-10-31", 
        "operating_revenue": 3895816, 
        "accumulated_operating_revenue": 42836992, 
        "long_term_average": 4283699, 
        "short_term_average": 4009060
    }, 
    {
        "date": "2012-11-30", 
        "operating_revenue": 3804252, 
        "accumulated_operating_revenue": 46641244, 
        "long_term_average": 4240113, 
        "short_term_average": 3903519
    }, 
    {
        "date": "2012-12-31", 
        "operating_revenue": 3623100, 
        "accumulated_operating_revenue": 50264344, 
        "long_term_average": 4188695, 
        "short_term_average": 3774389
    }, 
    {
        "accumulated_operating_revenue_yoy": -1.0082895255329885, 
        "accumulated_operating_revenue": 3833551, 
        "long_term_average": 4185441, 
        "date": "2013-01-31", 
        "operating_revenue": 3833551, 
        "short_term_average": 3753634
    }, 
    {
        "accumulated_operating_revenue_yoy": -10.970495613332707, 
        "accumulated_operating_revenue": 7327276, 
        "long_term_average": 4113454, 
        "date": "2013-02-28", 
        "operating_revenue": 3493725, 
        "short_term_average": 3650125
    }, 
    {
        "accumulated_operating_revenue_yoy": -11.034685627779725, 
        "accumulated_operating_revenue": 11716457, 
        "long_term_average": 4067592, 
        "date": "2013-03-31", 
        "operating_revenue": 4389181, 
        "short_term_average": 3905485
    }, 
    {
        "accumulated_operating_revenue_yoy": -9.385447128617352, 
        "accumulated_operating_revenue": 16147864, 
        "long_term_average": 4049318, 
        "date": "2013-04-30", 
        "operating_revenue": 4431407, 
        "short_term_average": 4104771
    }, 
    {
        "accumulated_operating_revenue_yoy": -8.442017226325001, 
        "accumulated_operating_revenue": 20441292, 
        "long_term_average": 4031631, 
        "date": "2013-05-31", 
        "operating_revenue": 4293428, 
        "short_term_average": 4371338
    }, 
    {
        "accumulated_operating_revenue_yoy": -8.456497435274787, 
        "accumulated_operating_revenue": 24383163, 
        "long_term_average": 4000992, 
        "date": "2013-06-30", 
        "operating_revenue": 3941871, 
        "short_term_average": 4222235
    }, 
    {
        "accumulated_operating_revenue_yoy": -8.448159855578467, 
        "accumulated_operating_revenue": 28206948, 
        "long_term_average": 3971790, 
        "date": "2013-07-31", 
        "operating_revenue": 3823785, 
        "short_term_average": 4019694
    }, 
    {
        "accumulated_operating_revenue_yoy": -8.023750464670245, 
        "accumulated_operating_revenue": 32127934, 
        "long_term_average": 3955132, 
        "date": "2013-08-31", 
        "operating_revenue": 3920986, 
        "short_term_average": 3895547
    }, 
    {
        "accumulated_operating_revenue_yoy": -7.666568672707778, 
        "accumulated_operating_revenue": 35955724, 
        "long_term_average": 3939907, 
        "date": "2013-09-30", 
        "operating_revenue": 3827790, 
        "short_term_average": 3857520
    }, 
    {
        "accumulated_operating_revenue_yoy": -6.961655944469677, 
        "accumulated_operating_revenue": 39854828, 
        "long_term_average": 3940181, 
        "date": "2013-10-31", 
        "operating_revenue": 3899104, 
        "short_term_average": 3882626
    }, 
    {
        "accumulated_operating_revenue_yoy": -6.683685366539538, 
        "accumulated_operating_revenue": 43523890, 
        "long_term_average": 3928915, 
        "date": "2013-11-30", 
        "operating_revenue": 3669062, 
        "short_term_average": 3798652
    }, 
    {
        "accumulated_operating_revenue_yoy": -5.527721599231455, 
        "accumulated_operating_revenue": 47485871, 
        "long_term_average": 3957155, 
        "date": "2013-12-31", 
        "operating_revenue": 3961981, 
        "short_term_average": 3843382
    }, 
    {
        "accumulated_operating_revenue_yoy": 2.1799631725259427, 
        "accumulated_operating_revenue": 3917121, 
        "long_term_average": 3964120, 
        "date": "2014-01-31", 
        "operating_revenue": 3917121, 
        "short_term_average": 3849388
    }, 
    {
        "accumulated_operating_revenue_yoy": 3.0523894555084317, 
        "accumulated_operating_revenue": 7550933, 
        "long_term_average": 3975794, 
        "date": "2014-02-28", 
        "operating_revenue": 3633812, 
        "short_term_average": 3837638
    }, 
    {
        "accumulated_operating_revenue_yoy": 1.791804467852355, 
        "accumulated_operating_revenue": 11926393, 
        "long_term_average": 3974650, 
        "date": "2014-03-31", 
        "operating_revenue": 4375460, 
        "short_term_average": 3975464
    }, 
    {
        "accumulated_operating_revenue_yoy": 1.044924579498564, 
        "accumulated_operating_revenue": 16316597, 
        "long_term_average": 3971217, 
        "date": "2014-04-30", 
        "operating_revenue": 4390204, 
        "short_term_average": 4133158
    }, 
    {
        "accumulated_operating_revenue_yoy": 1.7390730488072867, 
        "accumulated_operating_revenue": 20796781, 
        "long_term_average": 3986780, 
        "date": "2014-05-31", 
        "operating_revenue": 4480184, 
        "short_term_average": 4415282
    }, 
    {
        "accumulated_operating_revenue_yoy": 2.5593234150959003, 
        "accumulated_operating_revenue": 25007207, 
        "long_term_average": 4009159, 
        "date": "2014-06-30", 
        "operating_revenue": 4210426, 
        "short_term_average": 4360271
    }, 
    {
        "accumulated_operating_revenue_yoy": 2.7301677586671196, 
        "accumulated_operating_revenue": 28977045, 
        "long_term_average": 4021330, 
        "date": "2014-07-31", 
        "operating_revenue": 3969838, 
        "short_term_average": 4220149
    }, 
    {
        "accumulated_operating_revenue_yoy": 2.47122955369617, 
        "accumulated_operating_revenue": 32921889, 
        "long_term_average": 4023318, 
        "date": "2014-08-31", 
        "operating_revenue": 3944844, 
        "short_term_average": 4041702
    }, 
    {
        "accumulated_operating_revenue_yoy": 2.4887108378070764, 
        "accumulated_operating_revenue": 36850558, 
        "long_term_average": 4031725, 
        "date": "2014-09-30", 
        "operating_revenue": 3928669, 
        "short_term_average": 3947783
    }, 
    {
        "accumulated_operating_revenue_yoy": 2.6707981276446606, 
        "accumulated_operating_revenue": 40919270, 
        "long_term_average": 4045859, 
        "date": "2014-10-31", 
        "operating_revenue": 4068712, 
        "short_term_average": 3980741
    }, 
    {
        "accumulated_operating_revenue_yoy": 2.308670020074033, 
        "accumulated_operating_revenue": 44528713, 
        "long_term_average": 4040891, 
        "date": "2014-11-30", 
        "operating_revenue": 3609443, 
        "short_term_average": 3868941
    }, 
    {
        "accumulated_operating_revenue_yoy": 1.52958339966008, 
        "accumulated_operating_revenue": 48212207, 
        "long_term_average": 4017683, 
        "date": "2014-12-31", 
        "operating_revenue": 3683494, 
        "short_term_average": 3787216
    }, 
    {
        "accumulated_operating_revenue_yoy": -8.084406889651865, 
        "accumulated_operating_revenue": 3600445, 
        "long_term_average": 3991294, 
        "date": "2015-01-31", 
        "operating_revenue": 3600445, 
        "short_term_average": 3631127
    }, 
    {
        "accumulated_operating_revenue_yoy": -9.5678375109407, 
        "accumulated_operating_revenue": 6828472, 
        "long_term_average": 3957478, 
        "date": "2015-02-28", 
        "operating_revenue": 3228027, 
        "short_term_average": 3503988
    }, 
    {
        "accumulated_operating_revenue_yoy": -7.5524678752410725, 
        "accumulated_operating_revenue": 11025656, 
        "long_term_average": 3942622, 
        "date": "2015-03-31", 
        "operating_revenue": 4197184, 
        "short_term_average": 3675218
    }, 
    {
        "accumulated_operating_revenue_yoy": -7.326919945378315, 
        "accumulated_operating_revenue": 15121093, 
        "long_term_average": 3918058, 
        "date": "2015-04-30", 
        "operating_revenue": 4095437, 
        "short_term_average": 3840216
    }, 
    {
        "accumulated_operating_revenue_yoy": -8.386620025474134, 
        "accumulated_operating_revenue": 19052634, 
        "long_term_average": 3872338, 
        "date": "2015-05-31", 
        "operating_revenue": 3931541, 
        "short_term_average": 4074720
    }, 
    {
        "accumulated_operating_revenue_yoy": -9.519667670204033, 
        "accumulated_operating_revenue": 22626604, 
        "long_term_average": 3819300, 
        "date": "2015-06-30", 
        "operating_revenue": 3573970, 
        "short_term_average": 3866982
    }, 
    {
        "accumulated_operating_revenue_yoy": -10.138145556249784, 
        "accumulated_operating_revenue": 26039310, 
        "long_term_average": 3772872, 
        "date": "2015-07-31", 
        "operating_revenue": 3412706, 
        "short_term_average": 3639405
    }, 
    {
        "accumulated_operating_revenue_yoy": -10.680927209249749, 
        "accumulated_operating_revenue": 29405526, 
        "long_term_average": 3724653, 
        "date": "2015-08-31", 
        "operating_revenue": 3366216, 
        "short_term_average": 3450964
    }
]