[
    {
        "date": "2011-09-30", 
        "operating_revenue": 1939, 
        "accumulated_operating_revenue": 1939, 
        "long_term_average": 1939, 
        "short_term_average": 1939
    }, 
    {
        "date": "2011-10-31", 
        "operating_revenue": 1968, 
        "accumulated_operating_revenue": 3907, 
        "long_term_average": 1953, 
        "short_term_average": 1953
    }, 
    {
        "date": "2011-11-30", 
        "operating_revenue": 1938, 
        "accumulated_operating_revenue": 5845, 
        "long_term_average": 1948, 
        "short_term_average": 1948
    }, 
    {
        "date": "2011-12-31", 
        "operating_revenue": 2100, 
        "accumulated_operating_revenue": 7945, 
        "long_term_average": 1986, 
        "short_term_average": 2002
    }, 
    {
        "date": "2012-01-31", 
        "operating_revenue": 1972, 
        "accumulated_operating_revenue": 1972, 
        "long_term_average": 1983, 
        "short_term_average": 2003
    }, 
    {
        "date": "2012-02-29", 
        "operating_revenue": 2216, 
        "accumulated_operating_revenue": 4188, 
        "long_term_average": 2022, 
        "short_term_average": 2096
    }, 
    {
        "date": "2012-03-31", 
        "operating_revenue": 2116, 
        "accumulated_operating_revenue": 6304, 
        "long_term_average": 2035, 
        "short_term_average": 2101
    }, 
    {
        "date": "2012-04-30", 
        "operating_revenue": 2064, 
        "accumulated_operating_revenue": 8368, 
        "long_term_average": 2039, 
        "short_term_average": 2132
    }, 
    {
        "date": "2012-05-31", 
        "operating_revenue": 2130, 
        "accumulated_operating_revenue": 10498, 
        "long_term_average": 2049, 
        "short_term_average": 2103
    }, 
    {
        "date": "2012-06-30", 
        "operating_revenue": 2075, 
        "accumulated_operating_revenue": 12573, 
        "long_term_average": 2051, 
        "short_term_average": 2089
    }, 
    {
        "date": "2012-07-31", 
        "operating_revenue": 2339, 
        "accumulated_operating_revenue": 14912, 
        "long_term_average": 2077, 
        "short_term_average": 2181
    }, 
    {
        "date": "2012-08-31", 
        "operating_revenue": 1277, 
        "accumulated_operating_revenue": 16189, 
        "long_term_average": 2011, 
        "short_term_average": 1897
    }, 
    {
        "accumulated_operating_revenue_yoy": 796.2351727694687, 
        "accumulated_operating_revenue": 17378, 
        "long_term_average": 1948, 
        "date": "2012-09-30", 
        "operating_revenue": 1189, 
        "short_term_average": 1601
    }, 
    {
        "accumulated_operating_revenue_yoy": 395.98157153826463, 
        "accumulated_operating_revenue": 19378, 
        "long_term_average": 1951, 
        "date": "2012-10-31", 
        "operating_revenue": 2000, 
        "short_term_average": 1488
    }, 
    {
        "accumulated_operating_revenue_yoy": 264.4140290846878, 
        "accumulated_operating_revenue": 21300, 
        "long_term_average": 1950, 
        "date": "2012-11-30", 
        "operating_revenue": 1922, 
        "short_term_average": 1703
    }, 
    {
        "accumulated_operating_revenue_yoy": 191.99496538703588, 
        "accumulated_operating_revenue": 23199, 
        "long_term_average": 1933, 
        "date": "2012-12-31", 
        "operating_revenue": 1899, 
        "short_term_average": 1940
    }, 
    {
        "accumulated_operating_revenue_yoy": 2.839756592292089, 
        "accumulated_operating_revenue": 2028, 
        "long_term_average": 1937, 
        "date": "2013-01-31", 
        "operating_revenue": 2028, 
        "short_term_average": 1949
    }, 
    {
        "accumulated_operating_revenue_yoy": -6.208213944603629, 
        "accumulated_operating_revenue": 3928, 
        "long_term_average": 1911, 
        "date": "2013-02-28", 
        "operating_revenue": 1900, 
        "short_term_average": 1942
    }, 
    {
        "accumulated_operating_revenue_yoy": -6.932106598984772, 
        "accumulated_operating_revenue": 5867, 
        "long_term_average": 1896, 
        "date": "2013-03-31", 
        "operating_revenue": 1939, 
        "short_term_average": 1955
    }, 
    {
        "accumulated_operating_revenue_yoy": -7.540630975143403, 
        "accumulated_operating_revenue": 7737, 
        "long_term_average": 1880, 
        "date": "2013-04-30", 
        "operating_revenue": 1870, 
        "short_term_average": 1903
    }, 
    {
        "accumulated_operating_revenue_yoy": -8.296818441607925, 
        "accumulated_operating_revenue": 9627, 
        "long_term_average": 1860, 
        "date": "2013-05-31", 
        "operating_revenue": 1890, 
        "short_term_average": 1899
    }, 
    {
        "accumulated_operating_revenue_yoy": -7.85810864551022, 
        "accumulated_operating_revenue": 11585, 
        "long_term_average": 1850, 
        "date": "2013-06-30", 
        "operating_revenue": 1958, 
        "short_term_average": 1906
    }, 
    {
        "accumulated_operating_revenue_yoy": -8.798283261802576, 
        "accumulated_operating_revenue": 13600, 
        "long_term_average": 1823, 
        "date": "2013-07-31", 
        "operating_revenue": 2015, 
        "short_term_average": 1954
    }, 
    {
        "accumulated_operating_revenue_yoy": -3.7803446784853914, 
        "accumulated_operating_revenue": 15577, 
        "long_term_average": 1882, 
        "date": "2013-08-31", 
        "operating_revenue": 1977, 
        "short_term_average": 1983
    }, 
    {
        "accumulated_operating_revenue_yoy": 0.9667395557601565, 
        "accumulated_operating_revenue": 17546, 
        "long_term_average": 1947, 
        "date": "2013-09-30", 
        "operating_revenue": 1969, 
        "short_term_average": 1987
    }, 
    {
        "accumulated_operating_revenue_yoy": 0.9134069563422437, 
        "accumulated_operating_revenue": 19555, 
        "long_term_average": 1948, 
        "date": "2013-10-31", 
        "operating_revenue": 2009, 
        "short_term_average": 1985
    }, 
    {
        "accumulated_operating_revenue_yoy": 1.4507042253521127, 
        "accumulated_operating_revenue": 21609, 
        "long_term_average": 1959, 
        "date": "2013-11-30", 
        "operating_revenue": 2054, 
        "short_term_average": 2010
    }, 
    {
        "accumulated_operating_revenue_yoy": 3.185482132850554, 
        "accumulated_operating_revenue": 23938, 
        "long_term_average": 1994, 
        "date": "2013-12-31", 
        "operating_revenue": 2329, 
        "short_term_average": 2130
    }, 
    {
        "accumulated_operating_revenue_yoy": 7.544378698224852, 
        "accumulated_operating_revenue": 2181, 
        "long_term_average": 2007, 
        "date": "2014-01-31", 
        "operating_revenue": 2181, 
        "short_term_average": 2188
    }, 
    {
        "accumulated_operating_revenue_yoy": 9.69959266802444, 
        "accumulated_operating_revenue": 4309, 
        "long_term_average": 2026, 
        "date": "2014-02-28", 
        "operating_revenue": 2128, 
        "short_term_average": 2212
    }, 
    {
        "accumulated_operating_revenue_yoy": 9.050622123742968, 
        "accumulated_operating_revenue": 6398, 
        "long_term_average": 2039, 
        "date": "2014-03-31", 
        "operating_revenue": 2089, 
        "short_term_average": 2132
    }, 
    {
        "accumulated_operating_revenue_yoy": 9.861703502649606, 
        "accumulated_operating_revenue": 8500, 
        "long_term_average": 2058, 
        "date": "2014-04-30", 
        "operating_revenue": 2102, 
        "short_term_average": 2106
    }, 
    {
        "accumulated_operating_revenue_yoy": 10.439389217824868, 
        "accumulated_operating_revenue": 10632, 
        "long_term_average": 2078, 
        "date": "2014-05-31", 
        "operating_revenue": 2132, 
        "short_term_average": 2107
    }, 
    {
        "accumulated_operating_revenue_yoy": 10.289167026327148, 
        "accumulated_operating_revenue": 12777, 
        "long_term_average": 2094, 
        "date": "2014-06-30", 
        "operating_revenue": 2145, 
        "short_term_average": 2126
    }, 
    {
        "accumulated_operating_revenue_yoy": 9.772058823529411, 
        "accumulated_operating_revenue": 14929, 
        "long_term_average": 2105, 
        "date": "2014-07-31", 
        "operating_revenue": 2152, 
        "short_term_average": 2143
    }, 
    {
        "accumulated_operating_revenue_yoy": 9.706618732747, 
        "accumulated_operating_revenue": 17089, 
        "long_term_average": 2120, 
        "date": "2014-08-31", 
        "operating_revenue": 2160, 
        "short_term_average": 2152
    }, 
    {
        "accumulated_operating_revenue_yoy": 12.749344579961244, 
        "accumulated_operating_revenue": 19783, 
        "long_term_average": 2181, 
        "date": "2014-09-30", 
        "operating_revenue": 2694, 
        "short_term_average": 2335
    }, 
    {
        "accumulated_operating_revenue_yoy": 13.214011761697774, 
        "accumulated_operating_revenue": 22139, 
        "long_term_average": 2210, 
        "date": "2014-10-31", 
        "operating_revenue": 2356, 
        "short_term_average": 2403
    }, 
    {
        "accumulated_operating_revenue_yoy": 13.45735573140821, 
        "accumulated_operating_revenue": 24517, 
        "long_term_average": 2237, 
        "date": "2014-11-30", 
        "operating_revenue": 2378, 
        "short_term_average": 2476
    }, 
    {
        "accumulated_operating_revenue_yoy": 12.40287409140279, 
        "accumulated_operating_revenue": 26907, 
        "long_term_average": 2242, 
        "date": "2014-12-31", 
        "operating_revenue": 2390, 
        "short_term_average": 2374
    }, 
    {
        "accumulated_operating_revenue_yoy": 7.977991746905088, 
        "accumulated_operating_revenue": 2355, 
        "long_term_average": 2256, 
        "date": "2015-01-31", 
        "operating_revenue": 2355, 
        "short_term_average": 2374
    }, 
    {
        "accumulated_operating_revenue_yoy": 9.30610350429334, 
        "accumulated_operating_revenue": 4710, 
        "long_term_average": 2275, 
        "date": "2015-02-28", 
        "operating_revenue": 2355, 
        "short_term_average": 2366
    }, 
    {
        "accumulated_operating_revenue_yoy": 11.253516723976242, 
        "accumulated_operating_revenue": 7118, 
        "long_term_average": 2302, 
        "date": "2015-03-31", 
        "operating_revenue": 2408, 
        "short_term_average": 2372
    }, 
    {
        "accumulated_operating_revenue_yoy": 12.729411764705883, 
        "accumulated_operating_revenue": 9582, 
        "long_term_average": 2332, 
        "date": "2015-04-30", 
        "operating_revenue": 2464, 
        "short_term_average": 2409
    }, 
    {
        "accumulated_operating_revenue_yoy": 12.970278404815652, 
        "accumulated_operating_revenue": 12011, 
        "long_term_average": 2357, 
        "date": "2015-05-31", 
        "operating_revenue": 2429, 
        "short_term_average": 2433
    }, 
    {
        "accumulated_operating_revenue_yoy": 14.166079674414963, 
        "accumulated_operating_revenue": 14587, 
        "long_term_average": 2393, 
        "date": "2015-06-30", 
        "operating_revenue": 2576, 
        "short_term_average": 2489
    }, 
    {
        "accumulated_operating_revenue_yoy": 14.321119967847812, 
        "accumulated_operating_revenue": 17067, 
        "long_term_average": 2420, 
        "date": "2015-07-31", 
        "operating_revenue": 2480, 
        "short_term_average": 2495
    }, 
    {
        "accumulated_operating_revenue_yoy": 14.424483585932471, 
        "accumulated_operating_revenue": 19554, 
        "long_term_average": 2447, 
        "date": "2015-08-31", 
        "operating_revenue": 2487, 
        "short_term_average": 2514
    }, 
    {
        "accumulated_operating_revenue_yoy": 11.479553151695901, 
        "accumulated_operating_revenue": 22054, 
        "long_term_average": 2431, 
        "date": "2015-09-30", 
        "operating_revenue": 2500, 
        "short_term_average": 2489
    }
]