[
    {
        "date": "2011-09-30", 
        "operating_revenue": 776, 
        "accumulated_operating_revenue": 776, 
        "long_term_average": 776, 
        "short_term_average": 776
    }, 
    {
        "date": "2011-10-31", 
        "operating_revenue": 842, 
        "accumulated_operating_revenue": 1618, 
        "long_term_average": 809, 
        "short_term_average": 809
    }, 
    {
        "date": "2011-11-30", 
        "operating_revenue": 826, 
        "accumulated_operating_revenue": 2444, 
        "long_term_average": 814, 
        "short_term_average": 814
    }, 
    {
        "date": "2011-12-31", 
        "operating_revenue": 1374906, 
        "accumulated_operating_revenue": 1377350, 
        "long_term_average": 344337, 
        "short_term_average": 458858
    }, 
    {
        "date": "2012-01-31", 
        "operating_revenue": 257, 
        "accumulated_operating_revenue": 257, 
        "long_term_average": 275521, 
        "short_term_average": 458663
    }, 
    {
        "date": "2012-02-29", 
        "operating_revenue": 219, 
        "accumulated_operating_revenue": 476, 
        "long_term_average": 229637, 
        "short_term_average": 458460
    }, 
    {
        "date": "2012-03-31", 
        "operating_revenue": 235, 
        "accumulated_operating_revenue": 711, 
        "long_term_average": 196865, 
        "short_term_average": 237
    }, 
    {
        "date": "2012-04-30", 
        "operating_revenue": 241, 
        "accumulated_operating_revenue": 952, 
        "long_term_average": 172287, 
        "short_term_average": 231
    }, 
    {
        "date": "2012-05-31", 
        "operating_revenue": 236, 
        "accumulated_operating_revenue": 1188, 
        "long_term_average": 153170, 
        "short_term_average": 237
    }, 
    {
        "date": "2012-06-30", 
        "operating_revenue": 247, 
        "accumulated_operating_revenue": 1435, 
        "long_term_average": 137878, 
        "short_term_average": 241
    }, 
    {
        "date": "2012-07-31", 
        "operating_revenue": 261, 
        "accumulated_operating_revenue": 1696, 
        "long_term_average": 125367, 
        "short_term_average": 248
    }, 
    {
        "date": "2012-08-31", 
        "operating_revenue": 276, 
        "accumulated_operating_revenue": 1972, 
        "long_term_average": 114943, 
        "short_term_average": 261
    }, 
    {
        "accumulated_operating_revenue_yoy": 185.6958762886598, 
        "accumulated_operating_revenue": 2217, 
        "long_term_average": 114899, 
        "date": "2012-09-30", 
        "operating_revenue": 245, 
        "short_term_average": 260
    }, 
    {
        "accumulated_operating_revenue_yoy": 51.79233621755254, 
        "accumulated_operating_revenue": 2456, 
        "long_term_average": 114849, 
        "date": "2012-10-31", 
        "operating_revenue": 239, 
        "short_term_average": 253
    }, 
    {
        "accumulated_operating_revenue_yoy": 9.901800327332243, 
        "accumulated_operating_revenue": 2686, 
        "long_term_average": 114799, 
        "date": "2012-11-30", 
        "operating_revenue": 230, 
        "short_term_average": 238
    }, 
    {
        "accumulated_operating_revenue_yoy": -99.6344429520456, 
        "accumulated_operating_revenue": 5035, 
        "long_term_average": 419, 
        "date": "2012-12-31", 
        "operating_revenue": 2349, 
        "short_term_average": 939
    }, 
    {
        "accumulated_operating_revenue_yoy": -18.28793774319066, 
        "accumulated_operating_revenue": 210, 
        "long_term_average": 415, 
        "date": "2013-01-31", 
        "operating_revenue": 210, 
        "short_term_average": 929
    }, 
    {
        "accumulated_operating_revenue_yoy": -14.705882352941178, 
        "accumulated_operating_revenue": 406, 
        "long_term_average": 413, 
        "date": "2013-02-28", 
        "operating_revenue": 196, 
        "short_term_average": 918
    }, 
    {
        "accumulated_operating_revenue_yoy": -15.049226441631506, 
        "accumulated_operating_revenue": 604, 
        "long_term_average": 410, 
        "date": "2013-03-31", 
        "operating_revenue": 198, 
        "short_term_average": 201
    }, 
    {
        "accumulated_operating_revenue_yoy": -15.231092436974789, 
        "accumulated_operating_revenue": 807, 
        "long_term_average": 407, 
        "date": "2013-04-30", 
        "operating_revenue": 203, 
        "short_term_average": 199
    }, 
    {
        "accumulated_operating_revenue_yoy": -14.73063973063973, 
        "accumulated_operating_revenue": 1013, 
        "long_term_average": 405, 
        "date": "2013-05-31", 
        "operating_revenue": 206, 
        "short_term_average": 202
    }, 
    {
        "accumulated_operating_revenue_yoy": -15.121951219512194, 
        "accumulated_operating_revenue": 1218, 
        "long_term_average": 401, 
        "date": "2013-06-30", 
        "operating_revenue": 205, 
        "short_term_average": 204
    }, 
    {
        "accumulated_operating_revenue_yoy": -14.91745283018868, 
        "accumulated_operating_revenue": 1443, 
        "long_term_average": 398, 
        "date": "2013-07-31", 
        "operating_revenue": 225, 
        "short_term_average": 212
    }, 
    {
        "accumulated_operating_revenue_yoy": -15.162271805273834, 
        "accumulated_operating_revenue": 1673, 
        "long_term_average": 394, 
        "date": "2013-08-31", 
        "operating_revenue": 230, 
        "short_term_average": 220
    }, 
    {
        "accumulated_operating_revenue_yoy": -15.516463689670726, 
        "accumulated_operating_revenue": 1873, 
        "long_term_average": 390, 
        "date": "2013-09-30", 
        "operating_revenue": 200, 
        "short_term_average": 218
    }, 
    {
        "accumulated_operating_revenue_yoy": -15.675895765472312, 
        "accumulated_operating_revenue": 2071, 
        "long_term_average": 387, 
        "date": "2013-10-31", 
        "operating_revenue": 198, 
        "short_term_average": 209
    }, 
    {
        "accumulated_operating_revenue_yoy": -16.157855547282203, 
        "accumulated_operating_revenue": 2252, 
        "long_term_average": 383, 
        "date": "2013-11-30", 
        "operating_revenue": 181, 
        "short_term_average": 193
    }, 
    {
        "accumulated_operating_revenue_yoy": 1752.393247269116, 
        "accumulated_operating_revenue": 93268, 
        "long_term_average": 7772, 
        "date": "2013-12-31", 
        "operating_revenue": 91016, 
        "short_term_average": 30465
    }, 
    {
        "accumulated_operating_revenue_yoy": 11332.857142857141, 
        "accumulated_operating_revenue": 24009, 
        "long_term_average": 9755, 
        "date": "2014-01-31", 
        "operating_revenue": 24009, 
        "short_term_average": 38402
    }, 
    {
        "accumulated_operating_revenue_yoy": 5855.911330049261, 
        "accumulated_operating_revenue": 24181, 
        "long_term_average": 9753, 
        "date": "2014-02-28", 
        "operating_revenue": 172, 
        "short_term_average": 38399
    }, 
    {
        "accumulated_operating_revenue_yoy": 7709.602649006622, 
        "accumulated_operating_revenue": 47170, 
        "long_term_average": 11652, 
        "date": "2014-03-31", 
        "operating_revenue": 22989, 
        "short_term_average": 15723
    }, 
    {
        "accumulated_operating_revenue_yoy": 37352.41635687732, 
        "accumulated_operating_revenue": 302241, 
        "long_term_average": 32891, 
        "date": "2014-04-30", 
        "operating_revenue": 255071, 
        "short_term_average": 92744
    }, 
    {
        "accumulated_operating_revenue_yoy": 45757.946692991114, 
        "accumulated_operating_revenue": 464541, 
        "long_term_average": 46399, 
        "date": "2014-05-31", 
        "operating_revenue": 162300, 
        "short_term_average": 146786
    }, 
    {
        "accumulated_operating_revenue_yoy": 82207.88177339901, 
        "accumulated_operating_revenue": 1002510, 
        "long_term_average": 91213, 
        "date": "2014-06-30", 
        "operating_revenue": 537969, 
        "short_term_average": 318446
    }, 
    {
        "accumulated_operating_revenue_yoy": 78923.90852390853, 
        "accumulated_operating_revenue": 1140315, 
        "long_term_average": 102678, 
        "date": "2014-07-31", 
        "operating_revenue": 137805, 
        "short_term_average": 279358
    }, 
    {
        "accumulated_operating_revenue_yoy": 74891.63179916318, 
        "accumulated_operating_revenue": 1254610, 
        "long_term_average": 112183, 
        "date": "2014-08-31", 
        "operating_revenue": 114295, 
        "short_term_average": 263356
    }, 
    {
        "accumulated_operating_revenue_yoy": 73085.53123331553, 
        "accumulated_operating_revenue": 1370765, 
        "long_term_average": 121846, 
        "date": "2014-09-30", 
        "operating_revenue": 116155, 
        "short_term_average": 122751
    }, 
    {
        "accumulated_operating_revenue_yoy": 69359.43988411395, 
        "accumulated_operating_revenue": 1438505, 
        "long_term_average": 127475, 
        "date": "2014-10-31", 
        "operating_revenue": 67740, 
        "short_term_average": 99396
    }, 
    {
        "accumulated_operating_revenue_yoy": 68886.58969804618, 
        "accumulated_operating_revenue": 1553578, 
        "long_term_average": 137049, 
        "date": "2014-11-30", 
        "operating_revenue": 115073, 
        "short_term_average": 99656
    }, 
    {
        "accumulated_operating_revenue_yoy": 1595.4668267787451, 
        "accumulated_operating_revenue": 1581328, 
        "long_term_average": 131777, 
        "date": "2014-12-31", 
        "operating_revenue": 27750, 
        "short_term_average": 70187
    }, 
    {
        "accumulated_operating_revenue_yoy": 18.59302761464451, 
        "accumulated_operating_revenue": 28473, 
        "long_term_average": 132149, 
        "date": "2015-01-31", 
        "operating_revenue": 28473, 
        "short_term_average": 57098
    }, 
    {
        "accumulated_operating_revenue_yoy": 20.24316612216203, 
        "accumulated_operating_revenue": 29076, 
        "long_term_average": 132185, 
        "date": "2015-02-28", 
        "operating_revenue": 603, 
        "short_term_average": 18942
    }, 
    {
        "accumulated_operating_revenue_yoy": 4.810260758956964, 
        "accumulated_operating_revenue": 49439, 
        "long_term_average": 131966, 
        "date": "2015-03-31", 
        "operating_revenue": 20363, 
        "short_term_average": 16479
    }, 
    {
        "accumulated_operating_revenue_yoy": -83.462204002766, 
        "accumulated_operating_revenue": 49984, 
        "long_term_average": 110755, 
        "date": "2015-04-30", 
        "operating_revenue": 545, 
        "short_term_average": 7170
    }, 
    {
        "accumulated_operating_revenue_yoy": -87.08703860369698, 
        "accumulated_operating_revenue": 59986, 
        "long_term_average": 98064, 
        "date": "2015-05-31", 
        "operating_revenue": 10002, 
        "short_term_average": 10303
    }, 
    {
        "accumulated_operating_revenue_yoy": -93.95577101475297, 
        "accumulated_operating_revenue": 60594, 
        "long_term_average": 53284, 
        "date": "2015-06-30", 
        "operating_revenue": 608, 
        "short_term_average": 3718
    }, 
    {
        "accumulated_operating_revenue_yoy": -94.63157110096772, 
        "accumulated_operating_revenue": 61217, 
        "long_term_average": 41852, 
        "date": "2015-07-31", 
        "operating_revenue": 623, 
        "short_term_average": 3744
    }, 
    {
        "accumulated_operating_revenue_yoy": -93.45015582531624, 
        "accumulated_operating_revenue": 82175, 
        "long_term_average": 34074, 
        "date": "2015-08-31", 
        "operating_revenue": 20958, 
        "short_term_average": 7396
    }
]