[
    {
        "date": "2011-09-30", 
        "operating_revenue": 168943, 
        "accumulated_operating_revenue": 168943, 
        "long_term_average": 168943, 
        "short_term_average": 168943
    }, 
    {
        "date": "2011-10-31", 
        "operating_revenue": 133073, 
        "accumulated_operating_revenue": 302016, 
        "long_term_average": 151008, 
        "short_term_average": 151008
    }, 
    {
        "date": "2011-11-30", 
        "operating_revenue": 137395, 
        "accumulated_operating_revenue": 439411, 
        "long_term_average": 146470, 
        "short_term_average": 146470
    }, 
    {
        "date": "2011-12-31", 
        "operating_revenue": 132013, 
        "accumulated_operating_revenue": 571424, 
        "long_term_average": 142856, 
        "short_term_average": 134160
    }, 
    {
        "date": "2012-01-31", 
        "operating_revenue": 104398, 
        "accumulated_operating_revenue": 104398, 
        "long_term_average": 135164, 
        "short_term_average": 124602
    }, 
    {
        "date": "2012-02-29", 
        "operating_revenue": 136986, 
        "accumulated_operating_revenue": 241384, 
        "long_term_average": 135468, 
        "short_term_average": 124465
    }, 
    {
        "date": "2012-03-31", 
        "operating_revenue": 162229, 
        "accumulated_operating_revenue": 403613, 
        "long_term_average": 139291, 
        "short_term_average": 134537
    }, 
    {
        "date": "2012-04-30", 
        "operating_revenue": 142982, 
        "accumulated_operating_revenue": 546595, 
        "long_term_average": 139752, 
        "short_term_average": 147399
    }, 
    {
        "date": "2012-05-31", 
        "operating_revenue": 152975, 
        "accumulated_operating_revenue": 699570, 
        "long_term_average": 141221, 
        "short_term_average": 152728
    }, 
    {
        "date": "2012-06-30", 
        "operating_revenue": 144072, 
        "accumulated_operating_revenue": 843642, 
        "long_term_average": 141506, 
        "short_term_average": 146676
    }, 
    {
        "date": "2012-07-31", 
        "operating_revenue": 143011, 
        "accumulated_operating_revenue": 986653, 
        "long_term_average": 141643, 
        "short_term_average": 146686
    }, 
    {
        "date": "2012-08-31", 
        "operating_revenue": 141251, 
        "accumulated_operating_revenue": 1127904, 
        "long_term_average": 141610, 
        "short_term_average": 142778
    }, 
    {
        "accumulated_operating_revenue_yoy": 645.5810539649468, 
        "accumulated_operating_revenue": 1259607, 
        "long_term_average": 138507, 
        "date": "2012-09-30", 
        "operating_revenue": 131703, 
        "short_term_average": 138655
    }, 
    {
        "accumulated_operating_revenue_yoy": 358.2952558804831, 
        "accumulated_operating_revenue": 1384125, 
        "long_term_average": 137794, 
        "date": "2012-10-31", 
        "operating_revenue": 124518, 
        "short_term_average": 132490
    }, 
    {
        "accumulated_operating_revenue_yoy": 244.06557869511687, 
        "accumulated_operating_revenue": 1511862, 
        "long_term_average": 136989, 
        "date": "2012-11-30", 
        "operating_revenue": 127737, 
        "short_term_average": 127986
    }, 
    {
        "accumulated_operating_revenue_yoy": 186.07881363050905, 
        "accumulated_operating_revenue": 1634723, 
        "long_term_average": 136226, 
        "date": "2012-12-31", 
        "operating_revenue": 122861, 
        "short_term_average": 125038
    }, 
    {
        "accumulated_operating_revenue_yoy": 20.307860303837238, 
        "accumulated_operating_revenue": 125599, 
        "long_term_average": 137993, 
        "date": "2013-01-31", 
        "operating_revenue": 125599, 
        "short_term_average": 125399
    }, 
    {
        "accumulated_operating_revenue_yoy": -11.679315944718788, 
        "accumulated_operating_revenue": 213192, 
        "long_term_average": 133877, 
        "date": "2013-02-28", 
        "operating_revenue": 87593, 
        "short_term_average": 112017
    }, 
    {
        "accumulated_operating_revenue_yoy": -18.28261230436086, 
        "accumulated_operating_revenue": 329822, 
        "long_term_average": 130077, 
        "date": "2013-03-31", 
        "operating_revenue": 116630, 
        "short_term_average": 109940
    }, 
    {
        "accumulated_operating_revenue_yoy": -15.922758166466947, 
        "accumulated_operating_revenue": 459562, 
        "long_term_average": 128974, 
        "date": "2013-04-30", 
        "operating_revenue": 129740, 
        "short_term_average": 111321
    }, 
    {
        "accumulated_operating_revenue_yoy": -17.229297997341224, 
        "accumulated_operating_revenue": 579039, 
        "long_term_average": 126182, 
        "date": "2013-05-31", 
        "operating_revenue": 119477, 
        "short_term_average": 121949
    }, 
    {
        "accumulated_operating_revenue_yoy": -18.565102259015077, 
        "accumulated_operating_revenue": 687019, 
        "long_term_average": 123175, 
        "date": "2013-06-30", 
        "operating_revenue": 107980, 
        "short_term_average": 119065
    }, 
    {
        "accumulated_operating_revenue_yoy": -19.406721512020944, 
        "accumulated_operating_revenue": 795176, 
        "long_term_average": 120270, 
        "date": "2013-07-31", 
        "operating_revenue": 108157, 
        "short_term_average": 111871
    }, 
    {
        "accumulated_operating_revenue_yoy": -19.377269696711778, 
        "accumulated_operating_revenue": 909347, 
        "long_term_average": 118013, 
        "date": "2013-08-31", 
        "operating_revenue": 114171, 
        "short_term_average": 110102
    }, 
    {
        "accumulated_operating_revenue_yoy": -19.10865849427639, 
        "accumulated_operating_revenue": 1018913, 
        "long_term_average": 116169, 
        "date": "2013-09-30", 
        "operating_revenue": 109566, 
        "short_term_average": 110631
    }, 
    {
        "accumulated_operating_revenue_yoy": -17.406809356091394, 
        "accumulated_operating_revenue": 1143193, 
        "long_term_average": 116149, 
        "date": "2013-10-31", 
        "operating_revenue": 124280, 
        "short_term_average": 116005
    }, 
    {
        "accumulated_operating_revenue_yoy": -16.902534755156225, 
        "accumulated_operating_revenue": 1256319, 
        "long_term_average": 114931, 
        "date": "2013-11-30", 
        "operating_revenue": 113126, 
        "short_term_average": 115657
    }, 
    {
        "accumulated_operating_revenue_yoy": -17.356763194743085, 
        "accumulated_operating_revenue": 1350988, 
        "long_term_average": 112582, 
        "date": "2013-12-31", 
        "operating_revenue": 94669, 
        "short_term_average": 110691
    }, 
    {
        "accumulated_operating_revenue_yoy": -22.28361690777793, 
        "accumulated_operating_revenue": 97611, 
        "long_term_average": 110250, 
        "date": "2014-01-31", 
        "operating_revenue": 97611, 
        "short_term_average": 101802
    }, 
    {
        "accumulated_operating_revenue_yoy": -4.015160043528838, 
        "accumulated_operating_revenue": 204632, 
        "long_term_average": 111869, 
        "date": "2014-02-28", 
        "operating_revenue": 107021, 
        "short_term_average": 99767
    }, 
    {
        "accumulated_operating_revenue_yoy": -3.547367974240651, 
        "accumulated_operating_revenue": 318122, 
        "long_term_average": 111607, 
        "date": "2014-03-31", 
        "operating_revenue": 113490, 
        "short_term_average": 106040
    }, 
    {
        "accumulated_operating_revenue_yoy": -8.878453832127112, 
        "accumulated_operating_revenue": 418760, 
        "long_term_average": 109182, 
        "date": "2014-04-30", 
        "operating_revenue": 100638, 
        "short_term_average": 107049
    }, 
    {
        "accumulated_operating_revenue_yoy": -11.12170337403871, 
        "accumulated_operating_revenue": 514640, 
        "long_term_average": 107215, 
        "date": "2014-05-31", 
        "operating_revenue": 95880, 
        "short_term_average": 103336
    }, 
    {
        "accumulated_operating_revenue_yoy": -10.993873531881942, 
        "accumulated_operating_revenue": 611489, 
        "long_term_average": 106288, 
        "date": "2014-06-30", 
        "operating_revenue": 96849, 
        "short_term_average": 97789
    }, 
    {
        "accumulated_operating_revenue_yoy": -11.578443011358491, 
        "accumulated_operating_revenue": 703107, 
        "long_term_average": 104909, 
        "date": "2014-07-31", 
        "operating_revenue": 91618, 
        "short_term_average": 94782
    }, 
    {
        "accumulated_operating_revenue_yoy": -13.54785356964943, 
        "accumulated_operating_revenue": 786150, 
        "long_term_average": 102315, 
        "date": "2014-08-31", 
        "operating_revenue": 83043, 
        "short_term_average": 90503
    }, 
    {
        "accumulated_operating_revenue_yoy": -14.116808795255336, 
        "accumulated_operating_revenue": 875075, 
        "long_term_average": 100595, 
        "date": "2014-09-30", 
        "operating_revenue": 88925, 
        "short_term_average": 87862
    }, 
    {
        "accumulated_operating_revenue_yoy": -17.15300915943327, 
        "accumulated_operating_revenue": 947101, 
        "long_term_average": 96241, 
        "date": "2014-10-31", 
        "operating_revenue": 72026, 
        "short_term_average": 81331
    }, 
    {
        "accumulated_operating_revenue_yoy": -19.090294742020138, 
        "accumulated_operating_revenue": 1016484, 
        "long_term_average": 92596, 
        "date": "2014-11-30", 
        "operating_revenue": 69383, 
        "short_term_average": 76778
    }, 
    {
        "accumulated_operating_revenue_yoy": -19.273968384619256, 
        "accumulated_operating_revenue": 1090599, 
        "long_term_average": 90883, 
        "date": "2014-12-31", 
        "operating_revenue": 74115, 
        "short_term_average": 71841
    }, 
    {
        "accumulated_operating_revenue_yoy": -18.344243988894693, 
        "accumulated_operating_revenue": 79705, 
        "long_term_average": 89391, 
        "date": "2015-01-31", 
        "operating_revenue": 79705, 
        "short_term_average": 74401
    }, 
    {
        "accumulated_operating_revenue_yoy": -14.923374643262049, 
        "accumulated_operating_revenue": 174094, 
        "long_term_average": 88338, 
        "date": "2015-02-28", 
        "operating_revenue": 94389, 
        "short_term_average": 82736
    }, 
    {
        "accumulated_operating_revenue_yoy": -20.754616153551154, 
        "accumulated_operating_revenue": 252097, 
        "long_term_average": 85381, 
        "date": "2015-03-31", 
        "operating_revenue": 78003, 
        "short_term_average": 84032
    }, 
    {
        "accumulated_operating_revenue_yoy": -22.402808291145284, 
        "accumulated_operating_revenue": 324946, 
        "long_term_average": 83065, 
        "date": "2015-04-30", 
        "operating_revenue": 72849, 
        "short_term_average": 81747
    }, 
    {
        "accumulated_operating_revenue_yoy": -26.28730763251982, 
        "accumulated_operating_revenue": 379355, 
        "long_term_average": 79609, 
        "date": "2015-05-31", 
        "operating_revenue": 54409, 
        "short_term_average": 68420
    }, 
    {
        "accumulated_operating_revenue_yoy": -29.40919624065192, 
        "accumulated_operating_revenue": 431655, 
        "long_term_average": 75897, 
        "date": "2015-06-30", 
        "operating_revenue": 52300, 
        "short_term_average": 59852
    }, 
    {
        "accumulated_operating_revenue_yoy": -29.968553861645525, 
        "accumulated_operating_revenue": 492396, 
        "long_term_average": 73324, 
        "date": "2015-07-31", 
        "operating_revenue": 60741, 
        "short_term_average": 55816
    }, 
    {
        "accumulated_operating_revenue_yoy": -29.16657126502576, 
        "accumulated_operating_revenue": 556857, 
        "long_term_average": 71775, 
        "date": "2015-08-31", 
        "operating_revenue": 64461, 
        "short_term_average": 59167
    }
]