[
    {
        "date": "2012-01-31", 
        "operating_revenue": 318, 
        "accumulated_operating_revenue": 318, 
        "long_term_average": 318, 
        "short_term_average": 318
    }, 
    {
        "date": "2012-02-29", 
        "operating_revenue": 12, 
        "accumulated_operating_revenue": 330, 
        "long_term_average": 165, 
        "short_term_average": 165
    }, 
    {
        "date": "2012-04-30", 
        "operating_revenue": 639, 
        "accumulated_operating_revenue": 969, 
        "long_term_average": 323, 
        "short_term_average": 323
    }, 
    {
        "date": "2012-05-31", 
        "operating_revenue": 499, 
        "accumulated_operating_revenue": 1468, 
        "long_term_average": 367, 
        "short_term_average": 383
    }, 
    {
        "date": "2012-06-30", 
        "operating_revenue": 17217, 
        "accumulated_operating_revenue": 18685, 
        "long_term_average": 3737, 
        "short_term_average": 6118
    }, 
    {
        "date": "2012-11-30", 
        "operating_revenue": 188, 
        "accumulated_operating_revenue": 18873, 
        "long_term_average": 3145, 
        "short_term_average": 5968
    }, 
    {
        "date": "2012-12-31", 
        "operating_revenue": 9344, 
        "accumulated_operating_revenue": 28217, 
        "long_term_average": 4031, 
        "short_term_average": 8916
    }, 
    {
        "accumulated_operating_revenue_yoy": 2683.647798742138, 
        "accumulated_operating_revenue": 8852, 
        "long_term_average": 4633, 
        "date": "2013-01-31", 
        "operating_revenue": 8852, 
        "short_term_average": 6128
    }, 
    {
        "accumulated_operating_revenue_yoy": 1219.482288828338, 
        "accumulated_operating_revenue": 19370, 
        "long_term_average": 5287, 
        "date": "2013-05-31", 
        "operating_revenue": 10518, 
        "short_term_average": 9571
    }, 
    {
        "accumulated_operating_revenue_yoy": 103.88546962804388, 
        "accumulated_operating_revenue": 38096, 
        "long_term_average": 6631, 
        "date": "2013-06-30", 
        "operating_revenue": 18726, 
        "short_term_average": 12698
    }, 
    {
        "date": "2013-07-31", 
        "operating_revenue": 11132, 
        "accumulated_operating_revenue": 49228, 
        "long_term_average": 7040, 
        "short_term_average": 13458
    }, 
    {
        "date": "2013-10-31", 
        "operating_revenue": 11686, 
        "accumulated_operating_revenue": 60914, 
        "long_term_average": 7427, 
        "short_term_average": 13848
    }, 
    {
        "date": "2014-03-31", 
        "operating_revenue": 619, 
        "accumulated_operating_revenue": 619, 
        "long_term_average": 7452, 
        "short_term_average": 7812
    }, 
    {
        "date": "2014-09-30", 
        "operating_revenue": 22, 
        "accumulated_operating_revenue": 641, 
        "long_term_average": 7453, 
        "short_term_average": 4109
    }, 
    {
        "accumulated_operating_revenue_yoy": -98.84919722888006, 
        "accumulated_operating_revenue": 701, 
        "long_term_average": 7405, 
        "date": "2014-10-31", 
        "operating_revenue": 60, 
        "short_term_average": 233
    }, 
    {
        "date": "2014-11-30", 
        "operating_revenue": 22, 
        "accumulated_operating_revenue": 723, 
        "long_term_average": 7365, 
        "short_term_average": 34
    }, 
    {
        "date": "2014-12-31", 
        "operating_revenue": 11696, 
        "accumulated_operating_revenue": 12419, 
        "long_term_average": 6905, 
        "short_term_average": 3926
    }, 
    {
        "date": "2015-01-31", 
        "operating_revenue": 4, 
        "accumulated_operating_revenue": 4, 
        "long_term_average": 6890, 
        "short_term_average": 3907
    }, 
    {
        "date": "2015-02-28", 
        "operating_revenue": 11687, 
        "accumulated_operating_revenue": 11691, 
        "long_term_average": 7085, 
        "short_term_average": 7795
    }, 
    {
        "accumulated_operating_revenue_yoy": 3678.6752827140544, 
        "accumulated_operating_revenue": 23390, 
        "long_term_average": 7322, 
        "date": "2015-03-31", 
        "operating_revenue": 11699, 
        "short_term_average": 7796
    }, 
    {
        "date": "2015-04-30", 
        "operating_revenue": 23, 
        "accumulated_operating_revenue": 23413, 
        "long_term_average": 6448, 
        "short_term_average": 7803
    }, 
    {
        "date": "2015-05-31", 
        "operating_revenue": 60, 
        "accumulated_operating_revenue": 23473, 
        "long_term_average": 4892, 
        "short_term_average": 3927
    }, 
    {
        "date": "2015-06-30", 
        "operating_revenue": 21, 
        "accumulated_operating_revenue": 23494, 
        "long_term_average": 3966, 
        "short_term_average": 34
    }, 
    {
        "date": "2015-07-31", 
        "operating_revenue": 30, 
        "accumulated_operating_revenue": 23524, 
        "long_term_average": 2995, 
        "short_term_average": 37
    }, 
    {
        "date": "2015-08-31", 
        "operating_revenue": 16, 
        "accumulated_operating_revenue": 23540, 
        "long_term_average": 2945, 
        "short_term_average": 22
    }
]