[
    {
        "date": "2012-01-31", 
        "operating_revenue": 64196, 
        "accumulated_operating_revenue": 64196, 
        "long_term_average": 64196, 
        "short_term_average": 64196
    }, 
    {
        "date": "2012-02-29", 
        "operating_revenue": 83342, 
        "accumulated_operating_revenue": 147538, 
        "long_term_average": 73769, 
        "short_term_average": 73769
    }, 
    {
        "date": "2012-03-31", 
        "operating_revenue": 67712, 
        "accumulated_operating_revenue": 215250, 
        "long_term_average": 71750, 
        "short_term_average": 71750
    }, 
    {
        "date": "2012-04-30", 
        "operating_revenue": 44769, 
        "accumulated_operating_revenue": 260019, 
        "long_term_average": 65004, 
        "short_term_average": 65274
    }, 
    {
        "date": "2012-05-31", 
        "operating_revenue": 78312, 
        "accumulated_operating_revenue": 338331, 
        "long_term_average": 67666, 
        "short_term_average": 63597
    }, 
    {
        "date": "2012-06-30", 
        "operating_revenue": 60906, 
        "accumulated_operating_revenue": 399237, 
        "long_term_average": 66539, 
        "short_term_average": 61329
    }, 
    {
        "date": "2012-07-31", 
        "operating_revenue": 69465, 
        "accumulated_operating_revenue": 468702, 
        "long_term_average": 66957, 
        "short_term_average": 69561
    }, 
    {
        "date": "2012-08-31", 
        "operating_revenue": 37680, 
        "accumulated_operating_revenue": 506382, 
        "long_term_average": 63297, 
        "short_term_average": 56017
    }, 
    {
        "date": "2012-09-30", 
        "operating_revenue": 52576, 
        "accumulated_operating_revenue": 558958, 
        "long_term_average": 62106, 
        "short_term_average": 53240
    }, 
    {
        "date": "2012-10-31", 
        "operating_revenue": 70310, 
        "accumulated_operating_revenue": 629268, 
        "long_term_average": 62926, 
        "short_term_average": 53522
    }, 
    {
        "date": "2012-11-30", 
        "operating_revenue": 57963, 
        "accumulated_operating_revenue": 687231, 
        "long_term_average": 62475, 
        "short_term_average": 60283
    }, 
    {
        "date": "2012-12-31", 
        "operating_revenue": 52758, 
        "accumulated_operating_revenue": 739989, 
        "long_term_average": 61665, 
        "short_term_average": 60343
    }, 
    {
        "accumulated_operating_revenue_yoy": -29.177830394417096, 
        "accumulated_operating_revenue": 45465, 
        "long_term_average": 60104, 
        "date": "2013-01-31", 
        "operating_revenue": 45465, 
        "short_term_average": 52062
    }, 
    {
        "accumulated_operating_revenue_yoy": -56.93990700700836, 
        "accumulated_operating_revenue": 63530, 
        "long_term_average": 54665, 
        "date": "2013-02-28", 
        "operating_revenue": 18065, 
        "short_term_average": 38762
    }, 
    {
        "accumulated_operating_revenue_yoy": -40.12682926829269, 
        "accumulated_operating_revenue": 128877, 
        "long_term_average": 54468, 
        "date": "2013-03-31", 
        "operating_revenue": 65347, 
        "short_term_average": 42959
    }, 
    {
        "accumulated_operating_revenue_yoy": -32.12496009906968, 
        "accumulated_operating_revenue": 176488, 
        "long_term_average": 54704, 
        "date": "2013-04-30", 
        "operating_revenue": 47611, 
        "short_term_average": 43674
    }, 
    {
        "accumulated_operating_revenue_yoy": -39.330419027520385, 
        "accumulated_operating_revenue": 205264, 
        "long_term_average": 50576, 
        "date": "2013-05-31", 
        "operating_revenue": 28776, 
        "short_term_average": 47244
    }, 
    {
        "accumulated_operating_revenue_yoy": -44.79043776002725, 
        "accumulated_operating_revenue": 220417, 
        "long_term_average": 46764, 
        "date": "2013-06-30", 
        "operating_revenue": 15153, 
        "short_term_average": 30513
    }, 
    {
        "accumulated_operating_revenue_yoy": -46.04759527375603, 
        "accumulated_operating_revenue": 252876, 
        "long_term_average": 43680, 
        "date": "2013-07-31", 
        "operating_revenue": 32459, 
        "short_term_average": 25462
    }, 
    {
        "accumulated_operating_revenue_yoy": -41.64385779905289, 
        "accumulated_operating_revenue": 295505, 
        "long_term_average": 44092, 
        "date": "2013-08-31", 
        "operating_revenue": 42629, 
        "short_term_average": 30080
    }, 
    {
        "accumulated_operating_revenue_yoy": -39.13961335198709, 
        "accumulated_operating_revenue": 340184, 
        "long_term_average": 43434, 
        "date": "2013-09-30", 
        "operating_revenue": 44679, 
        "short_term_average": 39922
    }, 
    {
        "accumulated_operating_revenue_yoy": -40.520255280738894, 
        "accumulated_operating_revenue": 374287, 
        "long_term_average": 40417, 
        "date": "2013-10-31", 
        "operating_revenue": 34103, 
        "short_term_average": 40470
    }, 
    {
        "accumulated_operating_revenue_yoy": -42.70208998138908, 
        "accumulated_operating_revenue": 393769, 
        "long_term_average": 37210, 
        "date": "2013-11-30", 
        "operating_revenue": 19482, 
        "short_term_average": 32754
    }, 
    {
        "accumulated_operating_revenue_yoy": -39.237475151657655, 
        "accumulated_operating_revenue": 449636, 
        "long_term_average": 37469, 
        "date": "2013-12-31", 
        "operating_revenue": 55867, 
        "short_term_average": 36484
    }, 
    {
        "accumulated_operating_revenue_yoy": -58.07104365995821, 
        "accumulated_operating_revenue": 19063, 
        "long_term_average": 35269, 
        "date": "2014-01-31", 
        "operating_revenue": 19063, 
        "short_term_average": 31470
    }, 
    {
        "accumulated_operating_revenue_yoy": -34.072091925074766, 
        "accumulated_operating_revenue": 41884, 
        "long_term_average": 35665, 
        "date": "2014-02-28", 
        "operating_revenue": 22821, 
        "short_term_average": 32583
    }, 
    {
        "accumulated_operating_revenue_yoy": -42.25889801904141, 
        "accumulated_operating_revenue": 74415, 
        "long_term_average": 32931, 
        "date": "2014-03-31", 
        "operating_revenue": 32531, 
        "short_term_average": 24805
    }, 
    {
        "accumulated_operating_revenue_yoy": -38.377113458138794, 
        "accumulated_operating_revenue": 108757, 
        "long_term_average": 31825, 
        "date": "2014-04-30", 
        "operating_revenue": 34342, 
        "short_term_average": 29898
    }, 
    {
        "accumulated_operating_revenue_yoy": -32.3500467690389, 
        "accumulated_operating_revenue": 138861, 
        "long_term_average": 31936, 
        "date": "2014-05-31", 
        "operating_revenue": 30104, 
        "short_term_average": 32325
    }, 
    {
        "accumulated_operating_revenue_yoy": -19.317475512324368, 
        "accumulated_operating_revenue": 177838, 
        "long_term_average": 33921, 
        "date": "2014-06-30", 
        "operating_revenue": 38977, 
        "short_term_average": 34474
    }, 
    {
        "accumulated_operating_revenue_yoy": -12.907511982157263, 
        "accumulated_operating_revenue": 220236, 
        "long_term_average": 34749, 
        "date": "2014-07-31", 
        "operating_revenue": 42398, 
        "short_term_average": 37159
    }, 
    {
        "accumulated_operating_revenue_yoy": -14.741544136309031, 
        "accumulated_operating_revenue": 251943, 
        "long_term_average": 33839, 
        "date": "2014-08-31", 
        "operating_revenue": 31707, 
        "short_term_average": 37694
    }, 
    {
        "accumulated_operating_revenue_yoy": -13.20902805540531, 
        "accumulated_operating_revenue": 295249, 
        "long_term_average": 33725, 
        "date": "2014-09-30", 
        "operating_revenue": 43306, 
        "short_term_average": 39137
    }, 
    {
        "accumulated_operating_revenue_yoy": -9.287258173540625, 
        "accumulated_operating_revenue": 339526, 
        "long_term_average": 34572, 
        "date": "2014-10-31", 
        "operating_revenue": 44277, 
        "short_term_average": 39763
    }, 
    {
        "accumulated_operating_revenue_yoy": -4.366773412838492, 
        "accumulated_operating_revenue": 376574, 
        "long_term_average": 36036, 
        "date": "2014-11-30", 
        "operating_revenue": 37048, 
        "short_term_average": 41543
    }, 
    {
        "accumulated_operating_revenue_yoy": -5.747982812764103, 
        "accumulated_operating_revenue": 423791, 
        "long_term_average": 35315, 
        "date": "2014-12-31", 
        "operating_revenue": 47217, 
        "short_term_average": 42847
    }, 
    {
        "accumulated_operating_revenue_yoy": 90.57860777422232, 
        "accumulated_operating_revenue": 36330, 
        "long_term_average": 36754, 
        "date": "2015-01-31", 
        "operating_revenue": 36330, 
        "short_term_average": 40198
    }, 
    {
        "accumulated_operating_revenue_yoy": 41.87279151943463, 
        "accumulated_operating_revenue": 59422, 
        "long_term_average": 36777, 
        "date": "2015-02-28", 
        "operating_revenue": 23092, 
        "short_term_average": 35546
    }, 
    {
        "accumulated_operating_revenue_yoy": 28.390781428475442, 
        "accumulated_operating_revenue": 95542, 
        "long_term_average": 37076, 
        "date": "2015-03-31", 
        "operating_revenue": 36120, 
        "short_term_average": 31847
    }, 
    {
        "accumulated_operating_revenue_yoy": 6.212933420377539, 
        "accumulated_operating_revenue": 115514, 
        "long_term_average": 35879, 
        "date": "2015-04-30", 
        "operating_revenue": 19972, 
        "short_term_average": 26394
    }, 
    {
        "accumulated_operating_revenue_yoy": 19.785973023383097, 
        "accumulated_operating_revenue": 166336, 
        "long_term_average": 37605, 
        "date": "2015-05-31", 
        "operating_revenue": 50822, 
        "short_term_average": 35638
    }, 
    {
        "accumulated_operating_revenue_yoy": 3.715178983119468, 
        "accumulated_operating_revenue": 184445, 
        "long_term_average": 35866, 
        "date": "2015-06-30", 
        "operating_revenue": 18109, 
        "short_term_average": 29634
    }, 
    {
        "accumulated_operating_revenue_yoy": -0.49991826949272594, 
        "accumulated_operating_revenue": 219135, 
        "long_term_average": 35224, 
        "date": "2015-07-31", 
        "operating_revenue": 34690, 
        "short_term_average": 34540
    }, 
    {
        "accumulated_operating_revenue_yoy": -4.3541594725791155, 
        "accumulated_operating_revenue": 240973, 
        "long_term_average": 34401, 
        "date": "2015-08-31", 
        "operating_revenue": 21838, 
        "short_term_average": 24879
    }, 
    {
        "accumulated_operating_revenue_yoy": -9.76260715531636, 
        "accumulated_operating_revenue": 266425, 
        "long_term_average": 32913, 
        "date": "2015-09-30", 
        "operating_revenue": 25452, 
        "short_term_average": 27326
    }
]