[
    {
        "date": "2011-09-30", 
        "operating_revenue": 2470003, 
        "accumulated_operating_revenue": 2470003, 
        "long_term_average": 2470003, 
        "short_term_average": 2470003
    }, 
    {
        "date": "2011-10-31", 
        "operating_revenue": 1761943, 
        "accumulated_operating_revenue": 4231946, 
        "long_term_average": 2115973, 
        "short_term_average": 2115973
    }, 
    {
        "date": "2011-11-30", 
        "operating_revenue": 1831243, 
        "accumulated_operating_revenue": 6063189, 
        "long_term_average": 2021063, 
        "short_term_average": 2021063
    }, 
    {
        "date": "2011-12-31", 
        "operating_revenue": 1942197, 
        "accumulated_operating_revenue": 8005386, 
        "long_term_average": 2001346, 
        "short_term_average": 1845127
    }, 
    {
        "date": "2012-01-31", 
        "operating_revenue": 1404892, 
        "accumulated_operating_revenue": 1404892, 
        "long_term_average": 1882055, 
        "short_term_average": 1726110
    }, 
    {
        "date": "2012-02-29", 
        "operating_revenue": 2055610, 
        "accumulated_operating_revenue": 3460502, 
        "long_term_average": 1910981, 
        "short_term_average": 1800899
    }, 
    {
        "date": "2012-03-31", 
        "operating_revenue": 1909158, 
        "accumulated_operating_revenue": 5369660, 
        "long_term_average": 1910720, 
        "short_term_average": 1789886
    }, 
    {
        "date": "2012-04-30", 
        "operating_revenue": 1851133, 
        "accumulated_operating_revenue": 7220793, 
        "long_term_average": 1903272, 
        "short_term_average": 1938633
    }, 
    {
        "date": "2012-05-31", 
        "operating_revenue": 1914607, 
        "accumulated_operating_revenue": 9135400, 
        "long_term_average": 1904531, 
        "short_term_average": 1891632
    }, 
    {
        "date": "2012-06-30", 
        "operating_revenue": 1678850, 
        "accumulated_operating_revenue": 10814250, 
        "long_term_average": 1881963, 
        "short_term_average": 1814863
    }, 
    {
        "date": "2012-07-31", 
        "operating_revenue": 1757467, 
        "accumulated_operating_revenue": 12571717, 
        "long_term_average": 1870645, 
        "short_term_average": 1783641
    }, 
    {
        "date": "2012-08-31", 
        "operating_revenue": 1984705, 
        "accumulated_operating_revenue": 14556422, 
        "long_term_average": 1880150, 
        "short_term_average": 1807007
    }, 
    {
        "accumulated_operating_revenue_yoy": 562.5548228079075, 
        "accumulated_operating_revenue": 16365124, 
        "long_term_average": 1825042, 
        "date": "2012-09-30", 
        "operating_revenue": 1808702, 
        "short_term_average": 1850291
    }, 
    {
        "accumulated_operating_revenue_yoy": 330.37869575840523, 
        "accumulated_operating_revenue": 18213394, 
        "long_term_average": 1832236, 
        "date": "2012-10-31", 
        "operating_revenue": 1848270, 
        "short_term_average": 1880559
    }, 
    {
        "accumulated_operating_revenue_yoy": 230.30082024492393, 
        "accumulated_operating_revenue": 20026763, 
        "long_term_average": 1830746, 
        "date": "2012-11-30", 
        "operating_revenue": 1813369, 
        "short_term_average": 1823447
    }, 
    {
        "accumulated_operating_revenue_yoy": 172.79545296129382, 
        "accumulated_operating_revenue": 21838329, 
        "long_term_average": 1819860, 
        "date": "2012-12-31", 
        "operating_revenue": 1811566, 
        "short_term_average": 1824401
    }, 
    {
        "accumulated_operating_revenue_yoy": 36.135375530645774, 
        "accumulated_operating_revenue": 1912555, 
        "long_term_average": 1862166, 
        "date": "2013-01-31", 
        "operating_revenue": 1912555, 
        "short_term_average": 1845830
    }, 
    {
        "accumulated_operating_revenue_yoy": -1.9632411713676226, 
        "accumulated_operating_revenue": 3392564, 
        "long_term_average": 1814199, 
        "date": "2013-02-28", 
        "operating_revenue": 1480009, 
        "short_term_average": 1734710
    }, 
    {
        "accumulated_operating_revenue_yoy": -4.8832886998431935, 
        "accumulated_operating_revenue": 5107444, 
        "long_term_average": 1798009, 
        "date": "2013-03-31", 
        "operating_revenue": 1714880, 
        "short_term_average": 1702481
    }, 
    {
        "accumulated_operating_revenue_yoy": -3.11107104164321, 
        "accumulated_operating_revenue": 6996149, 
        "long_term_average": 1801140, 
        "date": "2013-04-30", 
        "operating_revenue": 1888705, 
        "short_term_average": 1694531
    }, 
    {
        "accumulated_operating_revenue_yoy": -1.9087067889747578, 
        "accumulated_operating_revenue": 8961032, 
        "long_term_average": 1805330, 
        "date": "2013-05-31", 
        "operating_revenue": 1964883, 
        "short_term_average": 1856156
    }, 
    {
        "accumulated_operating_revenue_yoy": -1.7660494255265045, 
        "accumulated_operating_revenue": 10623265, 
        "long_term_average": 1803945, 
        "date": "2013-06-30", 
        "operating_revenue": 1662233, 
        "short_term_average": 1838607
    }, 
    {
        "accumulated_operating_revenue_yoy": 0.339285397531618, 
        "accumulated_operating_revenue": 12614371, 
        "long_term_average": 1823415, 
        "date": "2013-07-31", 
        "operating_revenue": 1991106, 
        "short_term_average": 1872740
    }, 
    {
        "accumulated_operating_revenue_yoy": 0.07383682611015262, 
        "accumulated_operating_revenue": 14567170, 
        "long_term_average": 1820756, 
        "date": "2013-08-31", 
        "operating_revenue": 1952799, 
        "short_term_average": 1868712
    }, 
    {
        "accumulated_operating_revenue_yoy": -0.010057974507250907, 
        "accumulated_operating_revenue": 16363478, 
        "long_term_average": 1819723, 
        "date": "2013-09-30", 
        "operating_revenue": 1796308, 
        "short_term_average": 1913404
    }, 
    {
        "accumulated_operating_revenue_yoy": -0.02006215865093568, 
        "accumulated_operating_revenue": 18209740, 
        "long_term_average": 1819556, 
        "date": "2013-10-31", 
        "operating_revenue": 1846262, 
        "short_term_average": 1865123
    }, 
    {
        "accumulated_operating_revenue_yoy": -0.5786257120034826, 
        "accumulated_operating_revenue": 19910883, 
        "long_term_average": 1810204, 
        "date": "2013-11-30", 
        "operating_revenue": 1701143, 
        "short_term_average": 1781237
    }, 
    {
        "accumulated_operating_revenue_yoy": -1.3235353309312266, 
        "accumulated_operating_revenue": 21549291, 
        "long_term_average": 1795774, 
        "date": "2013-12-31", 
        "operating_revenue": 1638408, 
        "short_term_average": 1728604
    }, 
    {
        "accumulated_operating_revenue_yoy": -28.917442897067012, 
        "accumulated_operating_revenue": 1359493, 
        "long_term_average": 1749685, 
        "date": "2014-01-31", 
        "operating_revenue": 1359493, 
        "short_term_average": 1566348
    }, 
    {
        "accumulated_operating_revenue_yoy": -13.481661657672486, 
        "accumulated_operating_revenue": 2935190, 
        "long_term_average": 1757659, 
        "date": "2014-02-28", 
        "operating_revenue": 1575697, 
        "short_term_average": 1524532
    }, 
    {
        "accumulated_operating_revenue_yoy": -10.681605123815356, 
        "accumulated_operating_revenue": 4561887, 
        "long_term_average": 1750311, 
        "date": "2014-03-31", 
        "operating_revenue": 1626697, 
        "short_term_average": 1520629
    }, 
    {
        "accumulated_operating_revenue_yoy": -9.131752339751484, 
        "accumulated_operating_revenue": 6357278, 
        "long_term_average": 1742535, 
        "date": "2014-04-30", 
        "operating_revenue": 1795391, 
        "short_term_average": 1665928
    }, 
    {
        "accumulated_operating_revenue_yoy": -9.653943876107126, 
        "accumulated_operating_revenue": 8095939, 
        "long_term_average": 1723683, 
        "date": "2014-05-31", 
        "operating_revenue": 1738661, 
        "short_term_average": 1720249
    }, 
    {
        "accumulated_operating_revenue_yoy": -7.738440112338345, 
        "accumulated_operating_revenue": 9801190, 
        "long_term_average": 1727268, 
        "date": "2014-06-30", 
        "operating_revenue": 1705251, 
        "short_term_average": 1746434
    }, 
    {
        "accumulated_operating_revenue_yoy": -7.05655478184366, 
        "accumulated_operating_revenue": 11724231, 
        "long_term_average": 1721595, 
        "date": "2014-07-31", 
        "operating_revenue": 1923041, 
        "short_term_average": 1788984
    }, 
    {
        "accumulated_operating_revenue_yoy": -6.6123687716969055, 
        "accumulated_operating_revenue": 13603935, 
        "long_term_average": 1715504, 
        "date": "2014-08-31", 
        "operating_revenue": 1879704, 
        "short_term_average": 1835998
    }, 
    {
        "accumulated_operating_revenue_yoy": -6.60635837931276, 
        "accumulated_operating_revenue": 15282448, 
        "long_term_average": 1705688, 
        "date": "2014-09-30", 
        "operating_revenue": 1678513, 
        "short_term_average": 1827086
    }, 
    {
        "accumulated_operating_revenue_yoy": -5.728643022909718, 
        "accumulated_operating_revenue": 17166569, 
        "long_term_average": 1708843, 
        "date": "2014-10-31", 
        "operating_revenue": 1884121, 
        "short_term_average": 1814112
    }, 
    {
        "accumulated_operating_revenue_yoy": -4.803915527000988, 
        "accumulated_operating_revenue": 18954381, 
        "long_term_average": 1716065, 
        "date": "2014-11-30", 
        "operating_revenue": 1787812, 
        "short_term_average": 1783482
    }, 
    {
        "accumulated_operating_revenue_yoy": -3.4408835074898754, 
        "accumulated_operating_revenue": 20807805, 
        "long_term_average": 1733983, 
        "date": "2014-12-31", 
        "operating_revenue": 1853424, 
        "short_term_average": 1841785
    }, 
    {
        "accumulated_operating_revenue_yoy": 37.73002141239418, 
        "accumulated_operating_revenue": 1872430, 
        "long_term_average": 1776728, 
        "date": "2015-01-31", 
        "operating_revenue": 1872430, 
        "short_term_average": 1837888
    }, 
    {
        "accumulated_operating_revenue_yoy": 10.358443576054702, 
        "accumulated_operating_revenue": 3239230, 
        "long_term_average": 1759320, 
        "date": "2015-02-28", 
        "operating_revenue": 1366800, 
        "short_term_average": 1697551
    }, 
    {
        "accumulated_operating_revenue_yoy": 15.725268951203745, 
        "accumulated_operating_revenue": 5279256, 
        "long_term_average": 1793764, 
        "date": "2015-03-31", 
        "operating_revenue": 2040026, 
        "short_term_average": 1759752
    }, 
    {
        "accumulated_operating_revenue_yoy": 12.94970897922035, 
        "accumulated_operating_revenue": 7180527, 
        "long_term_average": 1802587, 
        "date": "2015-04-30", 
        "operating_revenue": 1901271, 
        "short_term_average": 1769365
    }, 
    {
        "accumulated_operating_revenue_yoy": 13.63831916223677, 
        "accumulated_operating_revenue": 9200089, 
        "long_term_average": 1825996, 
        "date": "2015-05-31", 
        "operating_revenue": 2019562, 
        "short_term_average": 1986953
    }, 
    {
        "accumulated_operating_revenue_yoy": 14.724722202099949, 
        "accumulated_operating_revenue": 11244388, 
        "long_term_average": 1854250, 
        "date": "2015-06-30", 
        "operating_revenue": 2044299, 
        "short_term_average": 1988377
    }, 
    {
        "accumulated_operating_revenue_yoy": 12.010160836987945, 
        "accumulated_operating_revenue": 13132330, 
        "long_term_average": 1851325, 
        "date": "2015-07-31", 
        "operating_revenue": 1887942, 
        "short_term_average": 1983934
    }, 
    {
        "accumulated_operating_revenue_yoy": 9.471215497574782, 
        "accumulated_operating_revenue": 14892393, 
        "long_term_average": 1841355, 
        "date": "2015-08-31", 
        "operating_revenue": 1760063, 
        "short_term_average": 1897434
    }, 
    {
        "accumulated_operating_revenue_yoy": 9.092790631448574, 
        "accumulated_operating_revenue": 16672049, 
        "long_term_average": 1849783, 
        "date": "2015-09-30", 
        "operating_revenue": 1779656, 
        "short_term_average": 1809220
    }
]