[
    {
        "date": "2012-01-31", 
        "operating_revenue": 114077, 
        "accumulated_operating_revenue": 114077, 
        "long_term_average": 114077, 
        "short_term_average": 114077
    }, 
    {
        "date": "2012-02-29", 
        "operating_revenue": 143164, 
        "accumulated_operating_revenue": 257241, 
        "long_term_average": 128620, 
        "short_term_average": 128620
    }, 
    {
        "date": "2012-03-31", 
        "operating_revenue": 156484, 
        "accumulated_operating_revenue": 413725, 
        "long_term_average": 137908, 
        "short_term_average": 137908
    }, 
    {
        "date": "2012-04-30", 
        "operating_revenue": 143913, 
        "accumulated_operating_revenue": 557638, 
        "long_term_average": 139409, 
        "short_term_average": 147853
    }, 
    {
        "date": "2012-05-31", 
        "operating_revenue": 126021, 
        "accumulated_operating_revenue": 683659, 
        "long_term_average": 136731, 
        "short_term_average": 142139
    }, 
    {
        "date": "2012-06-30", 
        "operating_revenue": 120496, 
        "accumulated_operating_revenue": 804155, 
        "long_term_average": 134025, 
        "short_term_average": 130143
    }, 
    {
        "date": "2012-07-31", 
        "operating_revenue": 139405, 
        "accumulated_operating_revenue": 943560, 
        "long_term_average": 134794, 
        "short_term_average": 128640
    }, 
    {
        "date": "2012-08-31", 
        "operating_revenue": 136637, 
        "accumulated_operating_revenue": 1080197, 
        "long_term_average": 135024, 
        "short_term_average": 132179
    }, 
    {
        "date": "2012-09-30", 
        "operating_revenue": 116194, 
        "accumulated_operating_revenue": 1196391, 
        "long_term_average": 132932, 
        "short_term_average": 130745
    }, 
    {
        "date": "2012-10-31", 
        "operating_revenue": 134623, 
        "accumulated_operating_revenue": 1331014, 
        "long_term_average": 133101, 
        "short_term_average": 129151
    }, 
    {
        "date": "2012-11-30", 
        "operating_revenue": 138019, 
        "accumulated_operating_revenue": 1469033, 
        "long_term_average": 133548, 
        "short_term_average": 129612
    }, 
    {
        "date": "2012-12-31", 
        "operating_revenue": 123973, 
        "accumulated_operating_revenue": 1593006, 
        "long_term_average": 132750, 
        "short_term_average": 132205
    }, 
    {
        "accumulated_operating_revenue_yoy": 12.17247999158463, 
        "accumulated_operating_revenue": 127963, 
        "long_term_average": 133907, 
        "date": "2013-01-31", 
        "operating_revenue": 127963, 
        "short_term_average": 129985
    }, 
    {
        "accumulated_operating_revenue_yoy": -17.844744811285913, 
        "accumulated_operating_revenue": 211337, 
        "long_term_average": 128925, 
        "date": "2013-02-28", 
        "operating_revenue": 83374, 
        "short_term_average": 111770
    }, 
    {
        "accumulated_operating_revenue_yoy": -21.244546498277842, 
        "accumulated_operating_revenue": 325831, 
        "long_term_average": 125426, 
        "date": "2013-03-31", 
        "operating_revenue": 114494, 
        "short_term_average": 108610
    }, 
    {
        "accumulated_operating_revenue_yoy": -21.22882586911222, 
        "accumulated_operating_revenue": 439258, 
        "long_term_average": 122885, 
        "date": "2013-04-30", 
        "operating_revenue": 113427, 
        "short_term_average": 103765
    }, 
    {
        "accumulated_operating_revenue_yoy": -18.71839615948887, 
        "accumulated_operating_revenue": 555689, 
        "long_term_average": 122086, 
        "date": "2013-05-31", 
        "operating_revenue": 116431, 
        "short_term_average": 114784
    }, 
    {
        "accumulated_operating_revenue_yoy": -19.274642326417172, 
        "accumulated_operating_revenue": 649157, 
        "long_term_average": 119834, 
        "date": "2013-06-30", 
        "operating_revenue": 93468, 
        "short_term_average": 107775
    }, 
    {
        "accumulated_operating_revenue_yoy": -20.73434651744457, 
        "accumulated_operating_revenue": 747919, 
        "long_term_average": 116447, 
        "date": "2013-07-31", 
        "operating_revenue": 98762, 
        "short_term_average": 102887
    }, 
    {
        "accumulated_operating_revenue_yoy": -19.500146732494166, 
        "accumulated_operating_revenue": 869557, 
        "long_term_average": 115197, 
        "date": "2013-08-31", 
        "operating_revenue": 121638, 
        "short_term_average": 104622
    }, 
    {
        "accumulated_operating_revenue_yoy": -17.673904267083255, 
        "accumulated_operating_revenue": 984942, 
        "long_term_average": 115129, 
        "date": "2013-09-30", 
        "operating_revenue": 115385, 
        "short_term_average": 111928
    }, 
    {
        "accumulated_operating_revenue_yoy": -17.446022355888065, 
        "accumulated_operating_revenue": 1098805, 
        "long_term_average": 113399, 
        "date": "2013-10-31", 
        "operating_revenue": 113863, 
        "short_term_average": 116962
    }, 
    {
        "accumulated_operating_revenue_yoy": -18.46125989000928, 
        "accumulated_operating_revenue": 1197831, 
        "long_term_average": 110150, 
        "date": "2013-11-30", 
        "operating_revenue": 99026, 
        "short_term_average": 109424
    }, 
    {
        "accumulated_operating_revenue_yoy": -16.479473398091407, 
        "accumulated_operating_revenue": 1330487, 
        "long_term_average": 110873, 
        "date": "2013-12-31", 
        "operating_revenue": 132656, 
        "short_term_average": 115181
    }, 
    {
        "accumulated_operating_revenue_yoy": -18.783554621257707, 
        "accumulated_operating_revenue": 103927, 
        "long_term_average": 108870, 
        "date": "2014-01-31", 
        "operating_revenue": 103927, 
        "short_term_average": 111869
    }, 
    {
        "accumulated_operating_revenue_yoy": -5.317573354405523, 
        "accumulated_operating_revenue": 200099, 
        "long_term_average": 109937, 
        "date": "2014-02-28", 
        "operating_revenue": 96172, 
        "short_term_average": 110918
    }, 
    {
        "accumulated_operating_revenue_yoy": 1.8911644380062056, 
        "accumulated_operating_revenue": 331993, 
        "long_term_average": 111387, 
        "date": "2014-03-31", 
        "operating_revenue": 131894, 
        "short_term_average": 110664
    }, 
    {
        "accumulated_operating_revenue_yoy": 1.2671368535120588, 
        "accumulated_operating_revenue": 444824, 
        "long_term_average": 111337, 
        "date": "2014-04-30", 
        "operating_revenue": 112831, 
        "short_term_average": 113632
    }, 
    {
        "accumulated_operating_revenue_yoy": -1.9309361891273715, 
        "accumulated_operating_revenue": 544959, 
        "long_term_average": 109979, 
        "date": "2014-05-31", 
        "operating_revenue": 100135, 
        "short_term_average": 114953
    }, 
    {
        "accumulated_operating_revenue_yoy": -0.2575648109779298, 
        "accumulated_operating_revenue": 647485, 
        "long_term_average": 110734, 
        "date": "2014-06-30", 
        "operating_revenue": 102526, 
        "short_term_average": 105164
    }, 
    {
        "accumulated_operating_revenue_yoy": 6.026855849363367, 
        "accumulated_operating_revenue": 792995, 
        "long_term_average": 114630, 
        "date": "2014-07-31", 
        "operating_revenue": 145510, 
        "short_term_average": 116057
    }, 
    {
        "accumulated_operating_revenue_yoy": 9.816147762596357, 
        "accumulated_operating_revenue": 954914, 
        "long_term_average": 117987, 
        "date": "2014-08-31", 
        "operating_revenue": 161919, 
        "short_term_average": 136651
    }, 
    {
        "accumulated_operating_revenue_yoy": 14.405112179194306, 
        "accumulated_operating_revenue": 1126824, 
        "long_term_average": 122697, 
        "date": "2014-09-30", 
        "operating_revenue": 171910, 
        "short_term_average": 159779
    }, 
    {
        "accumulated_operating_revenue_yoy": 19.332638639249, 
        "accumulated_operating_revenue": 1311233, 
        "long_term_average": 128576, 
        "date": "2014-10-31", 
        "operating_revenue": 184409, 
        "short_term_average": 172746
    }, 
    {
        "accumulated_operating_revenue_yoy": 23.019524457122916, 
        "accumulated_operating_revenue": 1473566, 
        "long_term_average": 133851, 
        "date": "2014-11-30", 
        "operating_revenue": 162333, 
        "short_term_average": 172884
    }, 
    {
        "accumulated_operating_revenue_yoy": 25.16830303490376, 
        "accumulated_operating_revenue": 1665348, 
        "long_term_average": 138779, 
        "date": "2014-12-31", 
        "operating_revenue": 191782, 
        "short_term_average": 179508
    }, 
    {
        "accumulated_operating_revenue_yoy": 68.09491277531345, 
        "accumulated_operating_revenue": 174696, 
        "long_term_average": 144676, 
        "date": "2015-01-31", 
        "operating_revenue": 174696, 
        "short_term_average": 176270
    }, 
    {
        "accumulated_operating_revenue_yoy": 42.438992698614186, 
        "accumulated_operating_revenue": 285019, 
        "long_term_average": 145855, 
        "date": "2015-02-28", 
        "operating_revenue": 110323, 
        "short_term_average": 158933
    }, 
    {
        "accumulated_operating_revenue_yoy": 47.12780088736811, 
        "accumulated_operating_revenue": 488454, 
        "long_term_average": 151817, 
        "date": "2015-03-31", 
        "operating_revenue": 203435, 
        "short_term_average": 162818
    }, 
    {
        "accumulated_operating_revenue_yoy": 46.67981044188263, 
        "accumulated_operating_revenue": 652467, 
        "long_term_average": 156082, 
        "date": "2015-04-30", 
        "operating_revenue": 164013, 
        "short_term_average": 159257
    }, 
    {
        "accumulated_operating_revenue_yoy": 47.42228314423654, 
        "accumulated_operating_revenue": 803391, 
        "long_term_average": 160315, 
        "date": "2015-05-31", 
        "operating_revenue": 150924, 
        "short_term_average": 172790
    }, 
    {
        "accumulated_operating_revenue_yoy": 47.0304331374472, 
        "accumulated_operating_revenue": 952000, 
        "long_term_average": 164155, 
        "date": "2015-06-30", 
        "operating_revenue": 148609, 
        "short_term_average": 154515
    }, 
    {
        "accumulated_operating_revenue_yoy": 37.312088979123445, 
        "accumulated_operating_revenue": 1088878, 
        "long_term_average": 163435, 
        "date": "2015-07-31", 
        "operating_revenue": 136878, 
        "short_term_average": 145470
    }, 
    {
        "accumulated_operating_revenue_yoy": 29.85169345092856, 
        "accumulated_operating_revenue": 1239972, 
        "long_term_average": 162533, 
        "date": "2015-08-31", 
        "operating_revenue": 151094, 
        "short_term_average": 145527
    }, 
    {
        "accumulated_operating_revenue_yoy": 25.296142077201054, 
        "accumulated_operating_revenue": 1411867, 
        "long_term_average": 162532, 
        "date": "2015-09-30", 
        "operating_revenue": 171895, 
        "short_term_average": 153289
    }
]