[
    {
        "date": "2012-01-31", 
        "operating_revenue": 65519, 
        "accumulated_operating_revenue": 65519, 
        "long_term_average": 65519, 
        "short_term_average": 65519
    }, 
    {
        "date": "2012-02-29", 
        "operating_revenue": 123627, 
        "accumulated_operating_revenue": 189146, 
        "long_term_average": 94573, 
        "short_term_average": 94573
    }, 
    {
        "date": "2012-03-31", 
        "operating_revenue": 393231, 
        "accumulated_operating_revenue": 582377, 
        "long_term_average": 194125, 
        "short_term_average": 194125
    }, 
    {
        "date": "2012-04-30", 
        "operating_revenue": 267173, 
        "accumulated_operating_revenue": 849550, 
        "long_term_average": 212387, 
        "short_term_average": 261343
    }, 
    {
        "date": "2012-05-31", 
        "operating_revenue": 85754, 
        "accumulated_operating_revenue": 935304, 
        "long_term_average": 187060, 
        "short_term_average": 248719
    }, 
    {
        "date": "2012-06-30", 
        "operating_revenue": 47397, 
        "accumulated_operating_revenue": 982701, 
        "long_term_average": 163783, 
        "short_term_average": 133441
    }, 
    {
        "date": "2012-07-31", 
        "operating_revenue": 36124, 
        "accumulated_operating_revenue": 1018825, 
        "long_term_average": 145546, 
        "short_term_average": 56425
    }, 
    {
        "date": "2012-08-31", 
        "operating_revenue": 22418, 
        "accumulated_operating_revenue": 1041243, 
        "long_term_average": 130155, 
        "short_term_average": 35313
    }, 
    {
        "date": "2012-09-30", 
        "operating_revenue": 69973, 
        "accumulated_operating_revenue": 1111216, 
        "long_term_average": 123468, 
        "short_term_average": 42838
    }, 
    {
        "date": "2012-10-31", 
        "operating_revenue": 90167, 
        "accumulated_operating_revenue": 1201383, 
        "long_term_average": 120138, 
        "short_term_average": 60852
    }, 
    {
        "date": "2012-11-30", 
        "operating_revenue": 44872, 
        "accumulated_operating_revenue": 1246255, 
        "long_term_average": 113295, 
        "short_term_average": 68337
    }, 
    {
        "date": "2012-12-31", 
        "operating_revenue": 34241, 
        "accumulated_operating_revenue": 1280496, 
        "long_term_average": 106708, 
        "short_term_average": 56426
    }, 
    {
        "accumulated_operating_revenue_yoy": -46.102657244463444, 
        "accumulated_operating_revenue": 35313, 
        "long_term_average": 104190, 
        "date": "2013-01-31", 
        "operating_revenue": 35313, 
        "short_term_average": 38142
    }, 
    {
        "accumulated_operating_revenue_yoy": -40.69026043373902, 
        "accumulated_operating_revenue": 112182, 
        "long_term_average": 100294, 
        "date": "2013-02-28", 
        "operating_revenue": 76869, 
        "short_term_average": 48807
    }, 
    {
        "accumulated_operating_revenue_yoy": 67.2667361520115, 
        "accumulated_operating_revenue": 974123, 
        "long_term_average": 139353, 
        "date": "2013-03-31", 
        "operating_revenue": 861941, 
        "short_term_average": 324707
    }, 
    {
        "accumulated_operating_revenue_yoy": 78.44588311459007, 
        "accumulated_operating_revenue": 1515987, 
        "long_term_average": 162244, 
        "date": "2013-04-30", 
        "operating_revenue": 541864, 
        "short_term_average": 493558
    }, 
    {
        "accumulated_operating_revenue_yoy": 145.02375698168723, 
        "accumulated_operating_revenue": 2291717, 
        "long_term_average": 219742, 
        "date": "2013-05-31", 
        "operating_revenue": 775730, 
        "short_term_average": 726511
    }, 
    {
        "accumulated_operating_revenue_yoy": 199.91777763531329, 
        "accumulated_operating_revenue": 2947295, 
        "long_term_average": 270424, 
        "date": "2013-06-30", 
        "operating_revenue": 655578, 
        "short_term_average": 657724
    }, 
    {
        "accumulated_operating_revenue_yoy": 219.48784138591023, 
        "accumulated_operating_revenue": 3255022, 
        "long_term_average": 293057, 
        "date": "2013-07-31", 
        "operating_revenue": 307727, 
        "short_term_average": 579678
    }, 
    {
        "accumulated_operating_revenue_yoy": 232.30052927126522, 
        "accumulated_operating_revenue": 3460056, 
        "long_term_average": 308275, 
        "date": "2013-08-31", 
        "operating_revenue": 205034, 
        "short_term_average": 389446
    }, 
    {
        "accumulated_operating_revenue_yoy": 227.95460108565752, 
        "accumulated_operating_revenue": 3644284, 
        "long_term_average": 317797, 
        "date": "2013-09-30", 
        "operating_revenue": 184228, 
        "short_term_average": 232329
    }, 
    {
        "accumulated_operating_revenue_yoy": 213.52874145880207, 
        "accumulated_operating_revenue": 3766681, 
        "long_term_average": 320482, 
        "date": "2013-10-31", 
        "operating_revenue": 122397, 
        "short_term_average": 170553
    }, 
    {
        "accumulated_operating_revenue_yoy": 209.90302947631102, 
        "accumulated_operating_revenue": 3862182, 
        "long_term_average": 324701, 
        "date": "2013-11-30", 
        "operating_revenue": 95501, 
        "short_term_average": 134042
    }, 
    {
        "accumulated_operating_revenue_yoy": 212.13967087753494, 
        "accumulated_operating_revenue": 3996936, 
        "long_term_average": 333078, 
        "date": "2013-12-31", 
        "operating_revenue": 134754, 
        "short_term_average": 117550
    }, 
    {
        "accumulated_operating_revenue_yoy": 633.848724265851, 
        "accumulated_operating_revenue": 259144, 
        "long_term_average": 351730, 
        "date": "2014-01-31", 
        "operating_revenue": 259144, 
        "short_term_average": 163133
    }, 
    {
        "accumulated_operating_revenue_yoy": 173.13205327057815, 
        "accumulated_operating_revenue": 306405, 
        "long_term_average": 349263, 
        "date": "2014-02-28", 
        "operating_revenue": 47261, 
        "short_term_average": 147053
    }, 
    {
        "accumulated_operating_revenue_yoy": -59.93627088160325, 
        "accumulated_operating_revenue": 390270, 
        "long_term_average": 284423, 
        "date": "2014-03-31", 
        "operating_revenue": 83865, 
        "short_term_average": 130090
    }, 
    {
        "accumulated_operating_revenue_yoy": -66.61864514669321, 
        "accumulated_operating_revenue": 506057, 
        "long_term_average": 248917, 
        "date": "2014-04-30", 
        "operating_revenue": 115787, 
        "short_term_average": 82304
    }, 
    {
        "accumulated_operating_revenue_yoy": -75.19462481624039, 
        "accumulated_operating_revenue": 568469, 
        "long_term_average": 189474, 
        "date": "2014-05-31", 
        "operating_revenue": 62412, 
        "short_term_average": 87354
    }, 
    {
        "accumulated_operating_revenue_yoy": -75.85219667525647, 
        "accumulated_operating_revenue": 711707, 
        "long_term_average": 146779, 
        "date": "2014-06-30", 
        "operating_revenue": 143238, 
        "short_term_average": 107145
    }, 
    {
        "accumulated_operating_revenue_yoy": -74.9174045521044, 
        "accumulated_operating_revenue": 816444, 
        "long_term_average": 129863, 
        "date": "2014-07-31", 
        "operating_revenue": 104737, 
        "short_term_average": 103462
    }, 
    {
        "accumulated_operating_revenue_yoy": -75.7971836293979, 
        "accumulated_operating_revenue": 837431, 
        "long_term_average": 114525, 
        "date": "2014-08-31", 
        "operating_revenue": 20987, 
        "short_term_average": 89654
    }, 
    {
        "accumulated_operating_revenue_yoy": -75.85586084948373, 
        "accumulated_operating_revenue": 879881, 
        "long_term_average": 102711, 
        "date": "2014-09-30", 
        "operating_revenue": 42450, 
        "short_term_average": 56058
    }, 
    {
        "accumulated_operating_revenue_yoy": -73.59858719121688, 
        "accumulated_operating_revenue": 994457, 
        "long_term_average": 102059, 
        "date": "2014-10-31", 
        "operating_revenue": 114576, 
        "short_term_average": 59337
    }, 
    {
        "accumulated_operating_revenue_yoy": -66.15837886459002, 
        "accumulated_operating_revenue": 1307025, 
        "long_term_average": 120148, 
        "date": "2014-11-30", 
        "operating_revenue": 312568, 
        "short_term_average": 156531
    }, 
    {
        "accumulated_operating_revenue_yoy": -63.572846800649295, 
        "accumulated_operating_revenue": 1455970, 
        "long_term_average": 121330, 
        "date": "2014-12-31", 
        "operating_revenue": 148945, 
        "short_term_average": 192029
    }, 
    {
        "accumulated_operating_revenue_yoy": -75.034729725558, 
        "accumulated_operating_revenue": 64696, 
        "long_term_average": 105126, 
        "date": "2015-01-31", 
        "operating_revenue": 64696, 
        "short_term_average": 175403
    }, 
    {
        "accumulated_operating_revenue_yoy": -51.22109626148398, 
        "accumulated_operating_revenue": 149461, 
        "long_term_average": 108252, 
        "date": "2015-02-28", 
        "operating_revenue": 84765, 
        "short_term_average": 99468
    }, 
    {
        "accumulated_operating_revenue_yoy": -49.90493760729751, 
        "accumulated_operating_revenue": 195506, 
        "long_term_average": 105100, 
        "date": "2015-03-31", 
        "operating_revenue": 46045, 
        "short_term_average": 65168
    }, 
    {
        "accumulated_operating_revenue_yoy": 21.30491229248879, 
        "accumulated_operating_revenue": 613872, 
        "long_term_average": 130315, 
        "date": "2015-04-30", 
        "operating_revenue": 418366, 
        "short_term_average": 183058
    }, 
    {
        "accumulated_operating_revenue_yoy": 61.218641649764535, 
        "accumulated_operating_revenue": 916478, 
        "long_term_average": 150331, 
        "date": "2015-05-31", 
        "operating_revenue": 302606, 
        "short_term_average": 255672
    }, 
    {
        "accumulated_operating_revenue_yoy": 49.78706124851941, 
        "accumulated_operating_revenue": 1066045, 
        "long_term_average": 150859, 
        "date": "2015-06-30", 
        "operating_revenue": 149567, 
        "short_term_average": 290179
    }, 
    {
        "accumulated_operating_revenue_yoy": 35.83920023908559, 
        "accumulated_operating_revenue": 1109051, 
        "long_term_average": 145714, 
        "date": "2015-07-31", 
        "operating_revenue": 43006, 
        "short_term_average": 165059
    }, 
    {
        "accumulated_operating_revenue_yoy": 35.899315883935515, 
        "accumulated_operating_revenue": 1138063, 
        "long_term_average": 146383, 
        "date": "2015-08-31", 
        "operating_revenue": 29012, 
        "short_term_average": 73861
    }, 
    {
        "accumulated_operating_revenue_yoy": 63.900800221848186, 
        "accumulated_operating_revenue": 1442132, 
        "long_term_average": 168185, 
        "date": "2015-09-30", 
        "operating_revenue": 304069, 
        "short_term_average": 125362
    }
]