[
    {
        "date": "2012-01-31", 
        "operating_revenue": 108607, 
        "accumulated_operating_revenue": 108607, 
        "long_term_average": 108607, 
        "short_term_average": 108607
    }, 
    {
        "date": "2012-02-29", 
        "operating_revenue": 180860, 
        "accumulated_operating_revenue": 289467, 
        "long_term_average": 144733, 
        "short_term_average": 144733
    }, 
    {
        "date": "2012-03-31", 
        "operating_revenue": 192701, 
        "accumulated_operating_revenue": 482168, 
        "long_term_average": 160722, 
        "short_term_average": 160722
    }, 
    {
        "date": "2012-04-30", 
        "operating_revenue": 218004, 
        "accumulated_operating_revenue": 700172, 
        "long_term_average": 175043, 
        "short_term_average": 197188
    }, 
    {
        "date": "2012-05-31", 
        "operating_revenue": 239260, 
        "accumulated_operating_revenue": 939432, 
        "long_term_average": 187886, 
        "short_term_average": 216655
    }, 
    {
        "date": "2012-06-30", 
        "operating_revenue": 287162, 
        "accumulated_operating_revenue": 1226594, 
        "long_term_average": 204432, 
        "short_term_average": 248142
    }, 
    {
        "date": "2012-07-31", 
        "operating_revenue": 210806, 
        "accumulated_operating_revenue": 1437400, 
        "long_term_average": 205342, 
        "short_term_average": 245742
    }, 
    {
        "date": "2012-08-31", 
        "operating_revenue": 313033, 
        "accumulated_operating_revenue": 1750433, 
        "long_term_average": 218804, 
        "short_term_average": 270333
    }, 
    {
        "date": "2012-09-30", 
        "operating_revenue": 187797, 
        "accumulated_operating_revenue": 1938230, 
        "long_term_average": 215358, 
        "short_term_average": 237212
    }, 
    {
        "date": "2012-10-31", 
        "operating_revenue": 159935, 
        "accumulated_operating_revenue": 2098165, 
        "long_term_average": 209816, 
        "short_term_average": 220255
    }, 
    {
        "date": "2012-11-30", 
        "operating_revenue": 165442, 
        "accumulated_operating_revenue": 2263607, 
        "long_term_average": 205782, 
        "short_term_average": 171058
    }, 
    {
        "date": "2012-12-31", 
        "operating_revenue": 140700, 
        "accumulated_operating_revenue": 2404307, 
        "long_term_average": 200358, 
        "short_term_average": 155359
    }, 
    {
        "accumulated_operating_revenue_yoy": 37.42392295155929, 
        "accumulated_operating_revenue": 149252, 
        "long_term_average": 203746, 
        "date": "2013-01-31", 
        "operating_revenue": 149252, 
        "short_term_average": 151798
    }, 
    {
        "accumulated_operating_revenue_yoy": -20.93606525096125, 
        "accumulated_operating_revenue": 228864, 
        "long_term_average": 195308, 
        "date": "2013-02-28", 
        "operating_revenue": 79612, 
        "short_term_average": 123188
    }, 
    {
        "accumulated_operating_revenue_yoy": -12.105739078495462, 
        "accumulated_operating_revenue": 423798, 
        "long_term_average": 195494, 
        "date": "2013-03-31", 
        "operating_revenue": 194934, 
        "short_term_average": 141266
    }, 
    {
        "accumulated_operating_revenue_yoy": -14.086967202344566, 
        "accumulated_operating_revenue": 601539, 
        "long_term_average": 192139, 
        "date": "2013-04-30", 
        "operating_revenue": 177741, 
        "short_term_average": 150762
    }, 
    {
        "accumulated_operating_revenue_yoy": -16.69838796208773, 
        "accumulated_operating_revenue": 782562, 
        "long_term_average": 187286, 
        "date": "2013-05-31", 
        "operating_revenue": 181023, 
        "short_term_average": 184566
    }, 
    {
        "accumulated_operating_revenue_yoy": -22.68851796111835, 
        "accumulated_operating_revenue": 948298, 
        "long_term_average": 177167, 
        "date": "2013-06-30", 
        "operating_revenue": 165736, 
        "short_term_average": 174833
    }, 
    {
        "accumulated_operating_revenue_yoy": -15.304021149297341, 
        "accumulated_operating_revenue": 1217420, 
        "long_term_average": 182027, 
        "date": "2013-07-31", 
        "operating_revenue": 269122, 
        "short_term_average": 205293
    }, 
    {
        "accumulated_operating_revenue_yoy": -13.468838853015225, 
        "accumulated_operating_revenue": 1514670, 
        "long_term_average": 180712, 
        "date": "2013-08-31", 
        "operating_revenue": 297250, 
        "short_term_average": 244036
    }, 
    {
        "accumulated_operating_revenue_yoy": -11.130722360091424, 
        "accumulated_operating_revenue": 1722491, 
        "long_term_average": 182380, 
        "date": "2013-09-30", 
        "operating_revenue": 207821, 
        "short_term_average": 258064
    }, 
    {
        "accumulated_operating_revenue_yoy": -8.827141812011925, 
        "accumulated_operating_revenue": 1912957, 
        "long_term_average": 184924, 
        "date": "2013-10-31", 
        "operating_revenue": 190466, 
        "short_term_average": 231845
    }, 
    {
        "accumulated_operating_revenue_yoy": -9.078298485558669, 
        "accumulated_operating_revenue": 2058110, 
        "long_term_average": 183234, 
        "date": "2013-11-30", 
        "operating_revenue": 145153, 
        "short_term_average": 181146
    }, 
    {
        "accumulated_operating_revenue_yoy": -5.43591147054016, 
        "accumulated_operating_revenue": 2273611, 
        "long_term_average": 189467, 
        "date": "2013-12-31", 
        "operating_revenue": 215501, 
        "short_term_average": 183706
    }, 
    {
        "accumulated_operating_revenue_yoy": -7.774770187334173, 
        "accumulated_operating_revenue": 137648, 
        "long_term_average": 188500, 
        "date": "2014-01-31", 
        "operating_revenue": 137648, 
        "short_term_average": 166100
    }, 
    {
        "accumulated_operating_revenue_yoy": 0.4316974272930649, 
        "accumulated_operating_revenue": 229852, 
        "long_term_average": 189549, 
        "date": "2014-02-28", 
        "operating_revenue": 92204, 
        "short_term_average": 148451
    }, 
    {
        "accumulated_operating_revenue_yoy": -10.816001963199449, 
        "accumulated_operating_revenue": 377960, 
        "long_term_average": 185647, 
        "date": "2014-03-31", 
        "operating_revenue": 148108, 
        "short_term_average": 125986
    }, 
    {
        "accumulated_operating_revenue_yoy": -7.938138674300419, 
        "accumulated_operating_revenue": 553788, 
        "long_term_average": 185488, 
        "date": "2014-04-30", 
        "operating_revenue": 175828, 
        "short_term_average": 138713
    }, 
    {
        "accumulated_operating_revenue_yoy": -11.37392308852206, 
        "accumulated_operating_revenue": 693554, 
        "long_term_average": 182050, 
        "date": "2014-05-31", 
        "operating_revenue": 139766, 
        "short_term_average": 154567
    }, 
    {
        "accumulated_operating_revenue_yoy": -12.455051049353685, 
        "accumulated_operating_revenue": 830187, 
        "long_term_average": 179625, 
        "date": "2014-06-30", 
        "operating_revenue": 136633, 
        "short_term_average": 150742
    }, 
    {
        "accumulated_operating_revenue_yoy": -12.421596490939857, 
        "accumulated_operating_revenue": 1066197, 
        "long_term_average": 176865, 
        "date": "2014-07-31", 
        "operating_revenue": 236010, 
        "short_term_average": 170803
    }, 
    {
        "accumulated_operating_revenue_yoy": -17.724124726838188, 
        "accumulated_operating_revenue": 1246208, 
        "long_term_average": 167095, 
        "date": "2014-08-31", 
        "operating_revenue": 180011, 
        "short_term_average": 184218
    }, 
    {
        "accumulated_operating_revenue_yoy": -18.52886314064921, 
        "accumulated_operating_revenue": 1403333, 
        "long_term_average": 162871, 
        "date": "2014-09-30", 
        "operating_revenue": 157125, 
        "short_term_average": 191048
    }, 
    {
        "accumulated_operating_revenue_yoy": -20.411749976606895, 
        "accumulated_operating_revenue": 1522489, 
        "long_term_average": 156928, 
        "date": "2014-10-31", 
        "operating_revenue": 119156, 
        "short_term_average": 152097
    }, 
    {
        "accumulated_operating_revenue_yoy": -20.859623635277025, 
        "accumulated_operating_revenue": 1628796, 
        "long_term_average": 153691, 
        "date": "2014-11-30", 
        "operating_revenue": 106307, 
        "short_term_average": 127529
    }, 
    {
        "accumulated_operating_revenue_yoy": -23.190862465039093, 
        "accumulated_operating_revenue": 1746341, 
        "long_term_average": 145528, 
        "date": "2014-12-31", 
        "operating_revenue": 117545, 
        "short_term_average": 114336
    }, 
    {
        "accumulated_operating_revenue_yoy": -38.35653260490526, 
        "accumulated_operating_revenue": 84851, 
        "long_term_average": 141128, 
        "date": "2015-01-31", 
        "operating_revenue": 84851, 
        "short_term_average": 102901
    }, 
    {
        "accumulated_operating_revenue_yoy": -30.792858012982265, 
        "accumulated_operating_revenue": 159074, 
        "long_term_average": 139630, 
        "date": "2015-02-28", 
        "operating_revenue": 74223, 
        "short_term_average": 92206
    }, 
    {
        "accumulated_operating_revenue_yoy": -27.839453910466716, 
        "accumulated_operating_revenue": 272738, 
        "long_term_average": 136759, 
        "date": "2015-03-31", 
        "operating_revenue": 113664, 
        "short_term_average": 90912
    }, 
    {
        "accumulated_operating_revenue_yoy": -29.44538343192702, 
        "accumulated_operating_revenue": 390723, 
        "long_term_average": 131939, 
        "date": "2015-04-30", 
        "operating_revenue": 117985, 
        "short_term_average": 101957
    }, 
    {
        "accumulated_operating_revenue_yoy": -28.126144467481986, 
        "accumulated_operating_revenue": 498484, 
        "long_term_average": 129272, 
        "date": "2015-05-31", 
        "operating_revenue": 107761, 
        "short_term_average": 113136
    }, 
    {
        "accumulated_operating_revenue_yoy": -24.27742183387598, 
        "accumulated_operating_revenue": 628639, 
        "long_term_average": 128732, 
        "date": "2015-06-30", 
        "operating_revenue": 130155, 
        "short_term_average": 118633
    }, 
    {
        "accumulated_operating_revenue_yoy": -28.614317991890804, 
        "accumulated_operating_revenue": 761112, 
        "long_term_average": 120104, 
        "date": "2015-07-31", 
        "operating_revenue": 132473, 
        "short_term_average": 123463
    }, 
    {
        "accumulated_operating_revenue_yoy": -30.010239061216105, 
        "accumulated_operating_revenue": 872218, 
        "long_term_average": 114362, 
        "date": "2015-08-31", 
        "operating_revenue": 111106, 
        "short_term_average": 124578
    }
]