[
    {
        "date": "2012-01-31", 
        "operating_revenue": 919956, 
        "accumulated_operating_revenue": 919956, 
        "long_term_average": 919956, 
        "short_term_average": 919956
    }, 
    {
        "date": "2012-02-29", 
        "operating_revenue": 1253105, 
        "accumulated_operating_revenue": 2173061, 
        "long_term_average": 1086530, 
        "short_term_average": 1086530
    }, 
    {
        "date": "2012-03-31", 
        "operating_revenue": 1414389, 
        "accumulated_operating_revenue": 3587450, 
        "long_term_average": 1195816, 
        "short_term_average": 1195816
    }, 
    {
        "date": "2012-04-30", 
        "operating_revenue": 1069566, 
        "accumulated_operating_revenue": 4657016, 
        "long_term_average": 1164254, 
        "short_term_average": 1245686
    }, 
    {
        "date": "2012-05-31", 
        "operating_revenue": 1084300, 
        "accumulated_operating_revenue": 5741316, 
        "long_term_average": 1148263, 
        "short_term_average": 1189418
    }, 
    {
        "date": "2012-06-30", 
        "operating_revenue": 860799, 
        "accumulated_operating_revenue": 6602115, 
        "long_term_average": 1100352, 
        "short_term_average": 1004888
    }, 
    {
        "date": "2012-07-31", 
        "operating_revenue": 1060652, 
        "accumulated_operating_revenue": 7662767, 
        "long_term_average": 1094681, 
        "short_term_average": 1001917
    }, 
    {
        "date": "2012-08-31", 
        "operating_revenue": 993693, 
        "accumulated_operating_revenue": 8656460, 
        "long_term_average": 1082057, 
        "short_term_average": 971714
    }, 
    {
        "date": "2012-09-30", 
        "operating_revenue": 3044166, 
        "accumulated_operating_revenue": 11700626, 
        "long_term_average": 1300069, 
        "short_term_average": 1699503
    }, 
    {
        "date": "2012-10-31", 
        "operating_revenue": 931617, 
        "accumulated_operating_revenue": 12632243, 
        "long_term_average": 1263224, 
        "short_term_average": 1656492
    }, 
    {
        "date": "2012-11-30", 
        "operating_revenue": 840734, 
        "accumulated_operating_revenue": 13472977, 
        "long_term_average": 1224816, 
        "short_term_average": 1605505
    }, 
    {
        "date": "2012-12-31", 
        "operating_revenue": 1002469, 
        "accumulated_operating_revenue": 14475446, 
        "long_term_average": 1206287, 
        "short_term_average": 924940
    }, 
    {
        "accumulated_operating_revenue_yoy": 18.160868563279113, 
        "accumulated_operating_revenue": 1087028, 
        "long_term_average": 1220209, 
        "date": "2013-01-31", 
        "operating_revenue": 1087028, 
        "short_term_average": 976743
    }, 
    {
        "accumulated_operating_revenue_yoy": -14.540733094929227, 
        "accumulated_operating_revenue": 1857082, 
        "long_term_average": 1179955, 
        "date": "2013-02-28", 
        "operating_revenue": 770054, 
        "short_term_average": 953183
    }, 
    {
        "accumulated_operating_revenue_yoy": -21.483114747243864, 
        "accumulated_operating_revenue": 2816754, 
        "long_term_average": 1142062, 
        "date": "2013-03-31", 
        "operating_revenue": 959672, 
        "short_term_average": 938918
    }, 
    {
        "accumulated_operating_revenue_yoy": -16.432818783530053, 
        "accumulated_operating_revenue": 3891737, 
        "long_term_average": 1142513, 
        "date": "2013-04-30", 
        "operating_revenue": 1074983, 
        "short_term_average": 934903
    }, 
    {
        "accumulated_operating_revenue_yoy": -13.805789474050897, 
        "accumulated_operating_revenue": 4948682, 
        "long_term_average": 1140234, 
        "date": "2013-05-31", 
        "operating_revenue": 1056945, 
        "short_term_average": 1030533
    }, 
    {
        "accumulated_operating_revenue_yoy": -8.033107572346134, 
        "accumulated_operating_revenue": 6071760, 
        "long_term_average": 1162090, 
        "date": "2013-06-30", 
        "operating_revenue": 1123078, 
        "short_term_average": 1085002
    }, 
    {
        "accumulated_operating_revenue_yoy": -5.751747377938021, 
        "accumulated_operating_revenue": 7222024, 
        "long_term_average": 1169558, 
        "date": "2013-07-31", 
        "operating_revenue": 1150264, 
        "short_term_average": 1110095
    }, 
    {
        "accumulated_operating_revenue_yoy": -4.19121673293702, 
        "accumulated_operating_revenue": 8293649, 
        "long_term_average": 1176052, 
        "date": "2013-08-31", 
        "operating_revenue": 1071625, 
        "short_term_average": 1114989
    }, 
    {
        "accumulated_operating_revenue_yoy": -19.590165517639825, 
        "accumulated_operating_revenue": 9408454, 
        "long_term_average": 1015272, 
        "date": "2013-09-30", 
        "operating_revenue": 1114805, 
        "short_term_average": 1112231
    }, 
    {
        "accumulated_operating_revenue_yoy": -17.851627775051508, 
        "accumulated_operating_revenue": 10377182, 
        "long_term_average": 1018365, 
        "date": "2013-10-31", 
        "operating_revenue": 968728, 
        "short_term_average": 1051719
    }, 
    {
        "accumulated_operating_revenue_yoy": -15.44368404993195, 
        "accumulated_operating_revenue": 11392253, 
        "long_term_average": 1032893, 
        "date": "2013-11-30", 
        "operating_revenue": 1015071, 
        "short_term_average": 1032868
    }, 
    {
        "accumulated_operating_revenue_yoy": -14.560635990075884, 
        "accumulated_operating_revenue": 12367729, 
        "long_term_average": 1030644, 
        "date": "2013-12-31", 
        "operating_revenue": 975476, 
        "short_term_average": 986425
    }, 
    {
        "accumulated_operating_revenue_yoy": -18.09557803478843, 
        "accumulated_operating_revenue": 890324, 
        "long_term_average": 1014252, 
        "date": "2014-01-31", 
        "operating_revenue": 890324, 
        "short_term_average": 960290
    }, 
    {
        "accumulated_operating_revenue_yoy": -6.074422131063679, 
        "accumulated_operating_revenue": 1744275, 
        "long_term_average": 1021243, 
        "date": "2014-02-28", 
        "operating_revenue": 853951, 
        "short_term_average": 906583
    }, 
    {
        "accumulated_operating_revenue_yoy": -2.598984504859139, 
        "accumulated_operating_revenue": 2743547, 
        "long_term_average": 1024543, 
        "date": "2014-03-31", 
        "operating_revenue": 999272, 
        "short_term_average": 914515
    }, 
    {
        "accumulated_operating_revenue_yoy": -3.2833153936147284, 
        "accumulated_operating_revenue": 3763959, 
        "long_term_average": 1019995, 
        "date": "2014-04-30", 
        "operating_revenue": 1020412, 
        "short_term_average": 957878
    }, 
    {
        "accumulated_operating_revenue_yoy": -3.303990840389421, 
        "accumulated_operating_revenue": 4785178, 
        "long_term_average": 1017018, 
        "date": "2014-05-31", 
        "operating_revenue": 1021219, 
        "short_term_average": 1013634
    }, 
    {
        "accumulated_operating_revenue_yoy": -3.687299893276414, 
        "accumulated_operating_revenue": 5847876, 
        "long_term_average": 1011987, 
        "date": "2014-06-30", 
        "operating_revenue": 1062698, 
        "short_term_average": 1034776
    }, 
    {
        "accumulated_operating_revenue_yoy": -6.2369634883517415, 
        "accumulated_operating_revenue": 6771589, 
        "long_term_average": 993107, 
        "date": "2014-07-31", 
        "operating_revenue": 923713, 
        "short_term_average": 1002543
    }, 
    {
        "accumulated_operating_revenue_yoy": -7.085952154473862, 
        "accumulated_operating_revenue": 7705965, 
        "long_term_average": 981670, 
        "date": "2014-08-31", 
        "operating_revenue": 934376, 
        "short_term_average": 973595
    }, 
    {
        "accumulated_operating_revenue_yoy": -8.022550782519636, 
        "accumulated_operating_revenue": 8653656, 
        "long_term_average": 967744, 
        "date": "2014-09-30", 
        "operating_revenue": 947691, 
        "short_term_average": 935260
    }, 
    {
        "accumulated_operating_revenue_yoy": -7.184860013055568, 
        "accumulated_operating_revenue": 9631596, 
        "long_term_average": 968511, 
        "date": "2014-10-31", 
        "operating_revenue": 977940, 
        "short_term_average": 953335
    }, 
    {
        "accumulated_operating_revenue_yoy": -6.971298829125372, 
        "accumulated_operating_revenue": 10598065, 
        "long_term_average": 964461, 
        "date": "2014-11-30", 
        "operating_revenue": 966469, 
        "short_term_average": 964033
    }, 
    {
        "accumulated_operating_revenue_yoy": -6.749905338320398, 
        "accumulated_operating_revenue": 11532919, 
        "long_term_average": 961076, 
        "date": "2014-12-31", 
        "operating_revenue": 934854, 
        "short_term_average": 959754
    }, 
    {
        "accumulated_operating_revenue_yoy": 1.700953810073636, 
        "accumulated_operating_revenue": 905468, 
        "long_term_average": 962338, 
        "date": "2015-01-31", 
        "operating_revenue": 905468, 
        "short_term_average": 935597
    }, 
    {
        "accumulated_operating_revenue_yoy": 2.5467887804388645, 
        "accumulated_operating_revenue": 1788698, 
        "long_term_average": 964778, 
        "date": "2015-02-28", 
        "operating_revenue": 883230, 
        "short_term_average": 907850
    }, 
    {
        "accumulated_operating_revenue_yoy": 0.598276610533736, 
        "accumulated_operating_revenue": 2759961, 
        "long_term_average": 962444, 
        "date": "2015-03-31", 
        "operating_revenue": 971263, 
        "short_term_average": 919987
    }, 
    {
        "accumulated_operating_revenue_yoy": -1.721644683164721, 
        "accumulated_operating_revenue": 3699157, 
        "long_term_average": 955676, 
        "date": "2015-04-30", 
        "operating_revenue": 939196, 
        "short_term_average": 931229
    }, 
    {
        "accumulated_operating_revenue_yoy": -3.477195623652871, 
        "accumulated_operating_revenue": 4618788, 
        "long_term_average": 947210, 
        "date": "2015-05-31", 
        "operating_revenue": 919631, 
        "short_term_average": 943363
    }, 
    {
        "accumulated_operating_revenue_yoy": -7.062530053646829, 
        "accumulated_operating_revenue": 5434868, 
        "long_term_average": 926659, 
        "date": "2015-06-30", 
        "operating_revenue": 816080, 
        "short_term_average": 891635
    }, 
    {
        "accumulated_operating_revenue_yoy": -7.473179485642143, 
        "accumulated_operating_revenue": 6265536, 
        "long_term_average": 918905, 
        "date": "2015-07-31", 
        "operating_revenue": 830668, 
        "short_term_average": 855459
    }, 
    {
        "accumulated_operating_revenue_yoy": -8.414079223043448, 
        "accumulated_operating_revenue": 7057579, 
        "long_term_average": 907044, 
        "date": "2015-08-31", 
        "operating_revenue": 792043, 
        "short_term_average": 812930
    }, 
    {
        "accumulated_operating_revenue_yoy": -8.870528248407378, 
        "accumulated_operating_revenue": 7886031, 
        "long_term_average": 897107, 
        "date": "2015-09-30", 
        "operating_revenue": 828452, 
        "short_term_average": 817054
    }, 
    {
        "accumulated_operating_revenue_yoy": -9.208370035454145, 
        "accumulated_operating_revenue": 8744683, 
        "long_term_average": 887167, 
        "date": "2015-10-31", 
        "operating_revenue": 858652, 
        "short_term_average": 826382
    }
]