[
    {
        "date": "2012-01-31", 
        "operating_revenue": 148517, 
        "accumulated_operating_revenue": 148517, 
        "long_term_average": 148517, 
        "short_term_average": 148517
    }, 
    {
        "date": "2012-02-29", 
        "operating_revenue": 176519, 
        "accumulated_operating_revenue": 325036, 
        "long_term_average": 162518, 
        "short_term_average": 162518
    }, 
    {
        "date": "2012-03-31", 
        "operating_revenue": 202707, 
        "accumulated_operating_revenue": 527743, 
        "long_term_average": 175914, 
        "short_term_average": 175914
    }, 
    {
        "date": "2012-04-30", 
        "operating_revenue": 185549, 
        "accumulated_operating_revenue": 713292, 
        "long_term_average": 178323, 
        "short_term_average": 188258
    }, 
    {
        "date": "2012-05-31", 
        "operating_revenue": 180215, 
        "accumulated_operating_revenue": 893507, 
        "long_term_average": 178701, 
        "short_term_average": 189490
    }, 
    {
        "date": "2012-06-30", 
        "operating_revenue": 151444, 
        "accumulated_operating_revenue": 1044951, 
        "long_term_average": 174158, 
        "short_term_average": 172402
    }, 
    {
        "date": "2012-07-31", 
        "operating_revenue": 177943, 
        "accumulated_operating_revenue": 1222894, 
        "long_term_average": 174699, 
        "short_term_average": 169867
    }, 
    {
        "date": "2012-08-31", 
        "operating_revenue": 185048, 
        "accumulated_operating_revenue": 1407942, 
        "long_term_average": 175992, 
        "short_term_average": 171478
    }, 
    {
        "date": "2012-09-30", 
        "operating_revenue": 173289, 
        "accumulated_operating_revenue": 1581231, 
        "long_term_average": 175692, 
        "short_term_average": 178760
    }, 
    {
        "date": "2012-10-31", 
        "operating_revenue": 161998, 
        "accumulated_operating_revenue": 1743229, 
        "long_term_average": 174322, 
        "short_term_average": 173445
    }, 
    {
        "date": "2012-11-30", 
        "operating_revenue": 154077, 
        "accumulated_operating_revenue": 1897306, 
        "long_term_average": 172482, 
        "short_term_average": 163121
    }, 
    {
        "date": "2012-12-31", 
        "operating_revenue": 146806, 
        "accumulated_operating_revenue": 2044112, 
        "long_term_average": 170342, 
        "short_term_average": 154293
    }, 
    {
        "accumulated_operating_revenue_yoy": 1.6233831817233042, 
        "accumulated_operating_revenue": 150928, 
        "long_term_average": 170543, 
        "date": "2013-01-31", 
        "operating_revenue": 150928, 
        "short_term_average": 150603
    }, 
    {
        "accumulated_operating_revenue_yoy": -15.298305418476724, 
        "accumulated_operating_revenue": 275311, 
        "long_term_average": 166198, 
        "date": "2013-02-28", 
        "operating_revenue": 124383, 
        "short_term_average": 140705
    }, 
    {
        "accumulated_operating_revenue_yoy": -13.454655012003949, 
        "accumulated_operating_revenue": 456737, 
        "long_term_average": 164425, 
        "date": "2013-03-31", 
        "operating_revenue": 181426, 
        "short_term_average": 152245
    }, 
    {
        "accumulated_operating_revenue_yoy": -8.378055550882388, 
        "accumulated_operating_revenue": 653532, 
        "long_term_average": 165362, 
        "date": "2013-04-30", 
        "operating_revenue": 196795, 
        "short_term_average": 167534
    }, 
    {
        "accumulated_operating_revenue_yoy": -3.7291257930827624, 
        "accumulated_operating_revenue": 860187, 
        "long_term_average": 167566, 
        "date": "2013-05-31", 
        "operating_revenue": 206655, 
        "short_term_average": 194958
    }, 
    {
        "accumulated_operating_revenue_yoy": 0.18048693192312368, 
        "accumulated_operating_revenue": 1046837, 
        "long_term_average": 170499, 
        "date": "2013-06-30", 
        "operating_revenue": 186650, 
        "short_term_average": 196700
    }, 
    {
        "accumulated_operating_revenue_yoy": 1.1877562568791735, 
        "accumulated_operating_revenue": 1237419, 
        "long_term_average": 171553, 
        "date": "2013-07-31", 
        "operating_revenue": 190582, 
        "short_term_average": 194629
    }, 
    {
        "accumulated_operating_revenue_yoy": 0.7399452534266326, 
        "accumulated_operating_revenue": 1418360, 
        "long_term_average": 171210, 
        "date": "2013-08-31", 
        "operating_revenue": 180941, 
        "short_term_average": 186057
    }, 
    {
        "accumulated_operating_revenue_yoy": 0.027699937580277643, 
        "accumulated_operating_revenue": 1581669, 
        "long_term_average": 170379, 
        "date": "2013-09-30", 
        "operating_revenue": 163309, 
        "short_term_average": 178277
    }, 
    {
        "accumulated_operating_revenue_yoy": 0.33128177651932134, 
        "accumulated_operating_revenue": 1749004, 
        "long_term_average": 170823, 
        "date": "2013-10-31", 
        "operating_revenue": 167335, 
        "short_term_average": 170528
    }, 
    {
        "accumulated_operating_revenue_yoy": 0.8280161449971697, 
        "accumulated_operating_revenue": 1913016, 
        "long_term_average": 171651, 
        "date": "2013-11-30", 
        "operating_revenue": 164012, 
        "short_term_average": 164885
    }, 
    {
        "accumulated_operating_revenue_yoy": 2.1182792332318385, 
        "accumulated_operating_revenue": 2087412, 
        "long_term_average": 173951, 
        "date": "2013-12-31", 
        "operating_revenue": 174396, 
        "short_term_average": 168581
    }, 
    {
        "accumulated_operating_revenue_yoy": 3.002093713558783, 
        "accumulated_operating_revenue": 155459, 
        "long_term_average": 174328, 
        "date": "2014-01-31", 
        "operating_revenue": 155459, 
        "short_term_average": 164622
    }, 
    {
        "accumulated_operating_revenue_yoy": 5.368837423858836, 
        "accumulated_operating_revenue": 290092, 
        "long_term_average": 175182, 
        "date": "2014-02-28", 
        "operating_revenue": 134633, 
        "short_term_average": 154829
    }, 
    {
        "accumulated_operating_revenue_yoy": 0.34330479028412414, 
        "accumulated_operating_revenue": 458305, 
        "long_term_average": 174081, 
        "date": "2014-03-31", 
        "operating_revenue": 168213, 
        "short_term_average": 152768
    }, 
    {
        "accumulated_operating_revenue_yoy": -3.5245404968693195, 
        "accumulated_operating_revenue": 630498, 
        "long_term_average": 172031, 
        "date": "2014-04-30", 
        "operating_revenue": 172193, 
        "short_term_average": 158346
    }, 
    {
        "accumulated_operating_revenue_yoy": -7.641361703908569, 
        "accumulated_operating_revenue": 794457, 
        "long_term_average": 168473, 
        "date": "2014-05-31", 
        "operating_revenue": 163959, 
        "short_term_average": 168121
    }, 
    {
        "accumulated_operating_revenue_yoy": -9.740962537625245, 
        "accumulated_operating_revenue": 944865, 
        "long_term_average": 165453, 
        "date": "2014-06-30", 
        "operating_revenue": 150408, 
        "short_term_average": 162186
    }, 
    {
        "accumulated_operating_revenue_yoy": -11.837865751212806, 
        "accumulated_operating_revenue": 1090935, 
        "long_term_average": 161744, 
        "date": "2014-07-31", 
        "operating_revenue": 146070, 
        "short_term_average": 153479
    }, 
    {
        "accumulated_operating_revenue_yoy": -13.020107730054429, 
        "accumulated_operating_revenue": 1233688, 
        "long_term_average": 158561, 
        "date": "2014-08-31", 
        "operating_revenue": 142753, 
        "short_term_average": 146410
    }, 
    {
        "accumulated_operating_revenue_yoy": -11.266326898990876, 
        "accumulated_operating_revenue": 1403473, 
        "long_term_average": 159101, 
        "date": "2014-09-30", 
        "operating_revenue": 169785, 
        "short_term_average": 152869
    }, 
    {
        "accumulated_operating_revenue_yoy": -10.173390112315351, 
        "accumulated_operating_revenue": 1571071, 
        "long_term_average": 159123, 
        "date": "2014-10-31", 
        "operating_revenue": 167598, 
        "short_term_average": 160045
    }, 
    {
        "accumulated_operating_revenue_yoy": -9.11597184759563, 
        "accumulated_operating_revenue": 1738626, 
        "long_term_average": 159418, 
        "date": "2014-11-30", 
        "operating_revenue": 167555, 
        "short_term_average": 168312
    }, 
    {
        "accumulated_operating_revenue_yoy": -8.497220481629885, 
        "accumulated_operating_revenue": 1910040, 
        "long_term_average": 159170, 
        "date": "2014-12-31", 
        "operating_revenue": 171414, 
        "short_term_average": 168855
    }, 
    {
        "accumulated_operating_revenue_yoy": 20.896828102586536, 
        "accumulated_operating_revenue": 187945, 
        "long_term_average": 161877, 
        "date": "2015-01-31", 
        "operating_revenue": 187945, 
        "short_term_average": 175638
    }, 
    {
        "accumulated_operating_revenue_yoy": 6.621692428608855, 
        "accumulated_operating_revenue": 309301, 
        "long_term_average": 160770, 
        "date": "2015-02-28", 
        "operating_revenue": 121356, 
        "short_term_average": 160238
    }, 
    {
        "accumulated_operating_revenue_yoy": 3.096627791536204, 
        "accumulated_operating_revenue": 472497, 
        "long_term_average": 160352, 
        "date": "2015-03-31", 
        "operating_revenue": 163196, 
        "short_term_average": 157499
    }, 
    {
        "accumulated_operating_revenue_yoy": -0.14274430688122722, 
        "accumulated_operating_revenue": 629598, 
        "long_term_average": 159095, 
        "date": "2015-04-30", 
        "operating_revenue": 157101, 
        "short_term_average": 147217
    }, 
    {
        "accumulated_operating_revenue_yoy": -1.1670864502421152, 
        "accumulated_operating_revenue": 785185, 
        "long_term_average": 158397, 
        "date": "2015-05-31", 
        "operating_revenue": 155587, 
        "short_term_average": 158628
    }, 
    {
        "accumulated_operating_revenue_yoy": -1.6775941536621635, 
        "accumulated_operating_revenue": 929014, 
        "long_term_average": 157849, 
        "date": "2015-06-30", 
        "operating_revenue": 143829, 
        "short_term_average": 152172
    }, 
    {
        "accumulated_operating_revenue_yoy": -0.5831694830581107, 
        "accumulated_operating_revenue": 1084573, 
        "long_term_average": 158639, 
        "date": "2015-07-31", 
        "operating_revenue": 155559, 
        "short_term_average": 151658
    }, 
    {
        "accumulated_operating_revenue_yoy": -0.007862603835005285, 
        "accumulated_operating_revenue": 1233591, 
        "long_term_average": 159161, 
        "date": "2015-08-31", 
        "operating_revenue": 149018, 
        "short_term_average": 149468
    }
]