[
    {
        "date": "2012-01-31", 
        "operating_revenue": 42691, 
        "accumulated_operating_revenue": 42691, 
        "long_term_average": 42691, 
        "short_term_average": 42691
    }, 
    {
        "date": "2012-02-29", 
        "operating_revenue": 76428, 
        "accumulated_operating_revenue": 119119, 
        "long_term_average": 59559, 
        "short_term_average": 59559
    }, 
    {
        "date": "2012-03-31", 
        "operating_revenue": 73057, 
        "accumulated_operating_revenue": 192176, 
        "long_term_average": 64058, 
        "short_term_average": 64058
    }, 
    {
        "date": "2012-04-30", 
        "operating_revenue": 81247, 
        "accumulated_operating_revenue": 273423, 
        "long_term_average": 68355, 
        "short_term_average": 76910
    }, 
    {
        "date": "2012-05-31", 
        "operating_revenue": 59847, 
        "accumulated_operating_revenue": 333270, 
        "long_term_average": 66654, 
        "short_term_average": 71383
    }, 
    {
        "date": "2012-06-30", 
        "operating_revenue": 61871, 
        "accumulated_operating_revenue": 395141, 
        "long_term_average": 65856, 
        "short_term_average": 67655
    }, 
    {
        "date": "2012-07-31", 
        "operating_revenue": 63659, 
        "accumulated_operating_revenue": 458800, 
        "long_term_average": 65542, 
        "short_term_average": 61792
    }, 
    {
        "date": "2012-08-31", 
        "operating_revenue": 63521, 
        "accumulated_operating_revenue": 522321, 
        "long_term_average": 65290, 
        "short_term_average": 63017
    }, 
    {
        "date": "2012-09-30", 
        "operating_revenue": 45659, 
        "accumulated_operating_revenue": 567980, 
        "long_term_average": 63108, 
        "short_term_average": 57613
    }, 
    {
        "date": "2012-10-31", 
        "operating_revenue": 47572, 
        "accumulated_operating_revenue": 615552, 
        "long_term_average": 61555, 
        "short_term_average": 52250
    }, 
    {
        "date": "2012-11-30", 
        "operating_revenue": 75738, 
        "accumulated_operating_revenue": 691290, 
        "long_term_average": 62844, 
        "short_term_average": 56323
    }, 
    {
        "date": "2012-12-31", 
        "operating_revenue": 51251, 
        "accumulated_operating_revenue": 742541, 
        "long_term_average": 61878, 
        "short_term_average": 58187
    }, 
    {
        "accumulated_operating_revenue_yoy": 91.8320020613244, 
        "accumulated_operating_revenue": 81895, 
        "long_term_average": 65145, 
        "date": "2013-01-31", 
        "operating_revenue": 81895, 
        "short_term_average": 69628
    }, 
    {
        "accumulated_operating_revenue_yoy": 19.265608341238593, 
        "accumulated_operating_revenue": 142068, 
        "long_term_average": 63790, 
        "date": "2013-02-28", 
        "operating_revenue": 60173, 
        "short_term_average": 64439
    }, 
    {
        "accumulated_operating_revenue_yoy": 6.1266755474148695, 
        "accumulated_operating_revenue": 203950, 
        "long_term_average": 62859, 
        "date": "2013-03-31", 
        "operating_revenue": 61882, 
        "short_term_average": 67983
    }, 
    {
        "accumulated_operating_revenue_yoy": 0.6301591307241893, 
        "accumulated_operating_revenue": 275146, 
        "long_term_average": 62022, 
        "date": "2013-04-30", 
        "operating_revenue": 71196, 
        "short_term_average": 64417
    }, 
    {
        "accumulated_operating_revenue_yoy": 8.063131995079065, 
        "accumulated_operating_revenue": 360142, 
        "long_term_average": 64117, 
        "date": "2013-05-31", 
        "operating_revenue": 84996, 
        "short_term_average": 72691
    }, 
    {
        "accumulated_operating_revenue_yoy": 3.9504885597799264, 
        "accumulated_operating_revenue": 410751, 
        "long_term_average": 63179, 
        "date": "2013-06-30", 
        "operating_revenue": 50609, 
        "short_term_average": 68933
    }, 
    {
        "accumulated_operating_revenue_yoy": 4.935919790758501, 
        "accumulated_operating_revenue": 481446, 
        "long_term_average": 63765, 
        "date": "2013-07-31", 
        "operating_revenue": 70695, 
        "short_term_average": 68766
    }, 
    {
        "accumulated_operating_revenue_yoy": 4.291422324585839, 
        "accumulated_operating_revenue": 544736, 
        "long_term_average": 63746, 
        "date": "2013-08-31", 
        "operating_revenue": 63290, 
        "short_term_average": 61531
    }, 
    {
        "accumulated_operating_revenue_yoy": 3.1661326103031797, 
        "accumulated_operating_revenue": 585963, 
        "long_term_average": 63377, 
        "date": "2013-09-30", 
        "operating_revenue": 41227, 
        "short_term_average": 58404
    }, 
    {
        "accumulated_operating_revenue_yoy": 4.417985807860262, 
        "accumulated_operating_revenue": 642747, 
        "long_term_average": 64144, 
        "date": "2013-10-31", 
        "operating_revenue": 56784, 
        "short_term_average": 53767
    }, 
    {
        "accumulated_operating_revenue_yoy": 3.9651955040576317, 
        "accumulated_operating_revenue": 718701, 
        "long_term_average": 64162, 
        "date": "2013-11-30", 
        "operating_revenue": 75954, 
        "short_term_average": 57988
    }, 
    {
        "accumulated_operating_revenue_yoy": 4.327707156911201, 
        "accumulated_operating_revenue": 774676, 
        "long_term_average": 64556, 
        "date": "2013-12-31", 
        "operating_revenue": 55975, 
        "short_term_average": 62904
    }, 
    {
        "accumulated_operating_revenue_yoy": 18.078026741559313, 
        "accumulated_operating_revenue": 96700, 
        "long_term_average": 65790, 
        "date": "2014-01-31", 
        "operating_revenue": 96700, 
        "short_term_average": 76209
    }, 
    {
        "accumulated_operating_revenue_yoy": -1.3254216290790326, 
        "accumulated_operating_revenue": 140185, 
        "long_term_average": 64399, 
        "date": "2014-02-28", 
        "operating_revenue": 43485, 
        "short_term_average": 65386
    }, 
    {
        "accumulated_operating_revenue_yoy": 1.1203726403530279, 
        "accumulated_operating_revenue": 206235, 
        "long_term_average": 64746, 
        "date": "2014-03-31", 
        "operating_revenue": 66050, 
        "short_term_average": 68745
    }, 
    {
        "accumulated_operating_revenue_yoy": -2.6880274472461894, 
        "accumulated_operating_revenue": 267750, 
        "long_term_average": 63940, 
        "date": "2014-04-30", 
        "operating_revenue": 61515, 
        "short_term_average": 57016
    }, 
    {
        "accumulated_operating_revenue_yoy": -7.749165606899501, 
        "accumulated_operating_revenue": 332234, 
        "long_term_average": 62230, 
        "date": "2014-05-31", 
        "operating_revenue": 64484, 
        "short_term_average": 64016
    }, 
    {
        "accumulated_operating_revenue_yoy": -4.813621877974734, 
        "accumulated_operating_revenue": 390979, 
        "long_term_average": 62908, 
        "date": "2014-06-30", 
        "operating_revenue": 58745, 
        "short_term_average": 61581
    }, 
    {
        "accumulated_operating_revenue_yoy": -8.312666425725833, 
        "accumulated_operating_revenue": 441425, 
        "long_term_average": 61221, 
        "date": "2014-07-31", 
        "operating_revenue": 50446, 
        "short_term_average": 57891
    }, 
    {
        "accumulated_operating_revenue_yoy": -2.749772366797862, 
        "accumulated_operating_revenue": 529757, 
        "long_term_average": 63308, 
        "date": "2014-08-31", 
        "operating_revenue": 88332, 
        "short_term_average": 65841
    }, 
    {
        "accumulated_operating_revenue_yoy": 3.2897981613173526, 
        "accumulated_operating_revenue": 605240, 
        "long_term_average": 66162, 
        "date": "2014-09-30", 
        "operating_revenue": 75483, 
        "short_term_average": 71420
    }, 
    {
        "accumulated_operating_revenue_yoy": 8.57071289325349, 
        "accumulated_operating_revenue": 697835, 
        "long_term_average": 69147, 
        "date": "2014-10-31", 
        "operating_revenue": 92595, 
        "short_term_average": 85470
    }, 
    {
        "accumulated_operating_revenue_yoy": 6.102955192771403, 
        "accumulated_operating_revenue": 762563, 
        "long_term_average": 68211, 
        "date": "2014-11-30", 
        "operating_revenue": 64728, 
        "short_term_average": 77602
    }, 
    {
        "accumulated_operating_revenue_yoy": 7.676628680893689, 
        "accumulated_operating_revenue": 834145, 
        "long_term_average": 69512, 
        "date": "2014-12-31", 
        "operating_revenue": 71582, 
        "short_term_average": 76301
    }, 
    {
        "accumulated_operating_revenue_yoy": -26.889348500517062, 
        "accumulated_operating_revenue": 70698, 
        "long_term_average": 67345, 
        "date": "2015-01-31", 
        "operating_revenue": 70698, 
        "short_term_average": 69002
    }, 
    {
        "accumulated_operating_revenue_yoy": -22.258444198737383, 
        "accumulated_operating_revenue": 108982, 
        "long_term_average": 66911, 
        "date": "2015-02-28", 
        "operating_revenue": 38284, 
        "short_term_average": 60188
    }, 
    {
        "accumulated_operating_revenue_yoy": -2.9825199408441825, 
        "accumulated_operating_revenue": 200084, 
        "long_term_average": 68999, 
        "date": "2015-03-31", 
        "operating_revenue": 91102, 
        "short_term_average": 66694
    }, 
    {
        "accumulated_operating_revenue_yoy": -8.060504201680672, 
        "accumulated_operating_revenue": 246168, 
        "long_term_average": 67713, 
        "date": "2015-04-30", 
        "operating_revenue": 46084, 
        "short_term_average": 58490
    }, 
    {
        "accumulated_operating_revenue_yoy": -3.666993745372238, 
        "accumulated_operating_revenue": 320051, 
        "long_term_average": 68496, 
        "date": "2015-05-31", 
        "operating_revenue": 73883, 
        "short_term_average": 70356
    }, 
    {
        "accumulated_operating_revenue_yoy": 6.730796283176334, 
        "accumulated_operating_revenue": 417295, 
        "long_term_average": 71705, 
        "date": "2015-06-30", 
        "operating_revenue": 97244, 
        "short_term_average": 72403
    }, 
    {
        "accumulated_operating_revenue_yoy": 10.584584017670046, 
        "accumulated_operating_revenue": 488148, 
        "long_term_average": 73405, 
        "date": "2015-07-31", 
        "operating_revenue": 70853, 
        "short_term_average": 80660
    }, 
    {
        "accumulated_operating_revenue_yoy": 5.212389831564283, 
        "accumulated_operating_revenue": 557370, 
        "long_term_average": 71813, 
        "date": "2015-08-31", 
        "operating_revenue": 69222, 
        "short_term_average": 79106
    }
]