[
    {
        "date": "2012-01-31", 
        "operating_revenue": 2225463, 
        "accumulated_operating_revenue": 2225463, 
        "long_term_average": 2225463, 
        "short_term_average": 2225463
    }, 
    {
        "date": "2012-02-29", 
        "operating_revenue": 2455244, 
        "accumulated_operating_revenue": 4680707, 
        "long_term_average": 2340353, 
        "short_term_average": 2340353
    }, 
    {
        "date": "2012-03-31", 
        "operating_revenue": 1966546, 
        "accumulated_operating_revenue": 6647253, 
        "long_term_average": 2215751, 
        "short_term_average": 2215751
    }, 
    {
        "date": "2012-04-30", 
        "operating_revenue": 1721314, 
        "accumulated_operating_revenue": 8368567, 
        "long_term_average": 2092141, 
        "short_term_average": 2047701
    }, 
    {
        "date": "2012-05-31", 
        "operating_revenue": 2316454, 
        "accumulated_operating_revenue": 10685021, 
        "long_term_average": 2137004, 
        "short_term_average": 2001438
    }, 
    {
        "date": "2012-06-30", 
        "operating_revenue": 1841920, 
        "accumulated_operating_revenue": 12526941, 
        "long_term_average": 2087823, 
        "short_term_average": 1959896
    }, 
    {
        "date": "2012-07-31", 
        "operating_revenue": 2321827, 
        "accumulated_operating_revenue": 14848768, 
        "long_term_average": 2121252, 
        "short_term_average": 2160067
    }, 
    {
        "date": "2012-08-31", 
        "operating_revenue": 2346458, 
        "accumulated_operating_revenue": 17195226, 
        "long_term_average": 2149403, 
        "short_term_average": 2170068
    }, 
    {
        "date": "2012-09-30", 
        "operating_revenue": 2439175, 
        "accumulated_operating_revenue": 19634401, 
        "long_term_average": 2181600, 
        "short_term_average": 2369153
    }, 
    {
        "date": "2012-10-31", 
        "operating_revenue": 2133719, 
        "accumulated_operating_revenue": 21768120, 
        "long_term_average": 2176812, 
        "short_term_average": 2306450
    }, 
    {
        "date": "2012-11-30", 
        "operating_revenue": 1604560, 
        "accumulated_operating_revenue": 23372680, 
        "long_term_average": 2124789, 
        "short_term_average": 2059151
    }, 
    {
        "date": "2012-12-31", 
        "operating_revenue": 2437418, 
        "accumulated_operating_revenue": 25810098, 
        "long_term_average": 2150841, 
        "short_term_average": 2058565
    }, 
    {
        "accumulated_operating_revenue_yoy": 12.798460365326225, 
        "accumulated_operating_revenue": 2510288, 
        "long_term_average": 2174576, 
        "date": "2013-01-31", 
        "operating_revenue": 2510288, 
        "short_term_average": 2184088
    }, 
    {
        "accumulated_operating_revenue_yoy": -1.7772315165209016, 
        "accumulated_operating_revenue": 4597520, 
        "long_term_average": 2143909, 
        "date": "2013-02-28", 
        "operating_revenue": 2087232, 
        "short_term_average": 2344979
    }, 
    {
        "accumulated_operating_revenue_yoy": 2.2971895307730876, 
        "accumulated_operating_revenue": 6799953, 
        "long_term_average": 2163566, 
        "date": "2013-03-31", 
        "operating_revenue": 2202433, 
        "short_term_average": 2266651
    }, 
    {
        "accumulated_operating_revenue_yoy": -2.584397065829789, 
        "accumulated_operating_revenue": 8152290, 
        "long_term_average": 2132818, 
        "date": "2013-04-30", 
        "operating_revenue": 1352337, 
        "short_term_average": 1880667
    }, 
    {
        "accumulated_operating_revenue_yoy": 0.4104343828617651, 
        "accumulated_operating_revenue": 10728876, 
        "long_term_average": 2154496, 
        "date": "2013-05-31", 
        "operating_revenue": 2576586, 
        "short_term_average": 2043785
    }, 
    {
        "accumulated_operating_revenue_yoy": 5.941075319186065, 
        "accumulated_operating_revenue": 13271176, 
        "long_term_average": 2212861, 
        "date": "2013-06-30", 
        "operating_revenue": 2542300, 
        "short_term_average": 2157074
    }, 
    {
        "accumulated_operating_revenue_yoy": 3.450171758357326, 
        "accumulated_operating_revenue": 15361076, 
        "long_term_average": 2193533, 
        "date": "2013-07-31", 
        "operating_revenue": 2089900, 
        "short_term_average": 2402928
    }, 
    {
        "accumulated_operating_revenue_yoy": 1.2790468703348243, 
        "accumulated_operating_revenue": 17415161, 
        "long_term_average": 2169169, 
        "date": "2013-08-31", 
        "operating_revenue": 2054085, 
        "short_term_average": 2228761
    }, 
    {
        "accumulated_operating_revenue_yoy": 0.6894378901602346, 
        "accumulated_operating_revenue": 19769768, 
        "long_term_average": 2162122, 
        "date": "2013-09-30", 
        "operating_revenue": 2354607, 
        "short_term_average": 2166197
    }, 
    {
        "accumulated_operating_revenue_yoy": 2.078686629805422, 
        "accumulated_operating_revenue": 22220611, 
        "long_term_average": 2188549, 
        "date": "2013-10-31", 
        "operating_revenue": 2450843, 
        "short_term_average": 2286511
    }, 
    {
        "accumulated_operating_revenue_yoy": 4.237627007258046, 
        "accumulated_operating_revenue": 24363127, 
        "long_term_average": 2233378, 
        "date": "2013-11-30", 
        "operating_revenue": 2142516, 
        "short_term_average": 2315988
    }, 
    {
        "accumulated_operating_revenue_yoy": 2.6872427993105643, 
        "accumulated_operating_revenue": 26503678, 
        "long_term_average": 2208639, 
        "date": "2013-12-31", 
        "operating_revenue": 2140551, 
        "short_term_average": 2244636
    }, 
    {
        "accumulated_operating_revenue_yoy": -8.367366612914534, 
        "accumulated_operating_revenue": 2300243, 
        "long_term_average": 2191136, 
        "date": "2014-01-31", 
        "operating_revenue": 2300243, 
        "short_term_average": 2194436
    }, 
    {
        "accumulated_operating_revenue_yoy": -13.329490681932867, 
        "accumulated_operating_revenue": 3984694, 
        "long_term_average": 2157571, 
        "date": "2014-02-28", 
        "operating_revenue": 1684451, 
        "short_term_average": 2041748
    }, 
    {
        "accumulated_operating_revenue_yoy": -12.103010123746444, 
        "accumulated_operating_revenue": 5976954, 
        "long_term_average": 2140056, 
        "date": "2014-03-31", 
        "operating_revenue": 1992260, 
        "short_term_average": 1992318
    }, 
    {
        "accumulated_operating_revenue_yoy": -0.8914305060295941, 
        "accumulated_operating_revenue": 8079618, 
        "long_term_average": 2202583, 
        "date": "2014-04-30", 
        "operating_revenue": 2102664, 
        "short_term_average": 1926458
    }, 
    {
        "accumulated_operating_revenue_yoy": -4.405484787036405, 
        "accumulated_operating_revenue": 10256217, 
        "long_term_average": 2169251, 
        "date": "2014-05-31", 
        "operating_revenue": 2176599, 
        "short_term_average": 2090507
    }, 
    {
        "accumulated_operating_revenue_yoy": -9.132544094057678, 
        "accumulated_operating_revenue": 12059180, 
        "long_term_average": 2107640, 
        "date": "2014-06-30", 
        "operating_revenue": 1802963, 
        "short_term_average": 2027408
    }, 
    {
        "accumulated_operating_revenue_yoy": -9.280118137557551, 
        "accumulated_operating_revenue": 13935550, 
        "long_term_average": 2089846, 
        "date": "2014-07-31", 
        "operating_revenue": 1876370, 
        "short_term_average": 1951977
    }, 
    {
        "accumulated_operating_revenue_yoy": -10.027492711666577, 
        "accumulated_operating_revenue": 15668857, 
        "long_term_average": 2063114, 
        "date": "2014-08-31", 
        "operating_revenue": 1733307, 
        "short_term_average": 1804213
    }, 
    {
        "accumulated_operating_revenue_yoy": -12.377403720670875, 
        "accumulated_operating_revenue": 17322784, 
        "long_term_average": 2004724, 
        "date": "2014-09-30", 
        "operating_revenue": 1653927, 
        "short_term_average": 1754534
    }, 
    {
        "accumulated_operating_revenue_yoy": -14.235940676878778, 
        "accumulated_operating_revenue": 19057298, 
        "long_term_average": 1945030, 
        "date": "2014-10-31", 
        "operating_revenue": 1734514, 
        "short_term_average": 1707249
    }, 
    {
        "accumulated_operating_revenue_yoy": -15.035253890028155, 
        "accumulated_operating_revenue": 20700069, 
        "long_term_average": 1903385, 
        "date": "2014-11-30", 
        "operating_revenue": 1642771, 
        "short_term_average": 1677070
    }, 
    {
        "accumulated_operating_revenue_yoy": -15.624314481937185, 
        "accumulated_operating_revenue": 22362660, 
        "long_term_average": 1863555, 
        "date": "2014-12-31", 
        "operating_revenue": 1662591, 
        "short_term_average": 1679958
    }, 
    {
        "accumulated_operating_revenue_yoy": -34.73706908357074, 
        "accumulated_operating_revenue": 1501206, 
        "long_term_average": 1796968, 
        "date": "2015-01-31", 
        "operating_revenue": 1501206, 
        "short_term_average": 1602189
    }, 
    {
        "accumulated_operating_revenue_yoy": -32.16224382600019, 
        "accumulated_operating_revenue": 2703127, 
        "long_term_average": 1756757, 
        "date": "2015-02-28", 
        "operating_revenue": 1201921, 
        "short_term_average": 1455239
    }, 
    {
        "accumulated_operating_revenue_yoy": -22.820168935548107, 
        "accumulated_operating_revenue": 4613003, 
        "long_term_average": 1749892, 
        "date": "2015-03-31", 
        "operating_revenue": 1909876, 
        "short_term_average": 1537667
    }, 
    {
        "accumulated_operating_revenue_yoy": -19.5445007424856, 
        "accumulated_operating_revenue": 6500497, 
        "long_term_average": 1731961, 
        "date": "2015-04-30", 
        "operating_revenue": 1887494, 
        "short_term_average": 1666430
    }, 
    {
        "accumulated_operating_revenue_yoy": -20.67396779923826, 
        "accumulated_operating_revenue": 8135850, 
        "long_term_average": 1686857, 
        "date": "2015-05-31", 
        "operating_revenue": 1635353, 
        "short_term_average": 1810907
    }, 
    {
        "accumulated_operating_revenue_yoy": -20.118797463840828, 
        "accumulated_operating_revenue": 9633018, 
        "long_term_average": 1661374, 
        "date": "2015-06-30", 
        "operating_revenue": 1497168, 
        "short_term_average": 1673338
    }, 
    {
        "accumulated_operating_revenue_yoy": -22.81893430829784, 
        "accumulated_operating_revenue": 10755606, 
        "long_term_average": 1598559, 
        "date": "2015-07-31", 
        "operating_revenue": 1122588, 
        "short_term_average": 1418369
    }, 
    {
        "accumulated_operating_revenue_yoy": -24.234262907626256, 
        "accumulated_operating_revenue": 11871625, 
        "long_term_average": 1547119, 
        "date": "2015-08-31", 
        "operating_revenue": 1116019, 
        "short_term_average": 1245258
    }, 
    {
        "accumulated_operating_revenue_yoy": -23.944297868056314, 
        "accumulated_operating_revenue": 13174965, 
        "long_term_average": 1517903, 
        "date": "2015-09-30", 
        "operating_revenue": 1303340, 
        "short_term_average": 1180649
    }
]