[
    {
        "date": "2012-01-31", 
        "operating_revenue": 181266, 
        "accumulated_operating_revenue": 181266, 
        "long_term_average": 181266, 
        "short_term_average": 181266
    }, 
    {
        "date": "2012-02-29", 
        "operating_revenue": 164054, 
        "accumulated_operating_revenue": 345320, 
        "long_term_average": 172660, 
        "short_term_average": 172660
    }, 
    {
        "date": "2012-03-31", 
        "operating_revenue": 224327, 
        "accumulated_operating_revenue": 569647, 
        "long_term_average": 189882, 
        "short_term_average": 189882
    }, 
    {
        "date": "2012-04-30", 
        "operating_revenue": 232896, 
        "accumulated_operating_revenue": 802543, 
        "long_term_average": 200635, 
        "short_term_average": 207092
    }, 
    {
        "date": "2012-05-31", 
        "operating_revenue": 248597, 
        "accumulated_operating_revenue": 1051140, 
        "long_term_average": 210228, 
        "short_term_average": 235273
    }, 
    {
        "date": "2012-06-30", 
        "operating_revenue": 267372, 
        "accumulated_operating_revenue": 1318512, 
        "long_term_average": 219752, 
        "short_term_average": 249621
    }, 
    {
        "date": "2012-07-31", 
        "operating_revenue": 183615, 
        "accumulated_operating_revenue": 1502127, 
        "long_term_average": 214589, 
        "short_term_average": 233194
    }, 
    {
        "date": "2012-08-31", 
        "operating_revenue": 189963, 
        "accumulated_operating_revenue": 1692090, 
        "long_term_average": 211511, 
        "short_term_average": 213650
    }, 
    {
        "date": "2012-09-30", 
        "operating_revenue": 188433, 
        "accumulated_operating_revenue": 1880523, 
        "long_term_average": 208947, 
        "short_term_average": 187337
    }, 
    {
        "date": "2012-10-31", 
        "operating_revenue": 204755, 
        "accumulated_operating_revenue": 2085278, 
        "long_term_average": 208527, 
        "short_term_average": 194383
    }, 
    {
        "date": "2012-11-30", 
        "operating_revenue": 229503, 
        "accumulated_operating_revenue": 2314781, 
        "long_term_average": 210434, 
        "short_term_average": 207563
    }, 
    {
        "date": "2012-12-31", 
        "operating_revenue": 835879, 
        "accumulated_operating_revenue": 3150660, 
        "long_term_average": 262555, 
        "short_term_average": 423379
    }, 
    {
        "accumulated_operating_revenue_yoy": 45.18497677446405, 
        "accumulated_operating_revenue": 263171, 
        "long_term_average": 269380, 
        "date": "2013-01-31", 
        "operating_revenue": 263171, 
        "short_term_average": 442851
    }, 
    {
        "accumulated_operating_revenue_yoy": 41.149947874435306, 
        "accumulated_operating_revenue": 487419, 
        "long_term_average": 274396, 
        "date": "2013-02-28", 
        "operating_revenue": 224248, 
        "short_term_average": 441099
    }, 
    {
        "accumulated_operating_revenue_yoy": 37.59749458875409, 
        "accumulated_operating_revenue": 783820, 
        "long_term_average": 280402, 
        "date": "2013-03-31", 
        "operating_revenue": 296401, 
        "short_term_average": 261273
    }, 
    {
        "accumulated_operating_revenue_yoy": 35.298669354788466, 
        "accumulated_operating_revenue": 1085830, 
        "long_term_average": 286162, 
        "date": "2013-04-30", 
        "operating_revenue": 302010, 
        "short_term_average": 274219
    }, 
    {
        "accumulated_operating_revenue_yoy": 37.40377114371064, 
        "accumulated_operating_revenue": 1444306, 
        "long_term_average": 295318, 
        "date": "2013-05-31", 
        "operating_revenue": 358476, 
        "short_term_average": 318962
    }, 
    {
        "accumulated_operating_revenue_yoy": 32.67114747533583, 
        "accumulated_operating_revenue": 1749285, 
        "long_term_average": 298452, 
        "date": "2013-06-30", 
        "operating_revenue": 304979, 
        "short_term_average": 321821
    }, 
    {
        "accumulated_operating_revenue_yoy": 34.675097378583835, 
        "accumulated_operating_revenue": 2022991, 
        "long_term_average": 305960, 
        "date": "2013-07-31", 
        "operating_revenue": 273706, 
        "short_term_average": 312387
    }, 
    {
        "accumulated_operating_revenue_yoy": 35.961207737177105, 
        "accumulated_operating_revenue": 2300586, 
        "long_term_average": 313263, 
        "date": "2013-08-31", 
        "operating_revenue": 277595, 
        "short_term_average": 285426
    }, 
    {
        "accumulated_operating_revenue_yoy": 38.689130630149165, 
        "accumulated_operating_revenue": 2608081, 
        "long_term_average": 323184, 
        "date": "2013-09-30", 
        "operating_revenue": 307495, 
        "short_term_average": 286265
    }, 
    {
        "accumulated_operating_revenue_yoy": 45.212245081950705, 
        "accumulated_operating_revenue": 3028079, 
        "long_term_average": 341121, 
        "date": "2013-10-31", 
        "operating_revenue": 419998, 
        "short_term_average": 335029
    }, 
    {
        "accumulated_operating_revenue_yoy": 44.87556274222054, 
        "accumulated_operating_revenue": 3353552, 
        "long_term_average": 349119, 
        "date": "2013-11-30", 
        "operating_revenue": 325473, 
        "short_term_average": 350988
    }, 
    {
        "accumulated_operating_revenue_yoy": 17.38956282175798, 
        "accumulated_operating_revenue": 3698546, 
        "long_term_average": 308212, 
        "date": "2013-12-31", 
        "operating_revenue": 344994, 
        "short_term_average": 363488
    }, 
    {
        "accumulated_operating_revenue_yoy": 5.252098445497414, 
        "accumulated_operating_revenue": 276993, 
        "long_term_average": 309364, 
        "date": "2014-01-31", 
        "operating_revenue": 276993, 
        "short_term_average": 315820
    }, 
    {
        "accumulated_operating_revenue_yoy": -0.7576643503843716, 
        "accumulated_operating_revenue": 483726, 
        "long_term_average": 307904, 
        "date": "2014-02-28", 
        "operating_revenue": 206733, 
        "short_term_average": 276240
    }, 
    {
        "accumulated_operating_revenue_yoy": -3.272179837207522, 
        "accumulated_operating_revenue": 758172, 
        "long_term_average": 306074, 
        "date": "2014-03-31", 
        "operating_revenue": 274446, 
        "short_term_average": 252724
    }, 
    {
        "accumulated_operating_revenue_yoy": -2.9679599937375096, 
        "accumulated_operating_revenue": 1053603, 
        "long_term_average": 305526, 
        "date": "2014-04-30", 
        "operating_revenue": 295431, 
        "short_term_average": 258870
    }, 
    {
        "accumulated_operating_revenue_yoy": -7.234824199304025, 
        "accumulated_operating_revenue": 1339813, 
        "long_term_average": 299504, 
        "date": "2014-05-31", 
        "operating_revenue": 286210, 
        "short_term_average": 285362
    }, 
    {
        "accumulated_operating_revenue_yoy": -9.074679083168267, 
        "accumulated_operating_revenue": 1590543, 
        "long_term_average": 294983, 
        "date": "2014-06-30", 
        "operating_revenue": 250730, 
        "short_term_average": 277457
    }, 
    {
        "accumulated_operating_revenue_yoy": -3.898583829586983, 
        "accumulated_operating_revenue": 1944123, 
        "long_term_average": 301639, 
        "date": "2014-07-31", 
        "operating_revenue": 353580, 
        "short_term_average": 296840
    }, 
    {
        "accumulated_operating_revenue_yoy": 4.649206767319283, 
        "accumulated_operating_revenue": 2407545, 
        "long_term_average": 317125, 
        "date": "2014-08-31", 
        "operating_revenue": 463422, 
        "short_term_average": 355910
    }, 
    {
        "accumulated_operating_revenue_yoy": 3.3295361608784386, 
        "accumulated_operating_revenue": 2694918, 
        "long_term_average": 315448, 
        "date": "2014-09-30", 
        "operating_revenue": 287373, 
        "short_term_average": 368125
    }, 
    {
        "accumulated_operating_revenue_yoy": -1.9008751092689458, 
        "accumulated_operating_revenue": 2970519, 
        "long_term_average": 303415, 
        "date": "2014-10-31", 
        "operating_revenue": 275601, 
        "short_term_average": 342132
    }, 
    {
        "accumulated_operating_revenue_yoy": -3.076230814372343, 
        "accumulated_operating_revenue": 3250389, 
        "long_term_average": 299615, 
        "date": "2014-11-30", 
        "operating_revenue": 279870, 
        "short_term_average": 280948
    }, 
    {
        "accumulated_operating_revenue_yoy": -3.4634421202277865, 
        "accumulated_operating_revenue": 3570449, 
        "long_term_average": 297537, 
        "date": "2014-12-31", 
        "operating_revenue": 320060, 
        "short_term_average": 291843
    }, 
    {
        "accumulated_operating_revenue_yoy": -34.201225301722424, 
        "accumulated_operating_revenue": 182258, 
        "long_term_average": 289642, 
        "date": "2015-01-31", 
        "operating_revenue": 182258, 
        "short_term_average": 260729
    }, 
    {
        "accumulated_operating_revenue_yoy": -15.07196222654974, 
        "accumulated_operating_revenue": 410819, 
        "long_term_average": 291461, 
        "date": "2015-02-28", 
        "operating_revenue": 228561, 
        "short_term_average": 243626
    }, 
    {
        "accumulated_operating_revenue_yoy": -14.578881836839134, 
        "accumulated_operating_revenue": 647639, 
        "long_term_average": 288326, 
        "date": "2015-03-31", 
        "operating_revenue": 236820, 
        "short_term_average": 215879
    }, 
    {
        "accumulated_operating_revenue_yoy": -12.988288757719937, 
        "accumulated_operating_revenue": 916758, 
        "long_term_average": 286133, 
        "date": "2015-04-30", 
        "operating_revenue": 269119, 
        "short_term_average": 244833
    }, 
    {
        "accumulated_operating_revenue_yoy": -11.24156878609179, 
        "accumulated_operating_revenue": 1189197, 
        "long_term_average": 284986, 
        "date": "2015-05-31", 
        "operating_revenue": 272439, 
        "short_term_average": 259459
    }, 
    {
        "accumulated_operating_revenue_yoy": -10.32251250044796, 
        "accumulated_operating_revenue": 1426359, 
        "long_term_average": 283855, 
        "date": "2015-06-30", 
        "operating_revenue": 237162, 
        "short_term_average": 259573
    }, 
    {
        "accumulated_operating_revenue_yoy": -14.318795672907529, 
        "accumulated_operating_revenue": 1665748, 
        "long_term_average": 274339, 
        "date": "2015-07-31", 
        "operating_revenue": 239389, 
        "short_term_average": 249663
    }, 
    {
        "accumulated_operating_revenue_yoy": -20.792799303855173, 
        "accumulated_operating_revenue": 1906949, 
        "long_term_average": 255821, 
        "date": "2015-08-31", 
        "operating_revenue": 241201, 
        "short_term_average": 239250
    }
]