[
    {
        "date": "2011-09-30", 
        "operating_revenue": 954726, 
        "accumulated_operating_revenue": 954726, 
        "long_term_average": 954726, 
        "short_term_average": 954726
    }, 
    {
        "date": "2011-10-31", 
        "operating_revenue": 1010760, 
        "accumulated_operating_revenue": 1965486, 
        "long_term_average": 982743, 
        "short_term_average": 982743
    }, 
    {
        "date": "2011-11-30", 
        "operating_revenue": 1199534, 
        "accumulated_operating_revenue": 3165020, 
        "long_term_average": 1055006, 
        "short_term_average": 1055006
    }, 
    {
        "date": "2011-12-31", 
        "operating_revenue": 1052946, 
        "accumulated_operating_revenue": 4217966, 
        "long_term_average": 1054491, 
        "short_term_average": 1087746
    }, 
    {
        "date": "2012-01-31", 
        "operating_revenue": 866088, 
        "accumulated_operating_revenue": 866088, 
        "long_term_average": 1016810, 
        "short_term_average": 1039522
    }, 
    {
        "date": "2012-02-29", 
        "operating_revenue": 1015577, 
        "accumulated_operating_revenue": 1881665, 
        "long_term_average": 1016605, 
        "short_term_average": 978203
    }, 
    {
        "date": "2012-03-31", 
        "operating_revenue": 1108490, 
        "accumulated_operating_revenue": 2990155, 
        "long_term_average": 1029731, 
        "short_term_average": 996718
    }, 
    {
        "date": "2012-04-30", 
        "operating_revenue": 1026907, 
        "accumulated_operating_revenue": 4017062, 
        "long_term_average": 1029378, 
        "short_term_average": 1050324
    }, 
    {
        "date": "2012-05-31", 
        "operating_revenue": 1187414, 
        "accumulated_operating_revenue": 5204476, 
        "long_term_average": 1046938, 
        "short_term_average": 1107603
    }, 
    {
        "date": "2012-06-30", 
        "operating_revenue": 1257584, 
        "accumulated_operating_revenue": 6462060, 
        "long_term_average": 1068002, 
        "short_term_average": 1157301
    }, 
    {
        "date": "2012-07-31", 
        "operating_revenue": 1174200, 
        "accumulated_operating_revenue": 7636260, 
        "long_term_average": 1077656, 
        "short_term_average": 1206399
    }, 
    {
        "date": "2012-08-31", 
        "operating_revenue": 1254005, 
        "accumulated_operating_revenue": 8890265, 
        "long_term_average": 1092352, 
        "short_term_average": 1228596
    }, 
    {
        "accumulated_operating_revenue_yoy": 946.4422253086227, 
        "accumulated_operating_revenue": 9990656, 
        "long_term_average": 1104491, 
        "date": "2012-09-30", 
        "operating_revenue": 1100391, 
        "short_term_average": 1176198
    }, 
    {
        "accumulated_operating_revenue_yoy": 467.7148043791713, 
        "accumulated_operating_revenue": 11158355, 
        "long_term_average": 1117569, 
        "date": "2012-10-31", 
        "operating_revenue": 1167699, 
        "short_term_average": 1174031
    }, 
    {
        "accumulated_operating_revenue_yoy": 286.6566088049996, 
        "accumulated_operating_revenue": 12237759, 
        "long_term_average": 1107558, 
        "date": "2012-11-30", 
        "operating_revenue": 1079404, 
        "short_term_average": 1115831
    }, 
    {
        "accumulated_operating_revenue_yoy": 212.21588794219772, 
        "accumulated_operating_revenue": 13169160, 
        "long_term_average": 1097430, 
        "date": "2012-12-31", 
        "operating_revenue": 931401, 
        "short_term_average": 1059501
    }, 
    {
        "accumulated_operating_revenue_yoy": 23.786035599153895, 
        "accumulated_operating_revenue": 1072096, 
        "long_term_average": 1114597, 
        "date": "2013-01-31", 
        "operating_revenue": 1072096, 
        "short_term_average": 1027633
    }, 
    {
        "accumulated_operating_revenue_yoy": 7.298748714569278, 
        "accumulated_operating_revenue": 2019003, 
        "long_term_average": 1108874, 
        "date": "2013-02-28", 
        "operating_revenue": 946907, 
        "short_term_average": 983468
    }, 
    {
        "accumulated_operating_revenue_yoy": 5.815651696985608, 
        "accumulated_operating_revenue": 3164052, 
        "long_term_average": 1111921, 
        "date": "2013-03-31", 
        "operating_revenue": 1145049, 
        "short_term_average": 1054684
    }, 
    {
        "accumulated_operating_revenue_yoy": 2.6537305124989357, 
        "accumulated_operating_revenue": 4123664, 
        "long_term_average": 1106313, 
        "date": "2013-04-30", 
        "operating_revenue": 959612, 
        "short_term_average": 1017189
    }, 
    {
        "accumulated_operating_revenue_yoy": 4.497398008944609, 
        "accumulated_operating_revenue": 5438542, 
        "long_term_average": 1116935, 
        "date": "2013-05-31", 
        "operating_revenue": 1314878, 
        "short_term_average": 1139846
    }, 
    {
        "accumulated_operating_revenue_yoy": 4.005533839054419, 
        "accumulated_operating_revenue": 6720900, 
        "long_term_average": 1119000, 
        "date": "2013-06-30", 
        "operating_revenue": 1282358, 
        "short_term_average": 1185616
    }, 
    {
        "accumulated_operating_revenue_yoy": 4.576337107432172, 
        "accumulated_operating_revenue": 7985721, 
        "long_term_average": 1126551, 
        "date": "2013-07-31", 
        "operating_revenue": 1264821, 
        "short_term_average": 1287352
    }, 
    {
        "accumulated_operating_revenue_yoy": 3.6181711118847417, 
        "accumulated_operating_revenue": 9211930, 
        "long_term_average": 1124235, 
        "date": "2013-08-31", 
        "operating_revenue": 1226209, 
        "short_term_average": 1257796
    }, 
    {
        "accumulated_operating_revenue_yoy": 4.563704325321581, 
        "accumulated_operating_revenue": 10446600, 
        "long_term_average": 1135425, 
        "date": "2013-09-30", 
        "operating_revenue": 1234670, 
        "short_term_average": 1241900
    }, 
    {
        "accumulated_operating_revenue_yoy": 4.21896417527494, 
        "accumulated_operating_revenue": 11629122, 
        "long_term_average": 1136660, 
        "date": "2013-10-31", 
        "operating_revenue": 1182522, 
        "short_term_average": 1214467
    }, 
    {
        "accumulated_operating_revenue_yoy": 4.400282764189098, 
        "accumulated_operating_revenue": 12776255, 
        "long_term_average": 1142304, 
        "date": "2013-11-30", 
        "operating_revenue": 1147133, 
        "short_term_average": 1188108
    }, 
    {
        "accumulated_operating_revenue_yoy": 5.378832059144243, 
        "accumulated_operating_revenue": 13877507, 
        "long_term_average": 1156458, 
        "date": "2013-12-31", 
        "operating_revenue": 1101252, 
        "short_term_average": 1143635
    }, 
    {
        "accumulated_operating_revenue_yoy": -1.869701966988031, 
        "accumulated_operating_revenue": 1052051, 
        "long_term_average": 1154788, 
        "date": "2014-01-31", 
        "operating_revenue": 1052051, 
        "short_term_average": 1100145
    }, 
    {
        "accumulated_operating_revenue_yoy": -0.45547232965973794, 
        "accumulated_operating_revenue": 2009807, 
        "long_term_average": 1155692, 
        "date": "2014-02-28", 
        "operating_revenue": 957756, 
        "short_term_average": 1037019
    }, 
    {
        "accumulated_operating_revenue_yoy": -2.79145222644887, 
        "accumulated_operating_revenue": 3075729, 
        "long_term_average": 1149098, 
        "date": "2014-03-31", 
        "operating_revenue": 1065922, 
        "short_term_average": 1025243
    }, 
    {
        "accumulated_operating_revenue_yoy": 1.2596807111345638, 
        "accumulated_operating_revenue": 4175609, 
        "long_term_average": 1160787, 
        "date": "2014-04-30", 
        "operating_revenue": 1099880, 
        "short_term_average": 1041186
    }, 
    {
        "accumulated_operating_revenue_yoy": 1.2421159935879873, 
        "accumulated_operating_revenue": 5506095, 
        "long_term_average": 1162088, 
        "date": "2014-05-31", 
        "operating_revenue": 1330486, 
        "short_term_average": 1165429
    }, 
    {
        "accumulated_operating_revenue_yoy": 0.08702703506970792, 
        "accumulated_operating_revenue": 6726749, 
        "long_term_average": 1156946, 
        "date": "2014-06-30", 
        "operating_revenue": 1220654, 
        "short_term_average": 1217006
    }, 
    {
        "accumulated_operating_revenue_yoy": -1.3062189375261168, 
        "accumulated_operating_revenue": 7881410, 
        "long_term_average": 1147766, 
        "date": "2014-07-31", 
        "operating_revenue": 1154661, 
        "short_term_average": 1235267
    }, 
    {
        "accumulated_operating_revenue_yoy": -2.3396400102910033, 
        "accumulated_operating_revenue": 8996404, 
        "long_term_average": 1138498, 
        "date": "2014-08-31", 
        "operating_revenue": 1114994, 
        "short_term_average": 1163436
    }, 
    {
        "accumulated_operating_revenue_yoy": -4.740738613520189, 
        "accumulated_operating_revenue": 9951354, 
        "long_term_average": 1115188, 
        "date": "2014-09-30", 
        "operating_revenue": 954950, 
        "short_term_average": 1074868
    }, 
    {
        "accumulated_operating_revenue_yoy": -5.776489403069294, 
        "accumulated_operating_revenue": 10957367, 
        "long_term_average": 1100479, 
        "date": "2014-10-31", 
        "operating_revenue": 1006013, 
        "short_term_average": 1025319
    }, 
    {
        "accumulated_operating_revenue_yoy": -5.4475587721127985, 
        "accumulated_operating_revenue": 12080261, 
        "long_term_average": 1098459, 
        "date": "2014-11-30", 
        "operating_revenue": 1122894, 
        "short_term_average": 1027952
    }, 
    {
        "accumulated_operating_revenue_yoy": -4.787466509654796, 
        "accumulated_operating_revenue": 13213126, 
        "long_term_average": 1101093, 
        "date": "2014-12-31", 
        "operating_revenue": 1132865, 
        "short_term_average": 1087257
    }, 
    {
        "accumulated_operating_revenue_yoy": -1.0338852394037932, 
        "accumulated_operating_revenue": 1041174, 
        "long_term_average": 1100187, 
        "date": "2015-01-31", 
        "operating_revenue": 1041174, 
        "short_term_average": 1098977
    }, 
    {
        "accumulated_operating_revenue_yoy": -14.466612963334292, 
        "accumulated_operating_revenue": 1719056, 
        "long_term_average": 1076864, 
        "date": "2015-02-28", 
        "operating_revenue": 677882, 
        "short_term_average": 950640
    }, 
    {
        "accumulated_operating_revenue_yoy": -10.844063309868977, 
        "accumulated_operating_revenue": 2742195, 
        "long_term_average": 1073299, 
        "date": "2015-03-31", 
        "operating_revenue": 1023139, 
        "short_term_average": 914065
    }, 
    {
        "accumulated_operating_revenue_yoy": -8.168772507195957, 
        "accumulated_operating_revenue": 3834513, 
        "long_term_average": 1072669, 
        "date": "2015-04-30", 
        "operating_revenue": 1092318, 
        "short_term_average": 931113
    }, 
    {
        "accumulated_operating_revenue_yoy": -8.070383820112076, 
        "accumulated_operating_revenue": 5061732, 
        "long_term_average": 1064063, 
        "date": "2015-05-31", 
        "operating_revenue": 1227219, 
        "short_term_average": 1114225
    }, 
    {
        "accumulated_operating_revenue_yoy": -7.15375287527452, 
        "accumulated_operating_revenue": 6245534, 
        "long_term_average": 1060992, 
        "date": "2015-06-30", 
        "operating_revenue": 1183802, 
        "short_term_average": 1167779
    }, 
    {
        "accumulated_operating_revenue_yoy": -5.589126818678384, 
        "accumulated_operating_revenue": 7440908, 
        "long_term_average": 1064385, 
        "date": "2015-07-31", 
        "operating_revenue": 1195374, 
        "short_term_average": 1202131
    }, 
    {
        "accumulated_operating_revenue_yoy": -4.788991245835558, 
        "accumulated_operating_revenue": 8565567, 
        "long_term_average": 1065190, 
        "date": "2015-08-31", 
        "operating_revenue": 1124659, 
        "short_term_average": 1167945
    }
]