[
    {
        "date": "2012-01-31", 
        "operating_revenue": 156464, 
        "accumulated_operating_revenue": 156464, 
        "long_term_average": 156464, 
        "short_term_average": 156464
    }, 
    {
        "date": "2012-02-29", 
        "operating_revenue": 173870, 
        "accumulated_operating_revenue": 330334, 
        "long_term_average": 165167, 
        "short_term_average": 165167
    }, 
    {
        "date": "2012-03-31", 
        "operating_revenue": 199434, 
        "accumulated_operating_revenue": 529768, 
        "long_term_average": 176589, 
        "short_term_average": 176589
    }, 
    {
        "date": "2012-04-30", 
        "operating_revenue": 177583, 
        "accumulated_operating_revenue": 707351, 
        "long_term_average": 176837, 
        "short_term_average": 183629
    }, 
    {
        "date": "2012-05-31", 
        "operating_revenue": 187332, 
        "accumulated_operating_revenue": 894683, 
        "long_term_average": 178936, 
        "short_term_average": 188116
    }, 
    {
        "date": "2012-06-30", 
        "operating_revenue": 163521, 
        "accumulated_operating_revenue": 1058204, 
        "long_term_average": 176367, 
        "short_term_average": 176145
    }, 
    {
        "date": "2012-07-31", 
        "operating_revenue": 162254, 
        "accumulated_operating_revenue": 1220458, 
        "long_term_average": 174351, 
        "short_term_average": 171035
    }, 
    {
        "date": "2012-08-31", 
        "operating_revenue": 210169, 
        "accumulated_operating_revenue": 1430627, 
        "long_term_average": 178828, 
        "short_term_average": 178648
    }, 
    {
        "date": "2012-09-30", 
        "operating_revenue": 185537, 
        "accumulated_operating_revenue": 1616164, 
        "long_term_average": 179573, 
        "short_term_average": 185986
    }, 
    {
        "date": "2012-10-31", 
        "operating_revenue": 189105, 
        "accumulated_operating_revenue": 1805269, 
        "long_term_average": 180526, 
        "short_term_average": 194937
    }, 
    {
        "date": "2012-11-30", 
        "operating_revenue": 171314, 
        "accumulated_operating_revenue": 1976583, 
        "long_term_average": 179689, 
        "short_term_average": 181985
    }, 
    {
        "date": "2012-12-31", 
        "operating_revenue": 192100, 
        "accumulated_operating_revenue": 2168683, 
        "long_term_average": 180723, 
        "short_term_average": 184173
    }, 
    {
        "accumulated_operating_revenue_yoy": 26.51408630739339, 
        "accumulated_operating_revenue": 197949, 
        "long_term_average": 184180, 
        "date": "2013-01-31", 
        "operating_revenue": 197949, 
        "short_term_average": 187121
    }, 
    {
        "accumulated_operating_revenue_yoy": 2.215333571476142, 
        "accumulated_operating_revenue": 337652, 
        "long_term_average": 181333, 
        "date": "2013-02-28", 
        "operating_revenue": 139703, 
        "short_term_average": 176584
    }, 
    {
        "accumulated_operating_revenue_yoy": 2.580752329321514, 
        "accumulated_operating_revenue": 543440, 
        "long_term_average": 181862, 
        "date": "2013-03-31", 
        "operating_revenue": 205788, 
        "short_term_average": 181146
    }, 
    {
        "accumulated_operating_revenue_yoy": 4.181940790357262, 
        "accumulated_operating_revenue": 736932, 
        "long_term_average": 183188, 
        "date": "2013-04-30", 
        "operating_revenue": 193492, 
        "short_term_average": 179661
    }, 
    {
        "accumulated_operating_revenue_yoy": 3.1329532359506107, 
        "accumulated_operating_revenue": 922713, 
        "long_term_average": 183059, 
        "date": "2013-05-31", 
        "operating_revenue": 185781, 
        "short_term_average": 195020
    }, 
    {
        "accumulated_operating_revenue_yoy": 2.819966660492684, 
        "accumulated_operating_revenue": 1088045, 
        "long_term_average": 183210, 
        "date": "2013-06-30", 
        "operating_revenue": 165332, 
        "short_term_average": 181535
    }, 
    {
        "accumulated_operating_revenue_yoy": 2.3515762115533674, 
        "accumulated_operating_revenue": 1249158, 
        "long_term_average": 183115, 
        "date": "2013-07-31", 
        "operating_revenue": 161113, 
        "short_term_average": 170742
    }, 
    {
        "accumulated_operating_revenue_yoy": 0.02628218256750362, 
        "accumulated_operating_revenue": 1431003, 
        "long_term_average": 180754, 
        "date": "2013-08-31", 
        "operating_revenue": 181845, 
        "short_term_average": 169430
    }, 
    {
        "accumulated_operating_revenue_yoy": -1.2865031024079239, 
        "accumulated_operating_revenue": 1595372, 
        "long_term_average": 178990, 
        "date": "2013-09-30", 
        "operating_revenue": 164369, 
        "short_term_average": 169109
    }, 
    {
        "accumulated_operating_revenue_yoy": 0.0881863035370352, 
        "accumulated_operating_revenue": 1806861, 
        "long_term_average": 180856, 
        "date": "2013-10-31", 
        "operating_revenue": 211489, 
        "short_term_average": 185901
    }, 
    {
        "accumulated_operating_revenue_yoy": 0.6854758945108806, 
        "accumulated_operating_revenue": 1990132, 
        "long_term_average": 181852, 
        "date": "2013-11-30", 
        "operating_revenue": 183271, 
        "short_term_average": 186376
    }, 
    {
        "accumulated_operating_revenue_yoy": -0.6994106561447662, 
        "accumulated_operating_revenue": 2153515, 
        "long_term_average": 179459, 
        "date": "2013-12-31", 
        "operating_revenue": 163383, 
        "short_term_average": 186047
    }, 
    {
        "accumulated_operating_revenue_yoy": -19.034195676664194, 
        "accumulated_operating_revenue": 160271, 
        "long_term_average": 176319, 
        "date": "2014-01-31", 
        "operating_revenue": 160271, 
        "short_term_average": 168975
    }, 
    {
        "accumulated_operating_revenue_yoy": -8.550223306836624, 
        "accumulated_operating_revenue": 308782, 
        "long_term_average": 177053, 
        "date": "2014-02-28", 
        "operating_revenue": 148511, 
        "short_term_average": 157388
    }, 
    {
        "accumulated_operating_revenue_yoy": -3.3867584277933167, 
        "accumulated_operating_revenue": 525035, 
        "long_term_average": 177925, 
        "date": "2014-03-31", 
        "operating_revenue": 216253, 
        "short_term_average": 175011
    }, 
    {
        "accumulated_operating_revenue_yoy": -4.938718904865035, 
        "accumulated_operating_revenue": 700537, 
        "long_term_average": 176426, 
        "date": "2014-04-30", 
        "operating_revenue": 175502, 
        "short_term_average": 180088
    }, 
    {
        "accumulated_operating_revenue_yoy": -6.340324673002332, 
        "accumulated_operating_revenue": 864210, 
        "long_term_average": 174584, 
        "date": "2014-05-31", 
        "operating_revenue": 163673, 
        "short_term_average": 185142
    }, 
    {
        "accumulated_operating_revenue_yoy": -6.78997651751536, 
        "accumulated_operating_revenue": 1014167, 
        "long_term_average": 173303, 
        "date": "2014-06-30", 
        "operating_revenue": 149957, 
        "short_term_average": 163044
    }, 
    {
        "accumulated_operating_revenue_yoy": -4.932202331490492, 
        "accumulated_operating_revenue": 1187547, 
        "long_term_average": 174325, 
        "date": "2014-07-31", 
        "operating_revenue": 173380, 
        "short_term_average": 162336
    }, 
    {
        "accumulated_operating_revenue_yoy": -4.700968481547558, 
        "accumulated_operating_revenue": 1363732, 
        "long_term_average": 173853, 
        "date": "2014-08-31", 
        "operating_revenue": 176185, 
        "short_term_average": 166507
    }, 
    {
        "accumulated_operating_revenue_yoy": -3.460258798574878, 
        "accumulated_operating_revenue": 1540168, 
        "long_term_average": 174859, 
        "date": "2014-09-30", 
        "operating_revenue": 176436, 
        "short_term_average": 175333
    }, 
    {
        "accumulated_operating_revenue_yoy": -4.643245938674863, 
        "accumulated_operating_revenue": 1722964, 
        "long_term_average": 172468, 
        "date": "2014-10-31", 
        "operating_revenue": 182796, 
        "short_term_average": 178472
    }, 
    {
        "accumulated_operating_revenue_yoy": -4.069880791826874, 
        "accumulated_operating_revenue": 1909136, 
        "long_term_average": 172709, 
        "date": "2014-11-30", 
        "operating_revenue": 186172, 
        "short_term_average": 181801
    }, 
    {
        "accumulated_operating_revenue_yoy": -1.5604256297262846, 
        "accumulated_operating_revenue": 2119911, 
        "long_term_average": 176659, 
        "date": "2014-12-31", 
        "operating_revenue": 210775, 
        "short_term_average": 193247
    }, 
    {
        "accumulated_operating_revenue_yoy": 29.120052910383038, 
        "accumulated_operating_revenue": 206942, 
        "long_term_average": 180548, 
        "date": "2015-01-31", 
        "operating_revenue": 206942, 
        "short_term_average": 201296
    }, 
    {
        "accumulated_operating_revenue_yoy": 19.657233906121473, 
        "accumulated_operating_revenue": 369480, 
        "long_term_average": 181717, 
        "date": "2015-02-28", 
        "operating_revenue": 162538, 
        "short_term_average": 193418
    }, 
    {
        "accumulated_operating_revenue_yoy": 9.793251878446199, 
        "accumulated_operating_revenue": 576453, 
        "long_term_average": 180944, 
        "date": "2015-03-31", 
        "operating_revenue": 206973, 
        "short_term_average": 192151
    }, 
    {
        "accumulated_operating_revenue_yoy": 6.054069949196117, 
        "accumulated_operating_revenue": 742948, 
        "long_term_average": 180193, 
        "date": "2015-04-30", 
        "operating_revenue": 166495, 
        "short_term_average": 178668
    }, 
    {
        "accumulated_operating_revenue_yoy": 5.443815739230049, 
        "accumulated_operating_revenue": 911256, 
        "long_term_average": 180579, 
        "date": "2015-05-31", 
        "operating_revenue": 168308, 
        "short_term_average": 180592
    }, 
    {
        "accumulated_operating_revenue_yoy": 5.130811789379855, 
        "accumulated_operating_revenue": 1066202, 
        "long_term_average": 180995, 
        "date": "2015-06-30", 
        "operating_revenue": 154946, 
        "short_term_average": 163249
    }, 
    {
        "accumulated_operating_revenue_yoy": 2.6132018353799893, 
        "accumulated_operating_revenue": 1218580, 
        "long_term_average": 179245, 
        "date": "2015-07-31", 
        "operating_revenue": 152378, 
        "short_term_average": 158544
    }, 
    {
        "accumulated_operating_revenue_yoy": 0.6055441978335919, 
        "accumulated_operating_revenue": 1371990, 
        "long_term_average": 177347, 
        "date": "2015-08-31", 
        "operating_revenue": 153410, 
        "short_term_average": 153578
    }, 
    {
        "accumulated_operating_revenue_yoy": -1.141368993512396, 
        "accumulated_operating_revenue": 1522589, 
        "long_term_average": 175194, 
        "date": "2015-09-30", 
        "operating_revenue": 150599, 
        "short_term_average": 152129
    }, 
    {
        "accumulated_operating_revenue_yoy": -3.020260434924932, 
        "accumulated_operating_revenue": 1670926, 
        "long_term_average": 172322, 
        "date": "2015-10-31", 
        "operating_revenue": 148337, 
        "short_term_average": 150782
    }
]