[
    {
        "date": "2012-01-31", 
        "operating_revenue": 8289, 
        "accumulated_operating_revenue": 8289, 
        "long_term_average": 8289, 
        "short_term_average": 8289
    }, 
    {
        "date": "2012-02-29", 
        "operating_revenue": 29326, 
        "accumulated_operating_revenue": 37615, 
        "long_term_average": 18807, 
        "short_term_average": 18807
    }, 
    {
        "date": "2012-03-31", 
        "operating_revenue": 41856, 
        "accumulated_operating_revenue": 79471, 
        "long_term_average": 26490, 
        "short_term_average": 26490
    }, 
    {
        "date": "2012-04-30", 
        "operating_revenue": 19671, 
        "accumulated_operating_revenue": 99142, 
        "long_term_average": 24785, 
        "short_term_average": 30284
    }, 
    {
        "date": "2012-05-31", 
        "operating_revenue": 17877, 
        "accumulated_operating_revenue": 117019, 
        "long_term_average": 23403, 
        "short_term_average": 26468
    }, 
    {
        "date": "2012-06-30", 
        "operating_revenue": 78499, 
        "accumulated_operating_revenue": 195518, 
        "long_term_average": 32586, 
        "short_term_average": 38682
    }, 
    {
        "date": "2012-07-31", 
        "operating_revenue": 26602, 
        "accumulated_operating_revenue": 222120, 
        "long_term_average": 31731, 
        "short_term_average": 40992
    }, 
    {
        "date": "2012-08-31", 
        "operating_revenue": 50131, 
        "accumulated_operating_revenue": 272251, 
        "long_term_average": 34031, 
        "short_term_average": 51744
    }, 
    {
        "date": "2012-09-30", 
        "operating_revenue": 134350, 
        "accumulated_operating_revenue": 406601, 
        "long_term_average": 45177, 
        "short_term_average": 70361
    }, 
    {
        "date": "2012-10-31", 
        "operating_revenue": 106808, 
        "accumulated_operating_revenue": 513409, 
        "long_term_average": 51340, 
        "short_term_average": 97096
    }, 
    {
        "date": "2012-11-30", 
        "operating_revenue": 93517, 
        "accumulated_operating_revenue": 606926, 
        "long_term_average": 55175, 
        "short_term_average": 111558
    }, 
    {
        "date": "2012-12-31", 
        "operating_revenue": 87528, 
        "accumulated_operating_revenue": 694454, 
        "long_term_average": 57871, 
        "short_term_average": 95951
    }, 
    {
        "accumulated_operating_revenue_yoy": 89.91434431173845, 
        "accumulated_operating_revenue": 15742, 
        "long_term_average": 58492, 
        "date": "2013-01-31", 
        "operating_revenue": 15742, 
        "short_term_average": 65595
    }, 
    {
        "accumulated_operating_revenue_yoy": -21.932739598564403, 
        "accumulated_operating_revenue": 29365, 
        "long_term_average": 57183, 
        "date": "2013-02-28", 
        "operating_revenue": 13623, 
        "short_term_average": 38964
    }, 
    {
        "accumulated_operating_revenue_yoy": -43.82479143335305, 
        "accumulated_operating_revenue": 44643, 
        "long_term_average": 54968, 
        "date": "2013-03-31", 
        "operating_revenue": 15278, 
        "short_term_average": 14881
    }, 
    {
        "accumulated_operating_revenue_yoy": -34.99525932500857, 
        "accumulated_operating_revenue": 64447, 
        "long_term_average": 54979, 
        "date": "2013-04-30", 
        "operating_revenue": 19804, 
        "short_term_average": 16235
    }, 
    {
        "accumulated_operating_revenue_yoy": -26.58969910869175, 
        "accumulated_operating_revenue": 85904, 
        "long_term_average": 55278, 
        "date": "2013-05-31", 
        "operating_revenue": 21457, 
        "short_term_average": 18846
    }, 
    {
        "accumulated_operating_revenue_yoy": -38.11413782874211, 
        "accumulated_operating_revenue": 120998, 
        "long_term_average": 51661, 
        "date": "2013-06-30", 
        "operating_revenue": 35094, 
        "short_term_average": 25451
    }, 
    {
        "accumulated_operating_revenue_yoy": -36.419953178462094, 
        "accumulated_operating_revenue": 141224, 
        "long_term_average": 51129, 
        "date": "2013-07-31", 
        "operating_revenue": 20226, 
        "short_term_average": 25592
    }, 
    {
        "accumulated_operating_revenue_yoy": -42.37045961263687, 
        "accumulated_operating_revenue": 156897, 
        "long_term_average": 48258, 
        "date": "2013-08-31", 
        "operating_revenue": 15673, 
        "short_term_average": 23664
    }, 
    {
        "accumulated_operating_revenue_yoy": -57.216288203914885, 
        "accumulated_operating_revenue": 173959, 
        "long_term_average": 38484, 
        "date": "2013-09-30", 
        "operating_revenue": 17062, 
        "short_term_average": 17653
    }, 
    {
        "accumulated_operating_revenue_yoy": -57.203126552125106, 
        "accumulated_operating_revenue": 219723, 
        "long_term_average": 33397, 
        "date": "2013-10-31", 
        "operating_revenue": 45764, 
        "short_term_average": 26166
    }, 
    {
        "accumulated_operating_revenue_yoy": -56.02742344206707, 
        "accumulated_operating_revenue": 266881, 
        "long_term_average": 29534, 
        "date": "2013-11-30", 
        "operating_revenue": 47158, 
        "short_term_average": 36661
    }, 
    {
        "accumulated_operating_revenue_yoy": -57.330651130240454, 
        "accumulated_operating_revenue": 296319, 
        "long_term_average": 24693, 
        "date": "2013-12-31", 
        "operating_revenue": 29438, 
        "short_term_average": 40786
    }, 
    {
        "accumulated_operating_revenue_yoy": 195.6930504383179, 
        "accumulated_operating_revenue": 46548, 
        "long_term_average": 27260, 
        "date": "2014-01-31", 
        "operating_revenue": 46548, 
        "short_term_average": 41048
    }, 
    {
        "accumulated_operating_revenue_yoy": 82.56087178613997, 
        "accumulated_operating_revenue": 53609, 
        "long_term_average": 26713, 
        "date": "2014-02-28", 
        "operating_revenue": 7061, 
        "short_term_average": 27682
    }, 
    {
        "accumulated_operating_revenue_yoy": 34.54292946262572, 
        "accumulated_operating_revenue": 60064, 
        "long_term_average": 25978, 
        "date": "2014-03-31", 
        "operating_revenue": 6455, 
        "short_term_average": 20021
    }, 
    {
        "accumulated_operating_revenue_yoy": 13.198442130743091, 
        "accumulated_operating_revenue": 72953, 
        "long_term_average": 25402, 
        "date": "2014-04-30", 
        "operating_revenue": 12889, 
        "short_term_average": 8801
    }, 
    {
        "accumulated_operating_revenue_yoy": 4.477090705904265, 
        "accumulated_operating_revenue": 89750, 
        "long_term_average": 25013, 
        "date": "2014-05-31", 
        "operating_revenue": 16797, 
        "short_term_average": 12047
    }, 
    {
        "accumulated_operating_revenue_yoy": -17.973024347509874, 
        "accumulated_operating_revenue": 99251, 
        "long_term_average": 22881, 
        "date": "2014-06-30", 
        "operating_revenue": 9501, 
        "short_term_average": 13062
    }, 
    {
        "accumulated_operating_revenue_yoy": -6.447912536112842, 
        "accumulated_operating_revenue": 132118, 
        "long_term_average": 23934, 
        "date": "2014-07-31", 
        "operating_revenue": 32867, 
        "short_term_average": 19721
    }, 
    {
        "accumulated_operating_revenue_yoy": -1.8209398522597626, 
        "accumulated_operating_revenue": 154040, 
        "long_term_average": 24455, 
        "date": "2014-08-31", 
        "operating_revenue": 21922, 
        "short_term_average": 21430
    }, 
    {
        "accumulated_operating_revenue_yoy": 2.6822412177582073, 
        "accumulated_operating_revenue": 178625, 
        "long_term_average": 25082, 
        "date": "2014-09-30", 
        "operating_revenue": 24585, 
        "short_term_average": 26458
    }, 
    {
        "accumulated_operating_revenue_yoy": -8.084724858116811, 
        "accumulated_operating_revenue": 201959, 
        "long_term_average": 23212, 
        "date": "2014-10-31", 
        "operating_revenue": 23334, 
        "short_term_average": 23280
    }, 
    {
        "accumulated_operating_revenue_yoy": -18.253828485354894, 
        "accumulated_operating_revenue": 218165, 
        "long_term_average": 20633, 
        "date": "2014-11-30", 
        "operating_revenue": 16206, 
        "short_term_average": 21375
    }, 
    {
        "accumulated_operating_revenue_yoy": -21.228810842369203, 
        "accumulated_operating_revenue": 233414, 
        "long_term_average": 19451, 
        "date": "2014-12-31", 
        "operating_revenue": 15249, 
        "short_term_average": 18263
    }, 
    {
        "accumulated_operating_revenue_yoy": -71.96872046059981, 
        "accumulated_operating_revenue": 13048, 
        "long_term_average": 16659, 
        "date": "2015-01-31", 
        "operating_revenue": 13048, 
        "short_term_average": 14834
    }, 
    {
        "accumulated_operating_revenue_yoy": -58.238355500009334, 
        "accumulated_operating_revenue": 22388, 
        "long_term_average": 16849, 
        "date": "2015-02-28", 
        "operating_revenue": 9340, 
        "short_term_average": 12545
    }, 
    {
        "accumulated_operating_revenue_yoy": -48.54488545551412, 
        "accumulated_operating_revenue": 30906, 
        "long_term_average": 17021, 
        "date": "2015-03-31", 
        "operating_revenue": 8518, 
        "short_term_average": 10302
    }, 
    {
        "accumulated_operating_revenue_yoy": -44.87272627582142, 
        "accumulated_operating_revenue": 40217, 
        "long_term_average": 16723, 
        "date": "2015-04-30", 
        "operating_revenue": 9311, 
        "short_term_average": 9056
    }, 
    {
        "accumulated_operating_revenue_yoy": 183.49080779944288, 
        "accumulated_operating_revenue": 254433, 
        "long_term_average": 33174, 
        "date": "2015-05-31", 
        "operating_revenue": 214216, 
        "short_term_average": 77348
    }, 
    {
        "accumulated_operating_revenue_yoy": 199.10529868716688, 
        "accumulated_operating_revenue": 296865, 
        "long_term_average": 35919, 
        "date": "2015-06-30", 
        "operating_revenue": 42432, 
        "short_term_average": 88653
    }, 
    {
        "accumulated_operating_revenue_yoy": 128.18919450793987, 
        "accumulated_operating_revenue": 301479, 
        "long_term_average": 33564, 
        "date": "2015-07-31", 
        "operating_revenue": 4614, 
        "short_term_average": 87087
    }, 
    {
        "accumulated_operating_revenue_yoy": 97.17281225655674, 
        "accumulated_operating_revenue": 303725, 
        "long_term_average": 31924, 
        "date": "2015-08-31", 
        "operating_revenue": 2246, 
        "short_term_average": 16430
    }, 
    {
        "accumulated_operating_revenue_yoy": 72.11420573827851, 
        "accumulated_operating_revenue": 307439, 
        "long_term_average": 30185, 
        "date": "2015-09-30", 
        "operating_revenue": 3714, 
        "short_term_average": 3524
    }
]