[
    {
        "date": "2012-01-31", 
        "operating_revenue": 155796, 
        "accumulated_operating_revenue": 155796, 
        "long_term_average": 155796, 
        "short_term_average": 155796
    }, 
    {
        "date": "2012-02-29", 
        "operating_revenue": 204845, 
        "accumulated_operating_revenue": 360641, 
        "long_term_average": 180320, 
        "short_term_average": 180320
    }, 
    {
        "date": "2012-03-31", 
        "operating_revenue": 206463, 
        "accumulated_operating_revenue": 567104, 
        "long_term_average": 189034, 
        "short_term_average": 189034
    }, 
    {
        "date": "2012-04-30", 
        "operating_revenue": 207261, 
        "accumulated_operating_revenue": 774365, 
        "long_term_average": 193591, 
        "short_term_average": 206189
    }, 
    {
        "date": "2012-05-31", 
        "operating_revenue": 181453, 
        "accumulated_operating_revenue": 955818, 
        "long_term_average": 191163, 
        "short_term_average": 198392
    }, 
    {
        "date": "2012-06-30", 
        "operating_revenue": 167036, 
        "accumulated_operating_revenue": 1122854, 
        "long_term_average": 187142, 
        "short_term_average": 185250
    }, 
    {
        "date": "2012-07-31", 
        "operating_revenue": 213661, 
        "accumulated_operating_revenue": 1336515, 
        "long_term_average": 190930, 
        "short_term_average": 187383
    }, 
    {
        "date": "2012-08-31", 
        "operating_revenue": 168198, 
        "accumulated_operating_revenue": 1504713, 
        "long_term_average": 188089, 
        "short_term_average": 182965
    }, 
    {
        "date": "2012-09-30", 
        "operating_revenue": 142586, 
        "accumulated_operating_revenue": 1647299, 
        "long_term_average": 183033, 
        "short_term_average": 174815
    }, 
    {
        "date": "2012-10-31", 
        "operating_revenue": 176648, 
        "accumulated_operating_revenue": 1823947, 
        "long_term_average": 182394, 
        "short_term_average": 162477
    }, 
    {
        "date": "2012-11-30", 
        "operating_revenue": 174000, 
        "accumulated_operating_revenue": 1997947, 
        "long_term_average": 181631, 
        "short_term_average": 164411
    }, 
    {
        "date": "2012-12-31", 
        "operating_revenue": 156121, 
        "accumulated_operating_revenue": 2154068, 
        "long_term_average": 179505, 
        "short_term_average": 168923
    }, 
    {
        "accumulated_operating_revenue_yoy": 6.350612339212816, 
        "accumulated_operating_revenue": 165690, 
        "long_term_average": 180330, 
        "date": "2013-01-31", 
        "operating_revenue": 165690, 
        "short_term_average": 165270
    }, 
    {
        "accumulated_operating_revenue_yoy": -12.763939762811216, 
        "accumulated_operating_revenue": 314609, 
        "long_term_average": 175669, 
        "date": "2013-02-28", 
        "operating_revenue": 148919, 
        "short_term_average": 156910
    }, 
    {
        "accumulated_operating_revenue_yoy": -13.261059699808147, 
        "accumulated_operating_revenue": 491900, 
        "long_term_average": 173238, 
        "date": "2013-03-31", 
        "operating_revenue": 177291, 
        "short_term_average": 163966
    }, 
    {
        "accumulated_operating_revenue_yoy": -13.789233759273728, 
        "accumulated_operating_revenue": 667586, 
        "long_term_average": 170607, 
        "date": "2013-04-30", 
        "operating_revenue": 175686, 
        "short_term_average": 167298
    }, 
    {
        "accumulated_operating_revenue_yoy": -9.485487822995593, 
        "accumulated_operating_revenue": 865154, 
        "long_term_average": 171950, 
        "date": "2013-05-31", 
        "operating_revenue": 197568, 
        "short_term_average": 183515
    }, 
    {
        "accumulated_operating_revenue_yoy": -5.036807991065624, 
        "accumulated_operating_revenue": 1066298, 
        "long_term_average": 174792, 
        "date": "2013-06-30", 
        "operating_revenue": 201144, 
        "short_term_average": 191466
    }, 
    {
        "accumulated_operating_revenue_yoy": -6.464648731963353, 
        "accumulated_operating_revenue": 1250114, 
        "long_term_average": 172305, 
        "date": "2013-07-31", 
        "operating_revenue": 183816, 
        "short_term_average": 194176
    }, 
    {
        "accumulated_operating_revenue_yoy": -4.293310418664556, 
        "accumulated_operating_revenue": 1440111, 
        "long_term_average": 174122, 
        "date": "2013-08-31", 
        "operating_revenue": 189997, 
        "short_term_average": 191652
    }, 
    {
        "accumulated_operating_revenue_yoy": -2.271536618428106, 
        "accumulated_operating_revenue": 1609880, 
        "long_term_average": 176387, 
        "date": "2013-09-30", 
        "operating_revenue": 169769, 
        "short_term_average": 181194
    }, 
    {
        "accumulated_operating_revenue_yoy": -3.0811750560734494, 
        "accumulated_operating_revenue": 1767748, 
        "long_term_average": 174822, 
        "date": "2013-10-31", 
        "operating_revenue": 157868, 
        "short_term_average": 172544
    }, 
    {
        "accumulated_operating_revenue_yoy": -3.810811798310966, 
        "accumulated_operating_revenue": 1921809, 
        "long_term_average": 173160, 
        "date": "2013-11-30", 
        "operating_revenue": 154061, 
        "short_term_average": 160566
    }, 
    {
        "accumulated_operating_revenue_yoy": -3.5841022660380264, 
        "accumulated_operating_revenue": 2076864, 
        "long_term_average": 173072, 
        "date": "2013-12-31", 
        "operating_revenue": 155055, 
        "short_term_average": 155661
    }, 
    {
        "accumulated_operating_revenue_yoy": -13.13718389764017, 
        "accumulated_operating_revenue": 143923, 
        "long_term_average": 171258, 
        "date": "2014-01-31", 
        "operating_revenue": 143923, 
        "short_term_average": 151013
    }, 
    {
        "accumulated_operating_revenue_yoy": -12.370911194530354, 
        "accumulated_operating_revenue": 275689, 
        "long_term_average": 169828, 
        "date": "2014-02-28", 
        "operating_revenue": 131766, 
        "short_term_average": 143581
    }, 
    {
        "accumulated_operating_revenue_yoy": -7.2746493189672705, 
        "accumulated_operating_revenue": 456116, 
        "long_term_average": 170090, 
        "date": "2014-03-31", 
        "operating_revenue": 180427, 
        "short_term_average": 152038
    }, 
    {
        "accumulated_operating_revenue_yoy": -1.013652173652533, 
        "accumulated_operating_revenue": 660819, 
        "long_term_average": 172508, 
        "date": "2014-04-30", 
        "operating_revenue": 204703, 
        "short_term_average": 172298
    }, 
    {
        "accumulated_operating_revenue_yoy": -3.061535865291035, 
        "accumulated_operating_revenue": 838667, 
        "long_term_average": 170864, 
        "date": "2014-05-31", 
        "operating_revenue": 177848, 
        "short_term_average": 187659
    }, 
    {
        "accumulated_operating_revenue_yoy": -5.244312565530461, 
        "accumulated_operating_revenue": 1010378, 
        "long_term_average": 168412, 
        "date": "2014-06-30", 
        "operating_revenue": 171711, 
        "short_term_average": 184754
    }, 
    {
        "accumulated_operating_revenue_yoy": -3.0186047032510634, 
        "accumulated_operating_revenue": 1212378, 
        "long_term_average": 169927, 
        "date": "2014-07-31", 
        "operating_revenue": 202000, 
        "short_term_average": 183853
    }, 
    {
        "accumulated_operating_revenue_yoy": -2.3642621992332535, 
        "accumulated_operating_revenue": 1406063, 
        "long_term_average": 170234, 
        "date": "2014-08-31", 
        "operating_revenue": 193685, 
        "short_term_average": 189132
    }, 
    {
        "accumulated_operating_revenue_yoy": -2.3590578179740107, 
        "accumulated_operating_revenue": 1571902, 
        "long_term_average": 169907, 
        "date": "2014-09-30", 
        "operating_revenue": 165839, 
        "short_term_average": 187174
    }, 
    {
        "accumulated_operating_revenue_yoy": -0.9428380063221682, 
        "accumulated_operating_revenue": 1751081, 
        "long_term_average": 171683, 
        "date": "2014-10-31", 
        "operating_revenue": 179179, 
        "short_term_average": 179567
    }, 
    {
        "accumulated_operating_revenue_yoy": -0.26912143714593906, 
        "accumulated_operating_revenue": 1916637, 
        "long_term_average": 172641, 
        "date": "2014-11-30", 
        "operating_revenue": 165556, 
        "short_term_average": 170191
    }, 
    {
        "accumulated_operating_revenue_yoy": 1.5087651382083758, 
        "accumulated_operating_revenue": 2108199, 
        "long_term_average": 175683, 
        "date": "2014-12-31", 
        "operating_revenue": 191562, 
        "short_term_average": 178765
    }, 
    {
        "accumulated_operating_revenue_yoy": 28.069175878768508, 
        "accumulated_operating_revenue": 184321, 
        "long_term_average": 179049, 
        "date": "2015-01-31", 
        "operating_revenue": 184321, 
        "short_term_average": 180479
    }, 
    {
        "accumulated_operating_revenue_yoy": 17.414187726024615, 
        "accumulated_operating_revenue": 323698, 
        "long_term_average": 179684, 
        "date": "2015-02-28", 
        "operating_revenue": 139377, 
        "short_term_average": 171753
    }, 
    {
        "accumulated_operating_revenue_yoy": 16.17483271799279, 
        "accumulated_operating_revenue": 529892, 
        "long_term_average": 181831, 
        "date": "2015-03-31", 
        "operating_revenue": 206194, 
        "short_term_average": 176630
    }, 
    {
        "accumulated_operating_revenue_yoy": 7.768693091451668, 
        "accumulated_operating_revenue": 712156, 
        "long_term_average": 179961, 
        "date": "2015-04-30", 
        "operating_revenue": 182264, 
        "short_term_average": 175945
    }, 
    {
        "accumulated_operating_revenue_yoy": 6.8835425741086755, 
        "accumulated_operating_revenue": 896397, 
        "long_term_average": 180494, 
        "date": "2015-05-31", 
        "operating_revenue": 184241, 
        "short_term_average": 190899
    }, 
    {
        "accumulated_operating_revenue_yoy": 7.576768298597159, 
        "accumulated_operating_revenue": 1086932, 
        "long_term_average": 182062, 
        "date": "2015-06-30", 
        "operating_revenue": 190535, 
        "short_term_average": 185680
    }, 
    {
        "accumulated_operating_revenue_yoy": 4.221950579769676, 
        "accumulated_operating_revenue": 1263564, 
        "long_term_average": 179948, 
        "date": "2015-07-31", 
        "operating_revenue": 176632, 
        "short_term_average": 183802
    }, 
    {
        "accumulated_operating_revenue_yoy": 2.4410001543316335, 
        "accumulated_operating_revenue": 1440385, 
        "long_term_average": 178543, 
        "date": "2015-08-31", 
        "operating_revenue": 176821, 
        "short_term_average": 181329
    }, 
    {
        "accumulated_operating_revenue_yoy": 2.2351902345057137, 
        "accumulated_operating_revenue": 1607037, 
        "long_term_average": 178611, 
        "date": "2015-09-30", 
        "operating_revenue": 166652, 
        "short_term_average": 173368
    }, 
    {
        "accumulated_operating_revenue_yoy": -0.10524927173557362, 
        "accumulated_operating_revenue": 1749238, 
        "long_term_average": 175529, 
        "date": "2015-10-31", 
        "operating_revenue": 142201, 
        "short_term_average": 161891
    }
]