[
    {
        "date": "2012-01-31", 
        "operating_revenue": 1454966, 
        "accumulated_operating_revenue": 1454966, 
        "long_term_average": 1454966, 
        "short_term_average": 1454966
    }, 
    {
        "date": "2012-02-29", 
        "operating_revenue": 1695368, 
        "accumulated_operating_revenue": 3150334, 
        "long_term_average": 1575167, 
        "short_term_average": 1575167
    }, 
    {
        "date": "2012-03-31", 
        "operating_revenue": 1604419, 
        "accumulated_operating_revenue": 4754753, 
        "long_term_average": 1584917, 
        "short_term_average": 1584917
    }, 
    {
        "date": "2012-04-30", 
        "operating_revenue": 1271192, 
        "accumulated_operating_revenue": 6025945, 
        "long_term_average": 1506486, 
        "short_term_average": 1523659
    }, 
    {
        "date": "2012-05-31", 
        "operating_revenue": 1500703, 
        "accumulated_operating_revenue": 7526648, 
        "long_term_average": 1505329, 
        "short_term_average": 1458771
    }, 
    {
        "date": "2012-06-30", 
        "operating_revenue": 1161801, 
        "accumulated_operating_revenue": 8688449, 
        "long_term_average": 1448074, 
        "short_term_average": 1311232
    }, 
    {
        "date": "2012-07-31", 
        "operating_revenue": 1494857, 
        "accumulated_operating_revenue": 10183306, 
        "long_term_average": 1454758, 
        "short_term_average": 1385787
    }, 
    {
        "date": "2012-08-31", 
        "operating_revenue": 1524329, 
        "accumulated_operating_revenue": 11707635, 
        "long_term_average": 1463454, 
        "short_term_average": 1393662
    }, 
    {
        "date": "2012-09-30", 
        "operating_revenue": 1275691, 
        "accumulated_operating_revenue": 12983326, 
        "long_term_average": 1442591, 
        "short_term_average": 1431625
    }, 
    {
        "date": "2012-10-31", 
        "operating_revenue": 1335248, 
        "accumulated_operating_revenue": 14318574, 
        "long_term_average": 1431857, 
        "short_term_average": 1378422
    }, 
    {
        "date": "2012-11-30", 
        "operating_revenue": 1264724, 
        "accumulated_operating_revenue": 15583298, 
        "long_term_average": 1416663, 
        "short_term_average": 1291887
    }, 
    {
        "date": "2012-12-31", 
        "operating_revenue": 1413059, 
        "accumulated_operating_revenue": 16996357, 
        "long_term_average": 1416363, 
        "short_term_average": 1337677
    }, 
    {
        "accumulated_operating_revenue_yoy": -0.28296193862949376, 
        "accumulated_operating_revenue": 1450849, 
        "long_term_average": 1416020, 
        "date": "2013-01-31", 
        "operating_revenue": 1450849, 
        "short_term_average": 1376210
    }, 
    {
        "accumulated_operating_revenue_yoy": -17.130913738035396, 
        "accumulated_operating_revenue": 2610653, 
        "long_term_average": 1371389, 
        "date": "2013-02-28", 
        "operating_revenue": 1159804, 
        "short_term_average": 1341237
    }, 
    {
        "accumulated_operating_revenue_yoy": -15.853694187689666, 
        "accumulated_operating_revenue": 4000949, 
        "long_term_average": 1353546, 
        "date": "2013-03-31", 
        "operating_revenue": 1390296, 
        "short_term_average": 1333649
    }, 
    {
        "accumulated_operating_revenue_yoy": -14.559226810068795, 
        "accumulated_operating_revenue": 5148614, 
        "long_term_average": 1343252, 
        "date": "2013-04-30", 
        "operating_revenue": 1147665, 
        "short_term_average": 1232588
    }, 
    {
        "accumulated_operating_revenue_yoy": -10.285122939188867, 
        "accumulated_operating_revenue": 6752523, 
        "long_term_average": 1351852, 
        "date": "2013-05-31", 
        "operating_revenue": 1603909, 
        "short_term_average": 1380623
    }, 
    {
        "accumulated_operating_revenue_yoy": -2.6218603573549206, 
        "accumulated_operating_revenue": 8460650, 
        "long_term_average": 1397379, 
        "date": "2013-06-30", 
        "operating_revenue": 1708127, 
        "short_term_average": 1486567
    }, 
    {
        "accumulated_operating_revenue_yoy": -1.7114579489214996, 
        "accumulated_operating_revenue": 10009023, 
        "long_term_average": 1401839, 
        "date": "2013-07-31", 
        "operating_revenue": 1548373, 
        "short_term_average": 1620136
    }, 
    {
        "accumulated_operating_revenue_yoy": -0.7321974079308075, 
        "accumulated_operating_revenue": 11621912, 
        "long_term_average": 1409219, 
        "date": "2013-08-31", 
        "operating_revenue": 1612889, 
        "short_term_average": 1623129
    }, 
    {
        "accumulated_operating_revenue_yoy": 1.8039907493657632, 
        "accumulated_operating_revenue": 13217544, 
        "long_term_average": 1435881, 
        "date": "2013-09-30", 
        "operating_revenue": 1595632, 
        "short_term_average": 1585631
    }, 
    {
        "accumulated_operating_revenue_yoy": 3.942145356094818, 
        "accumulated_operating_revenue": 14883033, 
        "long_term_average": 1463401, 
        "date": "2013-10-31", 
        "operating_revenue": 1665489, 
        "short_term_average": 1624670
    }, 
    {
        "accumulated_operating_revenue_yoy": 5.896980215612895, 
        "accumulated_operating_revenue": 16502242, 
        "long_term_average": 1492941, 
        "date": "2013-11-30", 
        "operating_revenue": 1619209, 
        "short_term_average": 1626776
    }, 
    {
        "accumulated_operating_revenue_yoy": 7.521323540097445, 
        "accumulated_operating_revenue": 18274708, 
        "long_term_average": 1522892, 
        "date": "2013-12-31", 
        "operating_revenue": 1772466, 
        "short_term_average": 1685721
    }, 
    {
        "accumulated_operating_revenue_yoy": 11.613889522617447, 
        "accumulated_operating_revenue": 1619349, 
        "long_term_average": 1536934, 
        "date": "2014-01-31", 
        "operating_revenue": 1619349, 
        "short_term_average": 1670341
    }, 
    {
        "accumulated_operating_revenue_yoy": 16.505487324435684, 
        "accumulated_operating_revenue": 3041554, 
        "long_term_average": 1558800, 
        "date": "2014-02-28", 
        "operating_revenue": 1422205, 
        "short_term_average": 1604673
    }, 
    {
        "accumulated_operating_revenue_yoy": 12.556321012839705, 
        "accumulated_operating_revenue": 4503321, 
        "long_term_average": 1564756, 
        "date": "2014-03-31", 
        "operating_revenue": 1461767, 
        "short_term_average": 1501107
    }, 
    {
        "accumulated_operating_revenue_yoy": 20.459467344026955, 
        "accumulated_operating_revenue": 6201993, 
        "long_term_average": 1610673, 
        "date": "2014-04-30", 
        "operating_revenue": 1698672, 
        "short_term_average": 1527548
    }, 
    {
        "accumulated_operating_revenue_yoy": 15.416696840573515, 
        "accumulated_operating_revenue": 7793539, 
        "long_term_average": 1609643, 
        "date": "2014-05-31", 
        "operating_revenue": 1591546, 
        "short_term_average": 1583995
    }, 
    {
        "accumulated_operating_revenue_yoy": 8.949442418726694, 
        "accumulated_operating_revenue": 9217831, 
        "long_term_average": 1585990, 
        "date": "2014-06-30", 
        "operating_revenue": 1424292, 
        "short_term_average": 1571503
    }, 
    {
        "accumulated_operating_revenue_yoy": 7.485435891195374, 
        "accumulated_operating_revenue": 10758242, 
        "long_term_average": 1585327, 
        "date": "2014-07-31", 
        "operating_revenue": 1540411, 
        "short_term_average": 1518749
    }, 
    {
        "accumulated_operating_revenue_yoy": 4.394681357077905, 
        "accumulated_operating_revenue": 12132658, 
        "long_term_average": 1565454, 
        "date": "2014-08-31", 
        "operating_revenue": 1374416, 
        "short_term_average": 1446373
    }, 
    {
        "accumulated_operating_revenue_yoy": 1.9168916706462258, 
        "accumulated_operating_revenue": 13470910, 
        "long_term_average": 1544006, 
        "date": "2014-09-30", 
        "operating_revenue": 1338252, 
        "short_term_average": 1417693
    }, 
    {
        "accumulated_operating_revenue_yoy": 0.8617127973847803, 
        "accumulated_operating_revenue": 15011282, 
        "long_term_average": 1533579, 
        "date": "2014-10-31", 
        "operating_revenue": 1540372, 
        "short_term_average": 1417680
    }, 
    {
        "accumulated_operating_revenue_yoy": 0.10225277268385714, 
        "accumulated_operating_revenue": 16519116, 
        "long_term_average": 1524298, 
        "date": "2014-11-30", 
        "operating_revenue": 1507834, 
        "short_term_average": 1462152
    }, 
    {
        "accumulated_operating_revenue_yoy": -0.561103356617244, 
        "accumulated_operating_revenue": 18172168, 
        "long_term_average": 1514347, 
        "date": "2014-12-31", 
        "operating_revenue": 1653052, 
        "short_term_average": 1567086
    }, 
    {
        "accumulated_operating_revenue_yoy": -17.42434768539703, 
        "accumulated_operating_revenue": 1337188, 
        "long_term_average": 1490833, 
        "date": "2015-01-31", 
        "operating_revenue": 1337188, 
        "short_term_average": 1499358
    }, 
    {
        "accumulated_operating_revenue_yoy": -17.480439275449324, 
        "accumulated_operating_revenue": 2509877, 
        "long_term_average": 1470040, 
        "date": "2015-02-28", 
        "operating_revenue": 1172689, 
        "short_term_average": 1387643
    }, 
    {
        "accumulated_operating_revenue_yoy": -10.621361435260777, 
        "accumulated_operating_revenue": 4025007, 
        "long_term_average": 1474487, 
        "date": "2015-03-31", 
        "operating_revenue": 1515130, 
        "short_term_average": 1341669
    }, 
    {
        "accumulated_operating_revenue_yoy": -10.831614934102635, 
        "accumulated_operating_revenue": 5530217, 
        "long_term_average": 1458366, 
        "date": "2015-04-30", 
        "operating_revenue": 1505210, 
        "short_term_average": 1397676
    }, 
    {
        "accumulated_operating_revenue_yoy": -10.117611524109908, 
        "accumulated_operating_revenue": 7005019, 
        "long_term_average": 1448637, 
        "date": "2015-05-31", 
        "operating_revenue": 1474802, 
        "short_term_average": 1498380
    }, 
    {
        "accumulated_operating_revenue_yoy": -10.813476619391265, 
        "accumulated_operating_revenue": 8221063, 
        "long_term_average": 1431283, 
        "date": "2015-06-30", 
        "operating_revenue": 1216044, 
        "short_term_average": 1398685
    }, 
    {
        "accumulated_operating_revenue_yoy": -12.703701961714561, 
        "accumulated_operating_revenue": 9391547, 
        "long_term_average": 1400456, 
        "date": "2015-07-31", 
        "operating_revenue": 1170484, 
        "short_term_average": 1287110
    }, 
    {
        "accumulated_operating_revenue_yoy": -14.096004354528086, 
        "accumulated_operating_revenue": 10422438, 
        "long_term_average": 1371829, 
        "date": "2015-08-31", 
        "operating_revenue": 1030891, 
        "short_term_average": 1139139
    }, 
    {
        "accumulated_operating_revenue_yoy": -14.689022493654846, 
        "accumulated_operating_revenue": 11492165, 
        "long_term_average": 1349451, 
        "date": "2015-09-30", 
        "operating_revenue": 1069727, 
        "short_term_average": 1090367
    }
]