[
    {
        "date": "2012-01-31", 
        "operating_revenue": 143313, 
        "accumulated_operating_revenue": 143313, 
        "long_term_average": 143313, 
        "short_term_average": 143313
    }, 
    {
        "date": "2012-02-29", 
        "operating_revenue": 177725, 
        "accumulated_operating_revenue": 321038, 
        "long_term_average": 160519, 
        "short_term_average": 160519
    }, 
    {
        "date": "2012-03-31", 
        "operating_revenue": 221604, 
        "accumulated_operating_revenue": 542642, 
        "long_term_average": 180880, 
        "short_term_average": 180880
    }, 
    {
        "date": "2012-04-30", 
        "operating_revenue": 161728, 
        "accumulated_operating_revenue": 704370, 
        "long_term_average": 176092, 
        "short_term_average": 187019
    }, 
    {
        "date": "2012-05-31", 
        "operating_revenue": 174830, 
        "accumulated_operating_revenue": 879200, 
        "long_term_average": 175840, 
        "short_term_average": 186054
    }, 
    {
        "date": "2012-06-30", 
        "operating_revenue": 143242, 
        "accumulated_operating_revenue": 1022442, 
        "long_term_average": 170407, 
        "short_term_average": 159933
    }, 
    {
        "date": "2012-07-31", 
        "operating_revenue": 142813, 
        "accumulated_operating_revenue": 1165255, 
        "long_term_average": 166465, 
        "short_term_average": 153628
    }, 
    {
        "date": "2012-08-31", 
        "operating_revenue": 127011, 
        "accumulated_operating_revenue": 1292266, 
        "long_term_average": 161533, 
        "short_term_average": 137688
    }, 
    {
        "date": "2012-09-30", 
        "operating_revenue": 132696, 
        "accumulated_operating_revenue": 1424962, 
        "long_term_average": 158329, 
        "short_term_average": 134173
    }, 
    {
        "date": "2012-10-31", 
        "operating_revenue": 132182, 
        "accumulated_operating_revenue": 1557144, 
        "long_term_average": 155714, 
        "short_term_average": 130629
    }, 
    {
        "date": "2012-11-30", 
        "operating_revenue": 145304, 
        "accumulated_operating_revenue": 1702448, 
        "long_term_average": 154768, 
        "short_term_average": 136727
    }, 
    {
        "date": "2012-12-31", 
        "operating_revenue": 137554, 
        "accumulated_operating_revenue": 1840002, 
        "long_term_average": 153333, 
        "short_term_average": 138346
    }, 
    {
        "accumulated_operating_revenue_yoy": -50.70230893219736, 
        "accumulated_operating_revenue": 70650, 
        "long_term_average": 147278, 
        "date": "2013-01-31", 
        "operating_revenue": 70650, 
        "short_term_average": 117836
    }, 
    {
        "accumulated_operating_revenue_yoy": -55.75539344252083, 
        "accumulated_operating_revenue": 142042, 
        "long_term_average": 138417, 
        "date": "2013-02-28", 
        "operating_revenue": 71392, 
        "short_term_average": 93198
    }, 
    {
        "accumulated_operating_revenue_yoy": -62.555054713789204, 
        "accumulated_operating_revenue": 203192, 
        "long_term_average": 125046, 
        "date": "2013-03-31", 
        "operating_revenue": 61150, 
        "short_term_average": 67730
    }, 
    {
        "accumulated_operating_revenue_yoy": -62.49996450729021, 
        "accumulated_operating_revenue": 264139, 
        "long_term_average": 116647, 
        "date": "2013-04-30", 
        "operating_revenue": 60947, 
        "short_term_average": 64496
    }, 
    {
        "accumulated_operating_revenue_yoy": -62.680505004549595, 
        "accumulated_operating_revenue": 328113, 
        "long_term_average": 107409, 
        "date": "2013-05-31", 
        "operating_revenue": 63974, 
        "short_term_average": 62023
    }, 
    {
        "accumulated_operating_revenue_yoy": -62.808843924643156, 
        "accumulated_operating_revenue": 380258, 
        "long_term_average": 99818, 
        "date": "2013-06-30", 
        "operating_revenue": 52145, 
        "short_term_average": 59022
    }, 
    {
        "accumulated_operating_revenue_yoy": -61.13734761919065, 
        "accumulated_operating_revenue": 452849, 
        "long_term_average": 93966, 
        "date": "2013-07-31", 
        "operating_revenue": 72591, 
        "short_term_average": 62903
    }, 
    {
        "accumulated_operating_revenue_yoy": -60.22127023383731, 
        "accumulated_operating_revenue": 514047, 
        "long_term_average": 88481, 
        "date": "2013-08-31", 
        "operating_revenue": 61198, 
        "short_term_average": 61978
    }, 
    {
        "accumulated_operating_revenue_yoy": -60.14069147107081, 
        "accumulated_operating_revenue": 567980, 
        "long_term_average": 81918, 
        "date": "2013-09-30", 
        "operating_revenue": 53933, 
        "short_term_average": 62574
    }, 
    {
        "accumulated_operating_revenue_yoy": -58.699966091768005, 
        "accumulated_operating_revenue": 643101, 
        "long_term_average": 77163, 
        "date": "2013-10-31", 
        "operating_revenue": 75121, 
        "short_term_average": 63417
    }, 
    {
        "accumulated_operating_revenue_yoy": -55.724932567690765, 
        "accumulated_operating_revenue": 753760, 
        "long_term_average": 74276, 
        "date": "2013-11-30", 
        "operating_revenue": 110659, 
        "short_term_average": 79904
    }, 
    {
        "accumulated_operating_revenue_yoy": -54.41287563817866, 
        "accumulated_operating_revenue": 838804, 
        "long_term_average": 69900, 
        "date": "2013-12-31", 
        "operating_revenue": 85044, 
        "short_term_average": 90274
    }, 
    {
        "accumulated_operating_revenue_yoy": 39.769285208775656, 
        "accumulated_operating_revenue": 98747, 
        "long_term_average": 72241, 
        "date": "2014-01-31", 
        "operating_revenue": 98747, 
        "short_term_average": 98150
    }, 
    {
        "accumulated_operating_revenue_yoy": 4.419115472888301, 
        "accumulated_operating_revenue": 148319, 
        "long_term_average": 70423, 
        "date": "2014-02-28", 
        "operating_revenue": 49572, 
        "short_term_average": 77787
    }, 
    {
        "accumulated_operating_revenue_yoy": 21.559411787865663, 
        "accumulated_operating_revenue": 246999, 
        "long_term_average": 73550, 
        "date": "2014-03-31", 
        "operating_revenue": 98680, 
        "short_term_average": 82333
    }, 
    {
        "accumulated_operating_revenue_yoy": 27.072866937483674, 
        "accumulated_operating_revenue": 335649, 
        "long_term_average": 75859, 
        "date": "2014-04-30", 
        "operating_revenue": 88650, 
        "short_term_average": 78967
    }, 
    {
        "accumulated_operating_revenue_yoy": 26.903841054758576, 
        "accumulated_operating_revenue": 416388, 
        "long_term_average": 77256, 
        "date": "2014-05-31", 
        "operating_revenue": 80739, 
        "short_term_average": 89356
    }, 
    {
        "accumulated_operating_revenue_yoy": 29.301421666342325, 
        "accumulated_operating_revenue": 491679, 
        "long_term_average": 79185, 
        "date": "2014-06-30", 
        "operating_revenue": 75291, 
        "short_term_average": 81560
    }, 
    {
        "accumulated_operating_revenue_yoy": 24.03207250098819, 
        "accumulated_operating_revenue": 561678, 
        "long_term_average": 78969, 
        "date": "2014-07-31", 
        "operating_revenue": 69999, 
        "short_term_average": 75343
    }, 
    {
        "accumulated_operating_revenue_yoy": 23.54648504903248, 
        "accumulated_operating_revenue": 635087, 
        "long_term_average": 79987, 
        "date": "2014-08-31", 
        "operating_revenue": 73409, 
        "short_term_average": 72899
    }, 
    {
        "accumulated_operating_revenue_yoy": 22.32561005669214, 
        "accumulated_operating_revenue": 694785, 
        "long_term_average": 80467, 
        "date": "2014-09-30", 
        "operating_revenue": 59698, 
        "short_term_average": 67702
    }, 
    {
        "accumulated_operating_revenue_yoy": 16.628492258603238, 
        "accumulated_operating_revenue": 750039, 
        "long_term_average": 78811, 
        "date": "2014-10-31", 
        "operating_revenue": 55254, 
        "short_term_average": 62787
    }, 
    {
        "accumulated_operating_revenue_yoy": 7.89336128210571, 
        "accumulated_operating_revenue": 813257, 
        "long_term_average": 74858, 
        "date": "2014-11-30", 
        "operating_revenue": 63218, 
        "short_term_average": 59390
    }, 
    {
        "accumulated_operating_revenue_yoy": 8.3118344690774, 
        "accumulated_operating_revenue": 908524, 
        "long_term_average": 75710, 
        "date": "2014-12-31", 
        "operating_revenue": 95267, 
        "short_term_average": 71246
    }, 
    {
        "accumulated_operating_revenue_yoy": -53.34035464368537, 
        "accumulated_operating_revenue": 46075, 
        "long_term_average": 71321, 
        "date": "2015-01-31", 
        "operating_revenue": 46075, 
        "short_term_average": 68186
    }, 
    {
        "accumulated_operating_revenue_yoy": -39.712376701568914, 
        "accumulated_operating_revenue": 89418, 
        "long_term_average": 70801, 
        "date": "2015-02-28", 
        "operating_revenue": 43343, 
        "short_term_average": 61561
    }, 
    {
        "accumulated_operating_revenue_yoy": -44.132972198268014, 
        "accumulated_operating_revenue": 137991, 
        "long_term_average": 66626, 
        "date": "2015-03-31", 
        "operating_revenue": 48573, 
        "short_term_average": 45997
    }, 
    {
        "accumulated_operating_revenue_yoy": -45.684033022592054, 
        "accumulated_operating_revenue": 182311, 
        "long_term_average": 62932, 
        "date": "2015-04-30", 
        "operating_revenue": 44320, 
        "short_term_average": 45412
    }, 
    {
        "accumulated_operating_revenue_yoy": -44.1905146161753, 
        "accumulated_operating_revenue": 232384, 
        "long_term_average": 60376, 
        "date": "2015-05-31", 
        "operating_revenue": 50073, 
        "short_term_average": 47655
    }, 
    {
        "accumulated_operating_revenue_yoy": -44.20587415773299, 
        "accumulated_operating_revenue": 274328, 
        "long_term_average": 57597, 
        "date": "2015-06-30", 
        "operating_revenue": 41944, 
        "short_term_average": 45445
    }, 
    {
        "accumulated_operating_revenue_yoy": -43.33319090297288, 
        "accumulated_operating_revenue": 318285, 
        "long_term_average": 55427, 
        "date": "2015-07-31", 
        "operating_revenue": 43957, 
        "short_term_average": 45324
    }, 
    {
        "accumulated_operating_revenue_yoy": -39.194000192099665, 
        "accumulated_operating_revenue": 386171, 
        "long_term_average": 54967, 
        "date": "2015-08-31", 
        "operating_revenue": 67886, 
        "short_term_average": 51262
    }
]