[
    {
        "date": "2012-01-31", 
        "operating_revenue": 424104, 
        "accumulated_operating_revenue": 424104, 
        "long_term_average": 424104, 
        "short_term_average": 424104
    }, 
    {
        "date": "2012-02-29", 
        "operating_revenue": 451818, 
        "accumulated_operating_revenue": 875922, 
        "long_term_average": 437961, 
        "short_term_average": 437961
    }, 
    {
        "date": "2012-03-31", 
        "operating_revenue": 455736, 
        "accumulated_operating_revenue": 1331658, 
        "long_term_average": 443886, 
        "short_term_average": 443886
    }, 
    {
        "date": "2012-04-30", 
        "operating_revenue": 428431, 
        "accumulated_operating_revenue": 1760089, 
        "long_term_average": 440022, 
        "short_term_average": 445328
    }, 
    {
        "date": "2012-05-31", 
        "operating_revenue": 397176, 
        "accumulated_operating_revenue": 2157265, 
        "long_term_average": 431453, 
        "short_term_average": 427114
    }, 
    {
        "date": "2012-06-30", 
        "operating_revenue": 338385, 
        "accumulated_operating_revenue": 2495650, 
        "long_term_average": 415941, 
        "short_term_average": 387997
    }, 
    {
        "date": "2012-07-31", 
        "operating_revenue": 345503, 
        "accumulated_operating_revenue": 2841153, 
        "long_term_average": 405879, 
        "short_term_average": 360354
    }, 
    {
        "date": "2012-08-31", 
        "operating_revenue": 441490, 
        "accumulated_operating_revenue": 3282643, 
        "long_term_average": 410330, 
        "short_term_average": 375126
    }, 
    {
        "date": "2012-09-30", 
        "operating_revenue": 358566, 
        "accumulated_operating_revenue": 3641209, 
        "long_term_average": 404578, 
        "short_term_average": 381853
    }, 
    {
        "date": "2012-10-31", 
        "operating_revenue": 376808, 
        "accumulated_operating_revenue": 4018017, 
        "long_term_average": 401801, 
        "short_term_average": 392288
    }, 
    {
        "date": "2012-11-30", 
        "operating_revenue": 349946, 
        "accumulated_operating_revenue": 4367963, 
        "long_term_average": 397087, 
        "short_term_average": 361773
    }, 
    {
        "date": "2012-12-31", 
        "operating_revenue": 366780, 
        "accumulated_operating_revenue": 4734743, 
        "long_term_average": 394561, 
        "short_term_average": 364511
    }, 
    {
        "accumulated_operating_revenue_yoy": -18.75200422537868, 
        "accumulated_operating_revenue": 344576, 
        "long_term_average": 387934, 
        "date": "2013-01-31", 
        "operating_revenue": 344576, 
        "short_term_average": 353767
    }, 
    {
        "accumulated_operating_revenue_yoy": -31.74083993780268, 
        "accumulated_operating_revenue": 597897, 
        "long_term_average": 371393, 
        "date": "2013-02-28", 
        "operating_revenue": 253321, 
        "short_term_average": 321559
    }, 
    {
        "accumulated_operating_revenue_yoy": -27.376548633357817, 
        "accumulated_operating_revenue": 967096, 
        "long_term_average": 364181, 
        "date": "2013-03-31", 
        "operating_revenue": 369199, 
        "short_term_average": 322365
    }, 
    {
        "accumulated_operating_revenue_yoy": -22.54147375502034, 
        "accumulated_operating_revenue": 1363339, 
        "long_term_average": 361499, 
        "date": "2013-04-30", 
        "operating_revenue": 396243, 
        "short_term_average": 339587
    }, 
    {
        "accumulated_operating_revenue_yoy": -18.501435845851113, 
        "accumulated_operating_revenue": 1758140, 
        "long_term_average": 361301, 
        "date": "2013-05-31", 
        "operating_revenue": 394801, 
        "short_term_average": 386747
    }, 
    {
        "accumulated_operating_revenue_yoy": -11.115741390018632, 
        "accumulated_operating_revenue": 2218240, 
        "long_term_average": 371444, 
        "date": "2013-06-30", 
        "operating_revenue": 460100, 
        "short_term_average": 417048
    }, 
    {
        "accumulated_operating_revenue_yoy": -10.325068730899039, 
        "accumulated_operating_revenue": 2547802, 
        "long_term_average": 370116, 
        "date": "2013-07-31", 
        "operating_revenue": 329562, 
        "short_term_average": 394821
    }, 
    {
        "accumulated_operating_revenue_yoy": -12.13068250187425, 
        "accumulated_operating_revenue": 2884436, 
        "long_term_average": 361378, 
        "date": "2013-08-31", 
        "operating_revenue": 336634, 
        "short_term_average": 375432
    }, 
    {
        "accumulated_operating_revenue_yoy": -10.871773633427798, 
        "accumulated_operating_revenue": 3245345, 
        "long_term_average": 361573, 
        "date": "2013-09-30", 
        "operating_revenue": 360909, 
        "short_term_average": 342368
    }, 
    {
        "accumulated_operating_revenue_yoy": -8.547425259773664, 
        "accumulated_operating_revenue": 3674580, 
        "long_term_average": 365942, 
        "date": "2013-10-31", 
        "operating_revenue": 429235, 
        "short_term_average": 375592
    }, 
    {
        "accumulated_operating_revenue_yoy": -7.19076603899804, 
        "accumulated_operating_revenue": 4053873, 
        "long_term_average": 368387, 
        "date": "2013-11-30", 
        "operating_revenue": 379293, 
        "short_term_average": 389812
    }, 
    {
        "accumulated_operating_revenue_yoy": -6.7135217265224325, 
        "accumulated_operating_revenue": 4416875, 
        "long_term_average": 368072, 
        "date": "2013-12-31", 
        "operating_revenue": 363002, 
        "short_term_average": 390510
    }, 
    {
        "accumulated_operating_revenue_yoy": 3.9242431277860326, 
        "accumulated_operating_revenue": 358098, 
        "long_term_average": 369199, 
        "date": "2014-01-31", 
        "operating_revenue": 358098, 
        "short_term_average": 366797
    }, 
    {
        "accumulated_operating_revenue_yoy": 18.777816245942027, 
        "accumulated_operating_revenue": 710169, 
        "long_term_average": 377428, 
        "date": "2014-02-28", 
        "operating_revenue": 352071, 
        "short_term_average": 357723
    }, 
    {
        "accumulated_operating_revenue_yoy": 15.398574701994425, 
        "accumulated_operating_revenue": 1116015, 
        "long_term_average": 380482, 
        "date": "2014-03-31", 
        "operating_revenue": 405846, 
        "short_term_average": 372005
    }, 
    {
        "accumulated_operating_revenue_yoy": 12.82755059453298, 
        "accumulated_operating_revenue": 1538222, 
        "long_term_average": 382646, 
        "date": "2014-04-30", 
        "operating_revenue": 422207, 
        "short_term_average": 393374
    }, 
    {
        "accumulated_operating_revenue_yoy": 13.007269045696018, 
        "accumulated_operating_revenue": 1986826, 
        "long_term_average": 387130, 
        "date": "2014-05-31", 
        "operating_revenue": 448604, 
        "short_term_average": 425552
    }, 
    {
        "accumulated_operating_revenue_yoy": 6.713159982688979, 
        "accumulated_operating_revenue": 2367154, 
        "long_term_average": 380482, 
        "date": "2014-06-30", 
        "operating_revenue": 380328, 
        "short_term_average": 417046
    }, 
    {
        "accumulated_operating_revenue_yoy": 8.266340948001453, 
        "accumulated_operating_revenue": 2758412, 
        "long_term_average": 385623, 
        "date": "2014-07-31", 
        "operating_revenue": 391258, 
        "short_term_average": 406730
    }, 
    {
        "accumulated_operating_revenue_yoy": 8.261684433282625, 
        "accumulated_operating_revenue": 3122739, 
        "long_term_average": 387931, 
        "date": "2014-08-31", 
        "operating_revenue": 364327, 
        "short_term_average": 378637
    }, 
    {
        "accumulated_operating_revenue_yoy": 6.8616433691949545, 
        "accumulated_operating_revenue": 3468029, 
        "long_term_average": 386629, 
        "date": "2014-09-30", 
        "operating_revenue": 345290, 
        "short_term_average": 366958
    }, 
    {
        "accumulated_operating_revenue_yoy": 3.631625927316864, 
        "accumulated_operating_revenue": 3808027, 
        "long_term_average": 379193, 
        "date": "2014-10-31", 
        "operating_revenue": 339998, 
        "short_term_average": 349871
    }, 
    {
        "accumulated_operating_revenue_yoy": 2.111412962369566, 
        "accumulated_operating_revenue": 4139467, 
        "long_term_average": 375205, 
        "date": "2014-11-30", 
        "operating_revenue": 331440, 
        "short_term_average": 338909
    }, 
    {
        "accumulated_operating_revenue_yoy": 1.6738531201358426, 
        "accumulated_operating_revenue": 4490807, 
        "long_term_average": 374233, 
        "date": "2014-12-31", 
        "operating_revenue": 351340, 
        "short_term_average": 340926
    }, 
    {
        "accumulated_operating_revenue_yoy": -25.54272852682785, 
        "accumulated_operating_revenue": 266630, 
        "long_term_average": 366611, 
        "date": "2015-01-31", 
        "operating_revenue": 266630, 
        "short_term_average": 316470
    }, 
    {
        "accumulated_operating_revenue_yoy": -31.574737844090635, 
        "accumulated_operating_revenue": 485935, 
        "long_term_average": 355547, 
        "date": "2015-02-28", 
        "operating_revenue": 219305, 
        "short_term_average": 279091
    }, 
    {
        "accumulated_operating_revenue_yoy": -28.841547828658214, 
        "accumulated_operating_revenue": 794139, 
        "long_term_average": 347410, 
        "date": "2015-03-31", 
        "operating_revenue": 308204, 
        "short_term_average": 264713
    }, 
    {
        "accumulated_operating_revenue_yoy": -28.040425894311742, 
        "accumulated_operating_revenue": 1106898, 
        "long_term_average": 338290, 
        "date": "2015-04-30", 
        "operating_revenue": 312759, 
        "short_term_average": 280089
    }, 
    {
        "accumulated_operating_revenue_yoy": -31.712540504301835, 
        "accumulated_operating_revenue": 1356753, 
        "long_term_average": 321727, 
        "date": "2015-05-31", 
        "operating_revenue": 249855, 
        "short_term_average": 290272
    }, 
    {
        "accumulated_operating_revenue_yoy": -23.95357463012546, 
        "accumulated_operating_revenue": 1800136, 
        "long_term_average": 326982, 
        "date": "2015-06-30", 
        "operating_revenue": 443383, 
        "short_term_average": 335332
    }, 
    {
        "accumulated_operating_revenue_yoy": -18.64960709277657, 
        "accumulated_operating_revenue": 2243979, 
        "long_term_average": 331364, 
        "date": "2015-07-31", 
        "operating_revenue": 443843, 
        "short_term_average": 379027
    }, 
    {
        "accumulated_operating_revenue_yoy": -15.521662233058864, 
        "accumulated_operating_revenue": 2638038, 
        "long_term_average": 333842, 
        "date": "2015-08-31", 
        "operating_revenue": 394059, 
        "short_term_average": 427095
    }
]