[
    {
        "date": "2011-09-30", 
        "operating_revenue": 381102, 
        "accumulated_operating_revenue": 381102, 
        "long_term_average": 381102, 
        "short_term_average": 381102
    }, 
    {
        "date": "2011-10-31", 
        "operating_revenue": 316955, 
        "accumulated_operating_revenue": 698057, 
        "long_term_average": 349028, 
        "short_term_average": 349028
    }, 
    {
        "date": "2011-11-30", 
        "operating_revenue": 332931, 
        "accumulated_operating_revenue": 1030988, 
        "long_term_average": 343662, 
        "short_term_average": 343662
    }, 
    {
        "date": "2011-12-31", 
        "operating_revenue": 417215, 
        "accumulated_operating_revenue": 1448203, 
        "long_term_average": 362050, 
        "short_term_average": 355700
    }, 
    {
        "date": "2012-01-31", 
        "operating_revenue": 224147, 
        "accumulated_operating_revenue": 224147, 
        "long_term_average": 334470, 
        "short_term_average": 324764
    }, 
    {
        "date": "2012-02-29", 
        "operating_revenue": 369755, 
        "accumulated_operating_revenue": 593902, 
        "long_term_average": 340350, 
        "short_term_average": 337039
    }, 
    {
        "date": "2012-03-31", 
        "operating_revenue": 388075, 
        "accumulated_operating_revenue": 981977, 
        "long_term_average": 347168, 
        "short_term_average": 327325
    }, 
    {
        "date": "2012-04-30", 
        "operating_revenue": 353877, 
        "accumulated_operating_revenue": 1335854, 
        "long_term_average": 348007, 
        "short_term_average": 370569
    }, 
    {
        "date": "2012-05-31", 
        "operating_revenue": 372054, 
        "accumulated_operating_revenue": 1707908, 
        "long_term_average": 350679, 
        "short_term_average": 371335
    }, 
    {
        "date": "2012-06-30", 
        "operating_revenue": 289236, 
        "accumulated_operating_revenue": 1997144, 
        "long_term_average": 344534, 
        "short_term_average": 338389
    }, 
    {
        "date": "2012-07-31", 
        "operating_revenue": 375106, 
        "accumulated_operating_revenue": 2372250, 
        "long_term_average": 347313, 
        "short_term_average": 345465
    }, 
    {
        "date": "2012-08-31", 
        "operating_revenue": 318169, 
        "accumulated_operating_revenue": 2690419, 
        "long_term_average": 344885, 
        "short_term_average": 327503
    }, 
    {
        "accumulated_operating_revenue_yoy": 689.2826592355851, 
        "accumulated_operating_revenue": 3007972, 
        "long_term_average": 339589, 
        "date": "2012-09-30", 
        "operating_revenue": 317553, 
        "short_term_average": 336942
    }, 
    {
        "accumulated_operating_revenue_yoy": 368.4130379037815, 
        "accumulated_operating_revenue": 3269790, 
        "long_term_average": 334994, 
        "date": "2012-10-31", 
        "operating_revenue": 261818, 
        "short_term_average": 299180
    }, 
    {
        "accumulated_operating_revenue_yoy": 247.05544584418053, 
        "accumulated_operating_revenue": 3578100, 
        "long_term_average": 332942, 
        "date": "2012-11-30", 
        "operating_revenue": 308310, 
        "short_term_average": 295893
    }, 
    {
        "accumulated_operating_revenue_yoy": 172.97899534802787, 
        "accumulated_operating_revenue": 3953290, 
        "long_term_average": 329440, 
        "date": "2012-12-31", 
        "operating_revenue": 375190, 
        "short_term_average": 315106
    }, 
    {
        "accumulated_operating_revenue_yoy": 68.91861144695223, 
        "accumulated_operating_revenue": 378626, 
        "long_term_average": 342314, 
        "date": "2013-01-31", 
        "operating_revenue": 378626, 
        "short_term_average": 354042
    }, 
    {
        "accumulated_operating_revenue_yoy": -1.0454586783678115, 
        "accumulated_operating_revenue": 587693, 
        "long_term_average": 328923, 
        "date": "2013-02-28", 
        "operating_revenue": 209067, 
        "short_term_average": 320961
    }, 
    {
        "accumulated_operating_revenue_yoy": -8.679429355270033, 
        "accumulated_operating_revenue": 896747, 
        "long_term_average": 322338, 
        "date": "2013-03-31", 
        "operating_revenue": 309054, 
        "short_term_average": 298915
    }, 
    {
        "accumulated_operating_revenue_yoy": -9.096053910082988, 
        "accumulated_operating_revenue": 1214344, 
        "long_term_average": 319315, 
        "date": "2013-04-30", 
        "operating_revenue": 317597, 
        "short_term_average": 278572
    }, 
    {
        "accumulated_operating_revenue_yoy": -9.832731037034783, 
        "accumulated_operating_revenue": 1539974, 
        "long_term_average": 315446, 
        "date": "2013-05-31", 
        "operating_revenue": 325630, 
        "short_term_average": 317427
    }, 
    {
        "accumulated_operating_revenue_yoy": -9.528356493072106, 
        "accumulated_operating_revenue": 1806849, 
        "long_term_average": 313582, 
        "date": "2013-06-30", 
        "operating_revenue": 266875, 
        "short_term_average": 303367
    }, 
    {
        "accumulated_operating_revenue_yoy": -8.460238170513227, 
        "accumulated_operating_revenue": 2171552, 
        "long_term_average": 312716, 
        "date": "2013-07-31", 
        "operating_revenue": 364703, 
        "short_term_average": 319069
    }, 
    {
        "accumulated_operating_revenue_yoy": -5.522299686405723, 
        "accumulated_operating_revenue": 2541846, 
        "long_term_average": 317059, 
        "date": "2013-08-31", 
        "operating_revenue": 370294, 
        "short_term_average": 333957
    }, 
    {
        "accumulated_operating_revenue_yoy": -3.312564079718827, 
        "accumulated_operating_revenue": 2908331, 
        "long_term_average": 321137, 
        "date": "2013-09-30", 
        "operating_revenue": 366485, 
        "short_term_average": 367160
    }, 
    {
        "accumulated_operating_revenue_yoy": 0.23585612531691638, 
        "accumulated_operating_revenue": 3277502, 
        "long_term_average": 330083, 
        "date": "2013-10-31", 
        "operating_revenue": 369171, 
        "short_term_average": 368650
    }, 
    {
        "accumulated_operating_revenue_yoy": 2.846370979011207, 
        "accumulated_operating_revenue": 3679946, 
        "long_term_average": 337928, 
        "date": "2013-11-30", 
        "operating_revenue": 402444, 
        "short_term_average": 379366
    }, 
    {
        "accumulated_operating_revenue_yoy": 3.1793265862104727, 
        "accumulated_operating_revenue": 4078978, 
        "long_term_average": 339914, 
        "date": "2013-12-31", 
        "operating_revenue": 399032, 
        "short_term_average": 390215
    }, 
    {
        "accumulated_operating_revenue_yoy": -17.54713094187932, 
        "accumulated_operating_revenue": 312188, 
        "long_term_average": 334378, 
        "date": "2014-01-31", 
        "operating_revenue": 312188, 
        "short_term_average": 371221
    }, 
    {
        "accumulated_operating_revenue_yoy": 7.40914048661461, 
        "accumulated_operating_revenue": 631236, 
        "long_term_average": 343543, 
        "date": "2014-02-28", 
        "operating_revenue": 319048, 
        "short_term_average": 343422
    }, 
    {
        "accumulated_operating_revenue_yoy": 12.946572444624849, 
        "accumulated_operating_revenue": 1012845, 
        "long_term_average": 349589, 
        "date": "2014-03-31", 
        "operating_revenue": 381609, 
        "short_term_average": 337615
    }, 
    {
        "accumulated_operating_revenue_yoy": 12.12185344515228, 
        "accumulated_operating_revenue": 1361545, 
        "long_term_average": 352181, 
        "date": "2014-04-30", 
        "operating_revenue": 348700, 
        "short_term_average": 349785
    }, 
    {
        "accumulated_operating_revenue_yoy": 11.847472749539929, 
        "accumulated_operating_revenue": 1722422, 
        "long_term_average": 355118, 
        "date": "2014-05-31", 
        "operating_revenue": 360877, 
        "short_term_average": 363728
    }, 
    {
        "accumulated_operating_revenue_yoy": 11.425802598889005, 
        "accumulated_operating_revenue": 2013296, 
        "long_term_average": 357118, 
        "date": "2014-06-30", 
        "operating_revenue": 290874, 
        "short_term_average": 333483
    }, 
    {
        "accumulated_operating_revenue_yoy": 5.960207261903007, 
        "accumulated_operating_revenue": 2300981, 
        "long_term_average": 350700, 
        "date": "2014-07-31", 
        "operating_revenue": 287685, 
        "short_term_average": 313145
    }, 
    {
        "accumulated_operating_revenue_yoy": 4.163863585756179, 
        "accumulated_operating_revenue": 2647685, 
        "long_term_average": 348734, 
        "date": "2014-08-31", 
        "operating_revenue": 346704, 
        "short_term_average": 308421
    }, 
    {
        "accumulated_operating_revenue_yoy": 2.131875635888762, 
        "accumulated_operating_revenue": 2970333, 
        "long_term_average": 345081, 
        "date": "2014-09-30", 
        "operating_revenue": 322648, 
        "short_term_average": 319012
    }, 
    {
        "accumulated_operating_revenue_yoy": 1.3641791828044652, 
        "accumulated_operating_revenue": 3322213, 
        "long_term_average": 343640, 
        "date": "2014-10-31", 
        "operating_revenue": 351880, 
        "short_term_average": 340410
    }, 
    {
        "accumulated_operating_revenue_yoy": 0.9877862338197353, 
        "accumulated_operating_revenue": 3716296, 
        "long_term_average": 342944, 
        "date": "2014-11-30", 
        "operating_revenue": 394083, 
        "short_term_average": 356203
    }, 
    {
        "accumulated_operating_revenue_yoy": -0.3416051765908029, 
        "accumulated_operating_revenue": 4065044, 
        "long_term_average": 338753, 
        "date": "2014-12-31", 
        "operating_revenue": 348748, 
        "short_term_average": 364903
    }, 
    {
        "accumulated_operating_revenue_yoy": 14.924660781324073, 
        "accumulated_operating_revenue": 358781, 
        "long_term_average": 342636, 
        "date": "2015-01-31", 
        "operating_revenue": 358781, 
        "short_term_average": 367204
    }, 
    {
        "accumulated_operating_revenue_yoy": -1.8010696474852512, 
        "accumulated_operating_revenue": 619867, 
        "long_term_average": 337806, 
        "date": "2015-02-28", 
        "operating_revenue": 261086, 
        "short_term_average": 322871
    }, 
    {
        "accumulated_operating_revenue_yoy": -0.9553288015441651, 
        "accumulated_operating_revenue": 1003169, 
        "long_term_average": 337947, 
        "date": "2015-03-31", 
        "operating_revenue": 383302, 
        "short_term_average": 334389
    }, 
    {
        "accumulated_operating_revenue_yoy": -2.5296262701563297, 
        "accumulated_operating_revenue": 1327103, 
        "long_term_average": 335883, 
        "date": "2015-04-30", 
        "operating_revenue": 323934, 
        "short_term_average": 322774
    }, 
    {
        "accumulated_operating_revenue_yoy": -1.9995680501061879, 
        "accumulated_operating_revenue": 1687981, 
        "long_term_average": 335883, 
        "date": "2015-05-31", 
        "operating_revenue": 360878, 
        "short_term_average": 356038
    }, 
    {
        "accumulated_operating_revenue_yoy": -1.6016522160675828, 
        "accumulated_operating_revenue": 1981050, 
        "long_term_average": 336066, 
        "date": "2015-06-30", 
        "operating_revenue": 293069, 
        "short_term_average": 325960
    }, 
    {
        "accumulated_operating_revenue_yoy": -0.5787531492002759, 
        "accumulated_operating_revenue": 2287664, 
        "long_term_average": 337643, 
        "date": "2015-07-31", 
        "operating_revenue": 306614, 
        "short_term_average": 320187
    }, 
    {
        "accumulated_operating_revenue_yoy": -1.1706830684163714, 
        "accumulated_operating_revenue": 2616689, 
        "long_term_average": 336170, 
        "date": "2015-08-31", 
        "operating_revenue": 329025, 
        "short_term_average": 309569
    }, 
    {
        "accumulated_operating_revenue_yoy": -1.1717204771316885, 
        "accumulated_operating_revenue": 2935529, 
        "long_term_average": 335853, 
        "date": "2015-09-30", 
        "operating_revenue": 318840, 
        "short_term_average": 318159
    }
]