[
    {
        "date": "2012-01-31", 
        "operating_revenue": 553510, 
        "accumulated_operating_revenue": 553510, 
        "long_term_average": 553510, 
        "short_term_average": 553510
    }, 
    {
        "date": "2012-02-29", 
        "operating_revenue": 653970, 
        "accumulated_operating_revenue": 1207480, 
        "long_term_average": 603740, 
        "short_term_average": 603740
    }, 
    {
        "date": "2012-03-31", 
        "operating_revenue": 725927, 
        "accumulated_operating_revenue": 1933407, 
        "long_term_average": 644469, 
        "short_term_average": 644469
    }, 
    {
        "date": "2012-04-30", 
        "operating_revenue": 690309, 
        "accumulated_operating_revenue": 2623716, 
        "long_term_average": 655929, 
        "short_term_average": 690068
    }, 
    {
        "date": "2012-05-31", 
        "operating_revenue": 633276, 
        "accumulated_operating_revenue": 3256992, 
        "long_term_average": 651398, 
        "short_term_average": 683170
    }, 
    {
        "date": "2012-06-30", 
        "operating_revenue": 510423, 
        "accumulated_operating_revenue": 3767415, 
        "long_term_average": 627902, 
        "short_term_average": 611336
    }, 
    {
        "date": "2012-07-31", 
        "operating_revenue": 439761, 
        "accumulated_operating_revenue": 4207176, 
        "long_term_average": 601025, 
        "short_term_average": 527820
    }, 
    {
        "date": "2012-08-31", 
        "operating_revenue": 594249, 
        "accumulated_operating_revenue": 4801425, 
        "long_term_average": 600178, 
        "short_term_average": 514811
    }, 
    {
        "date": "2012-09-30", 
        "operating_revenue": 683940, 
        "accumulated_operating_revenue": 5485365, 
        "long_term_average": 609485, 
        "short_term_average": 572650
    }, 
    {
        "date": "2012-10-31", 
        "operating_revenue": 676043, 
        "accumulated_operating_revenue": 6161408, 
        "long_term_average": 616140, 
        "short_term_average": 651410
    }, 
    {
        "date": "2012-11-30", 
        "operating_revenue": 652119, 
        "accumulated_operating_revenue": 6813527, 
        "long_term_average": 619411, 
        "short_term_average": 670700
    }, 
    {
        "date": "2012-12-31", 
        "operating_revenue": 571202, 
        "accumulated_operating_revenue": 7384729, 
        "long_term_average": 615394, 
        "short_term_average": 633121
    }, 
    {
        "accumulated_operating_revenue_yoy": 6.760672797239435, 
        "accumulated_operating_revenue": 590931, 
        "long_term_average": 618512, 
        "date": "2013-01-31", 
        "operating_revenue": 590931, 
        "short_term_average": 604750
    }, 
    {
        "accumulated_operating_revenue_yoy": -14.808692483519396, 
        "accumulated_operating_revenue": 1028668, 
        "long_term_average": 600493, 
        "date": "2013-02-28", 
        "operating_revenue": 437737, 
        "short_term_average": 533290
    }, 
    {
        "accumulated_operating_revenue_yoy": -10.2501956390972, 
        "accumulated_operating_revenue": 1735229, 
        "long_term_average": 598879, 
        "date": "2013-03-31", 
        "operating_revenue": 706561, 
        "short_term_average": 578409
    }, 
    {
        "accumulated_operating_revenue_yoy": -10.536963604292538, 
        "accumulated_operating_revenue": 2347256, 
        "long_term_average": 592355, 
        "date": "2013-04-30", 
        "operating_revenue": 612027, 
        "short_term_average": 585441
    }, 
    {
        "accumulated_operating_revenue_yoy": -7.692097493638301, 
        "accumulated_operating_revenue": 3006461, 
        "long_term_average": 594516, 
        "date": "2013-05-31", 
        "operating_revenue": 659205, 
        "short_term_average": 659264
    }, 
    {
        "accumulated_operating_revenue_yoy": -5.647081619625128, 
        "accumulated_operating_revenue": 3554666, 
        "long_term_average": 597665, 
        "date": "2013-06-30", 
        "operating_revenue": 548205, 
        "short_term_average": 606479
    }, 
    {
        "accumulated_operating_revenue_yoy": -3.1621448686720024, 
        "accumulated_operating_revenue": 4074139, 
        "long_term_average": 604307, 
        "date": "2013-07-31", 
        "operating_revenue": 519473, 
        "short_term_average": 575627
    }, 
    {
        "accumulated_operating_revenue_yoy": -1.9377164071083066, 
        "accumulated_operating_revenue": 4708387, 
        "long_term_average": 607640, 
        "date": "2013-08-31", 
        "operating_revenue": 634248, 
        "short_term_average": 567308
    }, 
    {
        "accumulated_operating_revenue_yoy": -0.8226070644341807, 
        "accumulated_operating_revenue": 5440242, 
        "long_term_average": 611633, 
        "date": "2013-09-30", 
        "operating_revenue": 731855, 
        "short_term_average": 628525
    }, 
    {
        "accumulated_operating_revenue_yoy": 0.4308268499667608, 
        "accumulated_operating_revenue": 6187953, 
        "long_term_average": 617606, 
        "date": "2013-10-31", 
        "operating_revenue": 747711, 
        "short_term_average": 704604
    }, 
    {
        "accumulated_operating_revenue_yoy": 1.7667061420612262, 
        "accumulated_operating_revenue": 6933902, 
        "long_term_average": 625425, 
        "date": "2013-11-30", 
        "operating_revenue": 745949, 
        "short_term_average": 741838
    }, 
    {
        "accumulated_operating_revenue_yoy": 3.6250077694117144, 
        "accumulated_operating_revenue": 7652426, 
        "long_term_average": 637702, 
        "date": "2013-12-31", 
        "operating_revenue": 718524, 
        "short_term_average": 737394
    }, 
    {
        "accumulated_operating_revenue_yoy": 3.011519111368332, 
        "accumulated_operating_revenue": 608727, 
        "long_term_average": 639185, 
        "date": "2014-01-31", 
        "operating_revenue": 608727, 
        "short_term_average": 691066
    }, 
    {
        "accumulated_operating_revenue_yoy": 13.149043228719082, 
        "accumulated_operating_revenue": 1163928, 
        "long_term_average": 648973, 
        "date": "2014-02-28", 
        "operating_revenue": 555201, 
        "short_term_average": 627484
    }, 
    {
        "accumulated_operating_revenue_yoy": 9.6888652736901, 
        "accumulated_operating_revenue": 1903353, 
        "long_term_average": 651712, 
        "date": "2014-03-31", 
        "operating_revenue": 739425, 
        "short_term_average": 634451
    }, 
    {
        "accumulated_operating_revenue_yoy": 12.061828790724148, 
        "accumulated_operating_revenue": 2630378, 
        "long_term_average": 661295, 
        "date": "2014-04-30", 
        "operating_revenue": 727025, 
        "short_term_average": 673883
    }, 
    {
        "accumulated_operating_revenue_yoy": 12.793746534546765, 
        "accumulated_operating_revenue": 3391100, 
        "long_term_average": 669755, 
        "date": "2014-05-31", 
        "operating_revenue": 760722, 
        "short_term_average": 742390
    }, 
    {
        "accumulated_operating_revenue_yoy": 9.23777367550144, 
        "accumulated_operating_revenue": 3883038, 
        "long_term_average": 665066, 
        "date": "2014-06-30", 
        "operating_revenue": 491938, 
        "short_term_average": 659895
    }, 
    {
        "accumulated_operating_revenue_yoy": 9.029073382130557, 
        "accumulated_operating_revenue": 4441996, 
        "long_term_average": 668356, 
        "date": "2014-07-31", 
        "operating_revenue": 558958, 
        "short_term_average": 603872
    }, 
    {
        "accumulated_operating_revenue_yoy": 8.239722010956193, 
        "accumulated_operating_revenue": 5096345, 
        "long_term_average": 670032, 
        "date": "2014-08-31", 
        "operating_revenue": 654349, 
        "short_term_average": 568415
    }, 
    {
        "accumulated_operating_revenue_yoy": 7.349231890787211, 
        "accumulated_operating_revenue": 5840058, 
        "long_term_average": 671020, 
        "date": "2014-09-30", 
        "operating_revenue": 743713, 
        "short_term_average": 652340
    }, 
    {
        "accumulated_operating_revenue_yoy": 7.75138401988509, 
        "accumulated_operating_revenue": 6667605, 
        "long_term_average": 677673, 
        "date": "2014-10-31", 
        "operating_revenue": 827547, 
        "short_term_average": 741869
    }, 
    {
        "accumulated_operating_revenue_yoy": 7.797442190558794, 
        "accumulated_operating_revenue": 7474569, 
        "long_term_average": 682757, 
        "date": "2014-11-30", 
        "operating_revenue": 806964, 
        "short_term_average": 792741
    }, 
    {
        "accumulated_operating_revenue_yoy": 6.650818969043282, 
        "accumulated_operating_revenue": 8161375, 
        "long_term_average": 680114, 
        "date": "2014-12-31", 
        "operating_revenue": 686806, 
        "short_term_average": 773772
    }, 
    {
        "accumulated_operating_revenue_yoy": 13.839208709322898, 
        "accumulated_operating_revenue": 692970, 
        "long_term_average": 687134, 
        "date": "2015-01-31", 
        "operating_revenue": 692970, 
        "short_term_average": 728913
    }, 
    {
        "accumulated_operating_revenue_yoy": 13.082338426431875, 
        "accumulated_operating_revenue": 1316197, 
        "long_term_average": 692803, 
        "date": "2015-02-28", 
        "operating_revenue": 623227, 
        "short_term_average": 667667
    }, 
    {
        "accumulated_operating_revenue_yoy": 9.993942269248006, 
        "accumulated_operating_revenue": 2093573, 
        "long_term_average": 695966, 
        "date": "2015-03-31", 
        "operating_revenue": 777376, 
        "short_term_average": 697857
    }, 
    {
        "accumulated_operating_revenue_yoy": 7.630234133649232, 
        "accumulated_operating_revenue": 2831082, 
        "long_term_average": 696839, 
        "date": "2015-04-30", 
        "operating_revenue": 737509, 
        "short_term_average": 712704
    }, 
    {
        "accumulated_operating_revenue_yoy": 1.6161127657692194, 
        "accumulated_operating_revenue": 3445904, 
        "long_term_average": 684681, 
        "date": "2015-05-31", 
        "operating_revenue": 614822, 
        "short_term_average": 709902
    }, 
    {
        "accumulated_operating_revenue_yoy": 2.217645050087071, 
        "accumulated_operating_revenue": 3969150, 
        "long_term_average": 687290, 
        "date": "2015-06-30", 
        "operating_revenue": 523246, 
        "short_term_average": 625192
    }, 
    {
        "accumulated_operating_revenue_yoy": 2.0968951795544166, 
        "accumulated_operating_revenue": 4535140, 
        "long_term_average": 687876, 
        "date": "2015-07-31", 
        "operating_revenue": 565990, 
        "short_term_average": 568019
    }, 
    {
        "accumulated_operating_revenue_yoy": 2.728386716362413, 
        "accumulated_operating_revenue": 5235393, 
        "long_term_average": 691701, 
        "date": "2015-08-31", 
        "operating_revenue": 700253, 
        "short_term_average": 596496
    }
]