[
    {
        "date": "2012-01-31", 
        "operating_revenue": 27797, 
        "accumulated_operating_revenue": 27797, 
        "long_term_average": 27797, 
        "short_term_average": 27797
    }, 
    {
        "date": "2012-02-29", 
        "operating_revenue": 55149, 
        "accumulated_operating_revenue": 82946, 
        "long_term_average": 41473, 
        "short_term_average": 41473
    }, 
    {
        "date": "2012-03-31", 
        "operating_revenue": 53932, 
        "accumulated_operating_revenue": 136878, 
        "long_term_average": 45626, 
        "short_term_average": 45626
    }, 
    {
        "date": "2012-04-30", 
        "operating_revenue": 57208, 
        "accumulated_operating_revenue": 194086, 
        "long_term_average": 48521, 
        "short_term_average": 55429
    }, 
    {
        "date": "2012-05-31", 
        "operating_revenue": 53797, 
        "accumulated_operating_revenue": 247883, 
        "long_term_average": 49576, 
        "short_term_average": 54979
    }, 
    {
        "date": "2012-06-30", 
        "operating_revenue": 49581, 
        "accumulated_operating_revenue": 297464, 
        "long_term_average": 49577, 
        "short_term_average": 53528
    }, 
    {
        "date": "2012-07-31", 
        "operating_revenue": 47760, 
        "accumulated_operating_revenue": 345224, 
        "long_term_average": 49317, 
        "short_term_average": 50379
    }, 
    {
        "date": "2012-08-31", 
        "operating_revenue": 61592, 
        "accumulated_operating_revenue": 406816, 
        "long_term_average": 50852, 
        "short_term_average": 52977
    }, 
    {
        "date": "2012-09-30", 
        "operating_revenue": 61625, 
        "accumulated_operating_revenue": 468441, 
        "long_term_average": 52049, 
        "short_term_average": 56992
    }, 
    {
        "date": "2012-10-31", 
        "operating_revenue": 82178, 
        "accumulated_operating_revenue": 550619, 
        "long_term_average": 55061, 
        "short_term_average": 68465
    }, 
    {
        "date": "2012-11-30", 
        "operating_revenue": 59250, 
        "accumulated_operating_revenue": 609869, 
        "long_term_average": 55442, 
        "short_term_average": 67684
    }, 
    {
        "date": "2012-12-31", 
        "operating_revenue": 66041, 
        "accumulated_operating_revenue": 675910, 
        "long_term_average": 56325, 
        "short_term_average": 69156
    }, 
    {
        "accumulated_operating_revenue_yoy": 130.42054898010576, 
        "accumulated_operating_revenue": 64050, 
        "long_term_average": 59346, 
        "date": "2013-01-31", 
        "operating_revenue": 64050, 
        "short_term_average": 63113
    }, 
    {
        "accumulated_operating_revenue_yoy": 31.929206953921828, 
        "accumulated_operating_revenue": 109430, 
        "long_term_average": 58532, 
        "date": "2013-02-28", 
        "operating_revenue": 45380, 
        "short_term_average": 58490
    }, 
    {
        "accumulated_operating_revenue_yoy": 47.9200455880419, 
        "accumulated_operating_revenue": 202470, 
        "long_term_average": 61791, 
        "date": "2013-03-31", 
        "operating_revenue": 93040, 
        "short_term_average": 67490
    }, 
    {
        "accumulated_operating_revenue_yoy": 45.19388312397597, 
        "accumulated_operating_revenue": 281801, 
        "long_term_average": 63635, 
        "date": "2013-04-30", 
        "operating_revenue": 79331, 
        "short_term_average": 72583
    }, 
    {
        "accumulated_operating_revenue_yoy": 49.4991588773736, 
        "accumulated_operating_revenue": 370583, 
        "long_term_average": 66550, 
        "date": "2013-05-31", 
        "operating_revenue": 88782, 
        "short_term_average": 87051
    }, 
    {
        "accumulated_operating_revenue_yoy": 46.21668504424065, 
        "accumulated_operating_revenue": 434942, 
        "long_term_average": 67782, 
        "date": "2013-06-30", 
        "operating_revenue": 64359, 
        "short_term_average": 77490
    }, 
    {
        "accumulated_operating_revenue_yoy": 49.06147892382916, 
        "accumulated_operating_revenue": 514596, 
        "long_term_average": 70440, 
        "date": "2013-07-31", 
        "operating_revenue": 79654, 
        "short_term_average": 77598
    }, 
    {
        "accumulated_operating_revenue_yoy": 46.34920947062062, 
        "accumulated_operating_revenue": 595372, 
        "long_term_average": 72038, 
        "date": "2013-08-31", 
        "operating_revenue": 80776, 
        "short_term_average": 74929
    }, 
    {
        "accumulated_operating_revenue_yoy": 44.25594685349916, 
        "accumulated_operating_revenue": 675754, 
        "long_term_average": 73601, 
        "date": "2013-09-30", 
        "operating_revenue": 80382, 
        "short_term_average": 80270
    }, 
    {
        "accumulated_operating_revenue_yoy": 42.269518487375116, 
        "accumulated_operating_revenue": 783363, 
        "long_term_average": 75721, 
        "date": "2013-10-31", 
        "operating_revenue": 107609, 
        "short_term_average": 89589
    }, 
    {
        "accumulated_operating_revenue_yoy": 40.27914191408319, 
        "accumulated_operating_revenue": 855519, 
        "long_term_average": 76796, 
        "date": "2013-11-30", 
        "operating_revenue": 72156, 
        "short_term_average": 86715
    }, 
    {
        "accumulated_operating_revenue_yoy": 37.66093118906363, 
        "accumulated_operating_revenue": 930464, 
        "long_term_average": 77538, 
        "date": "2013-12-31", 
        "operating_revenue": 74945, 
        "short_term_average": 84903
    }, 
    {
        "accumulated_operating_revenue_yoy": -37.91725214676035, 
        "accumulated_operating_revenue": 39764, 
        "long_term_average": 75514, 
        "date": "2014-01-31", 
        "operating_revenue": 39764, 
        "short_term_average": 62288
    }, 
    {
        "accumulated_operating_revenue_yoy": -32.206890249474554, 
        "accumulated_operating_revenue": 74186, 
        "long_term_average": 74601, 
        "date": "2014-02-28", 
        "operating_revenue": 34422, 
        "short_term_average": 49710
    }, 
    {
        "accumulated_operating_revenue_yoy": -37.44258408653134, 
        "accumulated_operating_revenue": 126660, 
        "long_term_average": 71221, 
        "date": "2014-03-31", 
        "operating_revenue": 52474, 
        "short_term_average": 42220
    }, 
    {
        "accumulated_operating_revenue_yoy": -36.2940514760416, 
        "accumulated_operating_revenue": 179524, 
        "long_term_average": 69015, 
        "date": "2014-04-30", 
        "operating_revenue": 52864, 
        "short_term_average": 46586
    }, 
    {
        "accumulated_operating_revenue_yoy": -38.78969083848962, 
        "accumulated_operating_revenue": 226835, 
        "long_term_average": 65559, 
        "date": "2014-05-31", 
        "operating_revenue": 47311, 
        "short_term_average": 50883
    }, 
    {
        "accumulated_operating_revenue_yoy": -38.49179890652087, 
        "accumulated_operating_revenue": 267525, 
        "long_term_average": 63587, 
        "date": "2014-06-30", 
        "operating_revenue": 40690, 
        "short_term_average": 46955
    }, 
    {
        "accumulated_operating_revenue_yoy": -39.12370092266555, 
        "accumulated_operating_revenue": 313267, 
        "long_term_average": 60761, 
        "date": "2014-07-31", 
        "operating_revenue": 45742, 
        "short_term_average": 44581
    }, 
    {
        "accumulated_operating_revenue_yoy": -39.527723843244225, 
        "accumulated_operating_revenue": 360035, 
        "long_term_average": 57927, 
        "date": "2014-08-31", 
        "operating_revenue": 46768, 
        "short_term_average": 44400
    }, 
    {
        "accumulated_operating_revenue_yoy": -34.26350417459608, 
        "accumulated_operating_revenue": 444217, 
        "long_term_average": 58243, 
        "date": "2014-09-30", 
        "operating_revenue": 84182, 
        "short_term_average": 58897
    }, 
    {
        "accumulated_operating_revenue_yoy": -30.602415482988093, 
        "accumulated_operating_revenue": 543635, 
        "long_term_average": 57561, 
        "date": "2014-10-31", 
        "operating_revenue": 99418, 
        "short_term_average": 76789
    }, 
    {
        "accumulated_operating_revenue_yoy": -26.939436762947405, 
        "accumulated_operating_revenue": 625047, 
        "long_term_average": 58332, 
        "date": "2014-11-30", 
        "operating_revenue": 81412, 
        "short_term_average": 88337
    }, 
    {
        "accumulated_operating_revenue_yoy": -27.912740310210822, 
        "accumulated_operating_revenue": 670746, 
        "long_term_average": 55895, 
        "date": "2014-12-31", 
        "operating_revenue": 45699, 
        "short_term_average": 75509
    }, 
    {
        "accumulated_operating_revenue_yoy": -0.472789457801026, 
        "accumulated_operating_revenue": 39576, 
        "long_term_average": 55879, 
        "date": "2015-01-31", 
        "operating_revenue": 39576, 
        "short_term_average": 55562
    }, 
    {
        "accumulated_operating_revenue_yoy": 2.8495942630685036, 
        "accumulated_operating_revenue": 76300, 
        "long_term_average": 56071, 
        "date": "2015-02-28", 
        "operating_revenue": 36724, 
        "short_term_average": 40666
    }, 
    {
        "accumulated_operating_revenue_yoy": 5.942681193747039, 
        "accumulated_operating_revenue": 134187, 
        "long_term_average": 56522, 
        "date": "2015-03-31", 
        "operating_revenue": 57887, 
        "short_term_average": 44729
    }, 
    {
        "accumulated_operating_revenue_yoy": 1.6164969586239166, 
        "accumulated_operating_revenue": 182426, 
        "long_term_average": 56137, 
        "date": "2015-04-30", 
        "operating_revenue": 48239, 
        "short_term_average": 47616
    }, 
    {
        "accumulated_operating_revenue_yoy": -3.024665505764102, 
        "accumulated_operating_revenue": 219974, 
        "long_term_average": 55323, 
        "date": "2015-05-31", 
        "operating_revenue": 37548, 
        "short_term_average": 47891
    }, 
    {
        "accumulated_operating_revenue_yoy": -3.1514811699841134, 
        "accumulated_operating_revenue": 259094, 
        "long_term_average": 55192, 
        "date": "2015-06-30", 
        "operating_revenue": 39120, 
        "short_term_average": 41635
    }, 
    {
        "accumulated_operating_revenue_yoy": -4.6503461903105014, 
        "accumulated_operating_revenue": 298699, 
        "long_term_average": 54681, 
        "date": "2015-07-31", 
        "operating_revenue": 39605, 
        "short_term_average": 38757
    }, 
    {
        "accumulated_operating_revenue_yoy": -5.6983348841084895, 
        "accumulated_operating_revenue": 339519, 
        "long_term_average": 54185, 
        "date": "2015-08-31", 
        "operating_revenue": 40820, 
        "short_term_average": 39848
    }
]