[
    {
        "date": "2012-01-31", 
        "operating_revenue": 289323, 
        "accumulated_operating_revenue": 289323, 
        "long_term_average": 289323, 
        "short_term_average": 289323
    }, 
    {
        "date": "2012-02-29", 
        "operating_revenue": 323649, 
        "accumulated_operating_revenue": 612972, 
        "long_term_average": 306486, 
        "short_term_average": 306486
    }, 
    {
        "date": "2012-03-31", 
        "operating_revenue": 403661, 
        "accumulated_operating_revenue": 1016633, 
        "long_term_average": 338877, 
        "short_term_average": 338877
    }, 
    {
        "date": "2012-04-30", 
        "operating_revenue": 384673, 
        "accumulated_operating_revenue": 1401306, 
        "long_term_average": 350326, 
        "short_term_average": 370661
    }, 
    {
        "date": "2012-05-31", 
        "operating_revenue": 443342, 
        "accumulated_operating_revenue": 1844648, 
        "long_term_average": 368929, 
        "short_term_average": 410558
    }, 
    {
        "date": "2012-06-30", 
        "operating_revenue": 369137, 
        "accumulated_operating_revenue": 2213785, 
        "long_term_average": 368964, 
        "short_term_average": 399050
    }, 
    {
        "date": "2012-07-31", 
        "operating_revenue": 269803, 
        "accumulated_operating_revenue": 2483588, 
        "long_term_average": 354798, 
        "short_term_average": 360760
    }, 
    {
        "date": "2012-08-31", 
        "operating_revenue": 335093, 
        "accumulated_operating_revenue": 2818681, 
        "long_term_average": 352335, 
        "short_term_average": 324677
    }, 
    {
        "date": "2012-09-30", 
        "operating_revenue": 353336, 
        "accumulated_operating_revenue": 3172017, 
        "long_term_average": 352446, 
        "short_term_average": 319410
    }, 
    {
        "date": "2012-10-31", 
        "operating_revenue": 412124, 
        "accumulated_operating_revenue": 3584141, 
        "long_term_average": 358414, 
        "short_term_average": 366851
    }, 
    {
        "date": "2012-11-30", 
        "operating_revenue": 427125, 
        "accumulated_operating_revenue": 4011266, 
        "long_term_average": 364660, 
        "short_term_average": 397528
    }, 
    {
        "date": "2012-12-31", 
        "operating_revenue": 415681, 
        "accumulated_operating_revenue": 4426947, 
        "long_term_average": 368912, 
        "short_term_average": 418310
    }, 
    {
        "accumulated_operating_revenue_yoy": 21.66713327319294, 
        "accumulated_operating_revenue": 352011, 
        "long_term_average": 374136, 
        "date": "2013-01-31", 
        "operating_revenue": 352011, 
        "short_term_average": 398272
    }, 
    {
        "accumulated_operating_revenue_yoy": -5.790965982132952, 
        "accumulated_operating_revenue": 577475, 
        "long_term_average": 365954, 
        "date": "2013-02-28", 
        "operating_revenue": 225464, 
        "short_term_average": 331052
    }, 
    {
        "accumulated_operating_revenue_yoy": -4.1270546991884, 
        "accumulated_operating_revenue": 974676, 
        "long_term_average": 365415, 
        "date": "2013-03-31", 
        "operating_revenue": 397201, 
        "short_term_average": 324892
    }, 
    {
        "accumulated_operating_revenue_yoy": -2.7782654181170994, 
        "accumulated_operating_revenue": 1362374, 
        "long_term_average": 365667, 
        "date": "2013-04-30", 
        "operating_revenue": 387698, 
        "short_term_average": 336787
    }, 
    {
        "accumulated_operating_revenue_yoy": -3.088936208967781, 
        "accumulated_operating_revenue": 1787668, 
        "long_term_average": 364163, 
        "date": "2013-05-31", 
        "operating_revenue": 425294, 
        "short_term_average": 403397
    }, 
    {
        "accumulated_operating_revenue_yoy": -5.954327091384213, 
        "accumulated_operating_revenue": 2081969, 
        "long_term_average": 357927, 
        "date": "2013-06-30", 
        "operating_revenue": 294301, 
        "short_term_average": 369097
    }, 
    {
        "accumulated_operating_revenue_yoy": -4.127254601004675, 
        "accumulated_operating_revenue": 2381084, 
        "long_term_average": 360370, 
        "date": "2013-07-31", 
        "operating_revenue": 299115, 
        "short_term_average": 339570
    }, 
    {
        "accumulated_operating_revenue_yoy": -3.1938342792249284, 
        "accumulated_operating_revenue": 2728657, 
        "long_term_average": 361410, 
        "date": "2013-08-31", 
        "operating_revenue": 347573, 
        "short_term_average": 313663
    }, 
    {
        "accumulated_operating_revenue_yoy": 0.3157297076276704, 
        "accumulated_operating_revenue": 3182032, 
        "long_term_average": 369746, 
        "date": "2013-09-30", 
        "operating_revenue": 453375, 
        "short_term_average": 366687
    }, 
    {
        "accumulated_operating_revenue_yoy": 2.726985350185721, 
        "accumulated_operating_revenue": 3681880, 
        "long_term_average": 377057, 
        "date": "2013-10-31", 
        "operating_revenue": 499848, 
        "short_term_average": 433598
    }, 
    {
        "accumulated_operating_revenue_yoy": 3.8236806035800166, 
        "accumulated_operating_revenue": 4164644, 
        "long_term_average": 381693, 
        "date": "2013-11-30", 
        "operating_revenue": 482764, 
        "short_term_average": 478662
    }, 
    {
        "accumulated_operating_revenue_yoy": 3.7870568588239255, 
        "accumulated_operating_revenue": 4594598, 
        "long_term_average": 382883, 
        "date": "2013-12-31", 
        "operating_revenue": 429954, 
        "short_term_average": 470855
    }, 
    {
        "accumulated_operating_revenue_yoy": 21.95357531440779, 
        "accumulated_operating_revenue": 429290, 
        "long_term_average": 389323, 
        "date": "2014-01-31", 
        "operating_revenue": 429290, 
        "short_term_average": 447336
    }, 
    {
        "accumulated_operating_revenue_yoy": 27.6857006796831, 
        "accumulated_operating_revenue": 737353, 
        "long_term_average": 396206, 
        "date": "2014-02-28", 
        "operating_revenue": 308063, 
        "short_term_average": 389102
    }, 
    {
        "accumulated_operating_revenue_yoy": 21.437688011195515, 
        "accumulated_operating_revenue": 1183624, 
        "long_term_average": 400295, 
        "date": "2014-03-31", 
        "operating_revenue": 446271, 
        "short_term_average": 394541
    }, 
    {
        "accumulated_operating_revenue_yoy": 19.11883227366347, 
        "accumulated_operating_revenue": 1622844, 
        "long_term_average": 404589, 
        "date": "2014-04-30", 
        "operating_revenue": 439220, 
        "short_term_average": 397851
    }, 
    {
        "accumulated_operating_revenue_yoy": 13.4695592246435, 
        "accumulated_operating_revenue": 2028459, 
        "long_term_average": 402949, 
        "date": "2014-05-31", 
        "operating_revenue": 405615, 
        "short_term_average": 430368
    }, 
    {
        "accumulated_operating_revenue_yoy": 14.746665296169157, 
        "accumulated_operating_revenue": 2388990, 
        "long_term_average": 408468, 
        "date": "2014-06-30", 
        "operating_revenue": 360531, 
        "short_term_average": 401788
    }, 
    {
        "accumulated_operating_revenue_yoy": 18.370330488130616, 
        "accumulated_operating_revenue": 2818497, 
        "long_term_average": 419334, 
        "date": "2014-07-31", 
        "operating_revenue": 429507, 
        "short_term_average": 398551
    }, 
    {
        "accumulated_operating_revenue_yoy": 19.31902763887143, 
        "accumulated_operating_revenue": 3255807, 
        "long_term_average": 426812, 
        "date": "2014-08-31", 
        "operating_revenue": 437310, 
        "short_term_average": 409116
    }, 
    {
        "accumulated_operating_revenue_yoy": 19.02991547539434, 
        "accumulated_operating_revenue": 3787570, 
        "long_term_average": 433344, 
        "date": "2014-09-30", 
        "operating_revenue": 531763, 
        "short_term_average": 466193
    }, 
    {
        "accumulated_operating_revenue_yoy": 19.408372896455074, 
        "accumulated_operating_revenue": 4396473, 
        "long_term_average": 442432, 
        "date": "2014-10-31", 
        "operating_revenue": 608903, 
        "short_term_average": 525992
    }, 
    {
        "accumulated_operating_revenue_yoy": 21.162313033238856, 
        "accumulated_operating_revenue": 5045979, 
        "long_term_average": 456327, 
        "date": "2014-11-30", 
        "operating_revenue": 649506, 
        "short_term_average": 596724
    }, 
    {
        "accumulated_operating_revenue_yoy": 23.588505457931248, 
        "accumulated_operating_revenue": 5678395, 
        "long_term_average": 473199, 
        "date": "2014-12-31", 
        "operating_revenue": 632416, 
        "short_term_average": 630275
    }, 
    {
        "accumulated_operating_revenue_yoy": 25.29362435649561, 
        "accumulated_operating_revenue": 537873, 
        "long_term_average": 482248, 
        "date": "2015-01-31", 
        "operating_revenue": 537873, 
        "short_term_average": 606598
    }, 
    {
        "accumulated_operating_revenue_yoy": 31.197133530344352, 
        "accumulated_operating_revenue": 967386, 
        "long_term_average": 492369, 
        "date": "2015-02-28", 
        "operating_revenue": 429513, 
        "short_term_average": 533267
    }, 
    {
        "accumulated_operating_revenue_yoy": 30.8585327773009, 
        "accumulated_operating_revenue": 1548873, 
        "long_term_average": 503637, 
        "date": "2015-03-31", 
        "operating_revenue": 581487, 
        "short_term_average": 516291
    }, 
    {
        "accumulated_operating_revenue_yoy": 31.989211532346918, 
        "accumulated_operating_revenue": 2141979, 
        "long_term_average": 516460, 
        "date": "2015-04-30", 
        "operating_revenue": 593106, 
        "short_term_average": 534702
    }, 
    {
        "accumulated_operating_revenue_yoy": 30.42472142646216, 
        "accumulated_operating_revenue": 2645612, 
        "long_term_average": 524629, 
        "date": "2015-05-31", 
        "operating_revenue": 503633, 
        "short_term_average": 559408
    }, 
    {
        "accumulated_operating_revenue_yoy": 29.309498993298423, 
        "accumulated_operating_revenue": 3089191, 
        "long_term_average": 531549, 
        "date": "2015-06-30", 
        "operating_revenue": 443579, 
        "short_term_average": 513439
    }, 
    {
        "accumulated_operating_revenue_yoy": 26.74563783463314, 
        "accumulated_operating_revenue": 3572322, 
        "long_term_average": 536018, 
        "date": "2015-07-31", 
        "operating_revenue": 483131, 
        "short_term_average": 476781
    }, 
    {
        "accumulated_operating_revenue_yoy": 27.116441484400028, 
        "accumulated_operating_revenue": 4138666, 
        "long_term_average": 546771, 
        "date": "2015-08-31", 
        "operating_revenue": 566344, 
        "short_term_average": 497684
    }, 
    {
        "accumulated_operating_revenue_yoy": 28.467830297525854, 
        "accumulated_operating_revenue": 4865809, 
        "long_term_average": 563052, 
        "date": "2015-09-30", 
        "operating_revenue": 727143, 
        "short_term_average": 592206
    }
]