[
    {
        "date": "2012-01-31", 
        "operating_revenue": 160862, 
        "accumulated_operating_revenue": 160862, 
        "long_term_average": 160862, 
        "short_term_average": 160862
    }, 
    {
        "date": "2012-02-29", 
        "operating_revenue": 218444, 
        "accumulated_operating_revenue": 379306, 
        "long_term_average": 189653, 
        "short_term_average": 189653
    }, 
    {
        "date": "2012-03-31", 
        "operating_revenue": 246341, 
        "accumulated_operating_revenue": 625647, 
        "long_term_average": 208549, 
        "short_term_average": 208549
    }, 
    {
        "date": "2012-04-30", 
        "operating_revenue": 250087, 
        "accumulated_operating_revenue": 875734, 
        "long_term_average": 218933, 
        "short_term_average": 238290
    }, 
    {
        "date": "2012-05-31", 
        "operating_revenue": 252954, 
        "accumulated_operating_revenue": 1128688, 
        "long_term_average": 225737, 
        "short_term_average": 249794
    }, 
    {
        "date": "2012-06-30", 
        "operating_revenue": 202814, 
        "accumulated_operating_revenue": 1331502, 
        "long_term_average": 221917, 
        "short_term_average": 235285
    }, 
    {
        "date": "2012-07-31", 
        "operating_revenue": 210075, 
        "accumulated_operating_revenue": 1541577, 
        "long_term_average": 220225, 
        "short_term_average": 221947
    }, 
    {
        "date": "2012-08-31", 
        "operating_revenue": 222459, 
        "accumulated_operating_revenue": 1764036, 
        "long_term_average": 220504, 
        "short_term_average": 211782
    }, 
    {
        "date": "2012-09-30", 
        "operating_revenue": 223803, 
        "accumulated_operating_revenue": 1987839, 
        "long_term_average": 220871, 
        "short_term_average": 218779
    }, 
    {
        "date": "2012-10-31", 
        "operating_revenue": 240049, 
        "accumulated_operating_revenue": 2227888, 
        "long_term_average": 222788, 
        "short_term_average": 228770
    }, 
    {
        "date": "2012-11-30", 
        "operating_revenue": 182046, 
        "accumulated_operating_revenue": 2409934, 
        "long_term_average": 219084, 
        "short_term_average": 215299
    }, 
    {
        "date": "2012-12-31", 
        "operating_revenue": 233005, 
        "accumulated_operating_revenue": 2642939, 
        "long_term_average": 220244, 
        "short_term_average": 218366
    }, 
    {
        "accumulated_operating_revenue_yoy": 36.61274881575512, 
        "accumulated_operating_revenue": 219758, 
        "long_term_average": 225152, 
        "date": "2013-01-31", 
        "operating_revenue": 219758, 
        "short_term_average": 211603
    }, 
    {
        "accumulated_operating_revenue_yoy": -14.261308811355475, 
        "accumulated_operating_revenue": 325212, 
        "long_term_average": 215737, 
        "date": "2013-02-28", 
        "operating_revenue": 105454, 
        "short_term_average": 186072
    }, 
    {
        "accumulated_operating_revenue_yoy": -14.766953249995604, 
        "accumulated_operating_revenue": 533258, 
        "long_term_average": 212545, 
        "date": "2013-03-31", 
        "operating_revenue": 208046, 
        "short_term_average": 177752
    }, 
    {
        "accumulated_operating_revenue_yoy": -12.648132880532218, 
        "accumulated_operating_revenue": 764970, 
        "long_term_average": 211014, 
        "date": "2013-04-30", 
        "operating_revenue": 231712, 
        "short_term_average": 181737
    }, 
    {
        "accumulated_operating_revenue_yoy": -10.874838750832826, 
        "accumulated_operating_revenue": 1005945, 
        "long_term_average": 210016, 
        "date": "2013-05-31", 
        "operating_revenue": 240975, 
        "short_term_average": 226911
    }, 
    {
        "accumulated_operating_revenue_yoy": -8.318650666690699, 
        "accumulated_operating_revenue": 1220739, 
        "long_term_average": 211014, 
        "date": "2013-06-30", 
        "operating_revenue": 214794, 
        "short_term_average": 229160
    }, 
    {
        "accumulated_operating_revenue_yoy": -5.720051609488206, 
        "accumulated_operating_revenue": 1453398, 
        "long_term_average": 212896, 
        "date": "2013-07-31", 
        "operating_revenue": 232659, 
        "short_term_average": 229476
    }, 
    {
        "accumulated_operating_revenue_yoy": -3.228222099775742, 
        "accumulated_operating_revenue": 1707089, 
        "long_term_average": 215499, 
        "date": "2013-08-31", 
        "operating_revenue": 253691, 
        "short_term_average": 233714
    }, 
    {
        "accumulated_operating_revenue_yoy": -1.2442657579411611, 
        "accumulated_operating_revenue": 1963105, 
        "long_term_average": 218183, 
        "date": "2013-09-30", 
        "operating_revenue": 256016, 
        "short_term_average": 247455
    }, 
    {
        "accumulated_operating_revenue_yoy": -1.2724158485525305, 
        "accumulated_operating_revenue": 2199540, 
        "long_term_average": 217882, 
        "date": "2013-10-31", 
        "operating_revenue": 236435, 
        "short_term_average": 248714
    }, 
    {
        "accumulated_operating_revenue_yoy": 0.43474219625931665, 
        "accumulated_operating_revenue": 2420411, 
        "long_term_average": 221118, 
        "date": "2013-11-30", 
        "operating_revenue": 220871, 
        "short_term_average": 237774
    }, 
    {
        "accumulated_operating_revenue_yoy": 1.1282515411819949, 
        "accumulated_operating_revenue": 2672758, 
        "long_term_average": 222729, 
        "date": "2013-12-31", 
        "operating_revenue": 252347, 
        "short_term_average": 236551
    }, 
    {
        "accumulated_operating_revenue_yoy": 0.7576515985766161, 
        "accumulated_operating_revenue": 221423, 
        "long_term_average": 222868, 
        "date": "2014-01-31", 
        "operating_revenue": 221423, 
        "short_term_average": 231547
    }, 
    {
        "accumulated_operating_revenue_yoy": -2.0079209869254515, 
        "accumulated_operating_revenue": 318682, 
        "long_term_average": 222185, 
        "date": "2014-02-28", 
        "operating_revenue": 97259, 
        "short_term_average": 190343
    }, 
    {
        "accumulated_operating_revenue_yoy": 10.264824906518045, 
        "accumulated_operating_revenue": 587996, 
        "long_term_average": 227291, 
        "date": "2014-03-31", 
        "operating_revenue": 269314, 
        "short_term_average": 195998
    }, 
    {
        "accumulated_operating_revenue_yoy": 9.903917800698068, 
        "accumulated_operating_revenue": 840732, 
        "long_term_average": 229043, 
        "date": "2014-04-30", 
        "operating_revenue": 252736, 
        "short_term_average": 206436
    }, 
    {
        "accumulated_operating_revenue_yoy": 7.821302357484754, 
        "accumulated_operating_revenue": 1084623, 
        "long_term_average": 229286, 
        "date": "2014-05-31", 
        "operating_revenue": 243891, 
        "short_term_average": 255313
    }, 
    {
        "accumulated_operating_revenue_yoy": 5.558927829781797, 
        "accumulated_operating_revenue": 1288599, 
        "long_term_average": 228384, 
        "date": "2014-06-30", 
        "operating_revenue": 203976, 
        "short_term_average": 233534
    }, 
    {
        "accumulated_operating_revenue_yoy": 3.398587310564621, 
        "accumulated_operating_revenue": 1502793, 
        "long_term_average": 226846, 
        "date": "2014-07-31", 
        "operating_revenue": 214194, 
        "short_term_average": 220687
    }, 
    {
        "accumulated_operating_revenue_yoy": 1.5667607254220488, 
        "accumulated_operating_revenue": 1733835, 
        "long_term_average": 224958, 
        "date": "2014-08-31", 
        "operating_revenue": 231042, 
        "short_term_average": 216404
    }, 
    {
        "accumulated_operating_revenue_yoy": 1.092911484612387, 
        "accumulated_operating_revenue": 1984560, 
        "long_term_average": 224517, 
        "date": "2014-09-30", 
        "operating_revenue": 250725, 
        "short_term_average": 231987
    }, 
    {
        "accumulated_operating_revenue_yoy": 1.6743500913827436, 
        "accumulated_operating_revenue": 2236368, 
        "long_term_average": 225798, 
        "date": "2014-10-31", 
        "operating_revenue": 251808, 
        "short_term_average": 244525
    }, 
    {
        "accumulated_operating_revenue_yoy": 1.9327296066659754, 
        "accumulated_operating_revenue": 2467191, 
        "long_term_average": 226628, 
        "date": "2014-11-30", 
        "operating_revenue": 230823, 
        "short_term_average": 244452
    }, 
    {
        "accumulated_operating_revenue_yoy": 0.8179939972118688, 
        "accumulated_operating_revenue": 2694621, 
        "long_term_average": 224551, 
        "date": "2014-12-31", 
        "operating_revenue": 227430, 
        "short_term_average": 236687
    }, 
    {
        "accumulated_operating_revenue_yoy": 2.3918021163113137, 
        "accumulated_operating_revenue": 226719, 
        "long_term_average": 224993, 
        "date": "2015-01-31", 
        "operating_revenue": 226719, 
        "short_term_average": 228324
    }, 
    {
        "accumulated_operating_revenue_yoy": 1.671258495930112, 
        "accumulated_operating_revenue": 324008, 
        "long_term_average": 224995, 
        "date": "2015-02-28", 
        "operating_revenue": 97289, 
        "short_term_average": 183812
    }, 
    {
        "accumulated_operating_revenue_yoy": -11.066401812257226, 
        "accumulated_operating_revenue": 522926, 
        "long_term_average": 219129, 
        "date": "2015-03-31", 
        "operating_revenue": 198918, 
        "short_term_average": 174308
    }, 
    {
        "accumulated_operating_revenue_yoy": -10.654286978490173, 
        "accumulated_operating_revenue": 751158, 
        "long_term_average": 217087, 
        "date": "2015-04-30", 
        "operating_revenue": 228232, 
        "short_term_average": 174813
    }, 
    {
        "accumulated_operating_revenue_yoy": -12.13112758995522, 
        "accumulated_operating_revenue": 953046, 
        "long_term_average": 213587, 
        "date": "2015-05-31", 
        "operating_revenue": 201888, 
        "short_term_average": 209679
    }, 
    {
        "accumulated_operating_revenue_yoy": -9.454376419661974, 
        "accumulated_operating_revenue": 1166770, 
        "long_term_average": 214399, 
        "date": "2015-06-30", 
        "operating_revenue": 213724, 
        "short_term_average": 214614
    }, 
    {
        "accumulated_operating_revenue_yoy": -6.7163608028517565, 
        "accumulated_operating_revenue": 1401860, 
        "long_term_average": 216140, 
        "date": "2015-07-31", 
        "operating_revenue": 235090, 
        "short_term_average": 216900
    }, 
    {
        "accumulated_operating_revenue_yoy": -7.461090588204759, 
        "accumulated_operating_revenue": 1604472, 
        "long_term_average": 213771, 
        "date": "2015-08-31", 
        "operating_revenue": 202612, 
        "short_term_average": 217142
    }
]