[
    {
        "date": "2012-01-31", 
        "operating_revenue": 520399, 
        "accumulated_operating_revenue": 520399, 
        "long_term_average": 520399, 
        "short_term_average": 520399
    }, 
    {
        "date": "2012-02-29", 
        "operating_revenue": 525205, 
        "accumulated_operating_revenue": 1045604, 
        "long_term_average": 522802, 
        "short_term_average": 522802
    }, 
    {
        "date": "2012-03-31", 
        "operating_revenue": 448916, 
        "accumulated_operating_revenue": 1494520, 
        "long_term_average": 498173, 
        "short_term_average": 498173
    }, 
    {
        "date": "2012-04-30", 
        "operating_revenue": 407815, 
        "accumulated_operating_revenue": 1902335, 
        "long_term_average": 475583, 
        "short_term_average": 460645
    }, 
    {
        "date": "2012-05-31", 
        "operating_revenue": 482795, 
        "accumulated_operating_revenue": 2385130, 
        "long_term_average": 477026, 
        "short_term_average": 446508
    }, 
    {
        "date": "2012-06-30", 
        "operating_revenue": 383543, 
        "accumulated_operating_revenue": 2768673, 
        "long_term_average": 461445, 
        "short_term_average": 424717
    }, 
    {
        "date": "2012-07-31", 
        "operating_revenue": 420673, 
        "accumulated_operating_revenue": 3189346, 
        "long_term_average": 455620, 
        "short_term_average": 429003
    }, 
    {
        "date": "2012-08-31", 
        "operating_revenue": 451037, 
        "accumulated_operating_revenue": 3640383, 
        "long_term_average": 455047, 
        "short_term_average": 418417
    }, 
    {
        "date": "2012-09-30", 
        "operating_revenue": 406357, 
        "accumulated_operating_revenue": 4046740, 
        "long_term_average": 449637, 
        "short_term_average": 426022
    }, 
    {
        "date": "2012-10-31", 
        "operating_revenue": 396803, 
        "accumulated_operating_revenue": 4443543, 
        "long_term_average": 444354, 
        "short_term_average": 418065
    }, 
    {
        "date": "2012-11-30", 
        "operating_revenue": 354739, 
        "accumulated_operating_revenue": 4798282, 
        "long_term_average": 436207, 
        "short_term_average": 385966
    }, 
    {
        "date": "2012-12-31", 
        "operating_revenue": 435555, 
        "accumulated_operating_revenue": 5233837, 
        "long_term_average": 436153, 
        "short_term_average": 395699
    }, 
    {
        "accumulated_operating_revenue_yoy": -7.608200630669929, 
        "accumulated_operating_revenue": 480806, 
        "long_term_average": 432853, 
        "date": "2013-01-31", 
        "operating_revenue": 480806, 
        "short_term_average": 423700
    }, 
    {
        "accumulated_operating_revenue_yoy": -16.512082968313052, 
        "accumulated_operating_revenue": 872953, 
        "long_term_average": 421765, 
        "date": "2013-02-28", 
        "operating_revenue": 392147, 
        "short_term_average": 436169
    }, 
    {
        "accumulated_operating_revenue_yoy": -13.675628295372427, 
        "accumulated_operating_revenue": 1290135, 
        "long_term_average": 419121, 
        "date": "2013-03-31", 
        "operating_revenue": 417182, 
        "short_term_average": 430045
    }, 
    {
        "accumulated_operating_revenue_yoy": -11.046109123787346, 
        "accumulated_operating_revenue": 1692201, 
        "long_term_average": 418641, 
        "date": "2013-04-30", 
        "operating_revenue": 402066, 
        "short_term_average": 403798
    }, 
    {
        "accumulated_operating_revenue_yoy": -9.801478326128974, 
        "accumulated_operating_revenue": 2151352, 
        "long_term_average": 416671, 
        "date": "2013-05-31", 
        "operating_revenue": 459151, 
        "short_term_average": 426133
    }, 
    {
        "accumulated_operating_revenue_yoy": -6.909122167912209, 
        "accumulated_operating_revenue": 2577382, 
        "long_term_average": 420212, 
        "date": "2013-06-30", 
        "operating_revenue": 426030, 
        "short_term_average": 429082
    }, 
    {
        "accumulated_operating_revenue_yoy": -3.5145763426106793, 
        "accumulated_operating_revenue": 3077254, 
        "long_term_average": 426812, 
        "date": "2013-07-31", 
        "operating_revenue": 499872, 
        "short_term_average": 461684
    }, 
    {
        "accumulated_operating_revenue_yoy": -4.2417514860386945, 
        "accumulated_operating_revenue": 3485967, 
        "long_term_average": 423285, 
        "date": "2013-08-31", 
        "operating_revenue": 408713, 
        "short_term_average": 444871
    }, 
    {
        "accumulated_operating_revenue_yoy": -4.135822909304774, 
        "accumulated_operating_revenue": 3879374, 
        "long_term_average": 422205, 
        "date": "2013-09-30", 
        "operating_revenue": 393407, 
        "short_term_average": 433997
    }, 
    {
        "accumulated_operating_revenue_yoy": -1.212838493967539, 
        "accumulated_operating_revenue": 4389650, 
        "long_term_average": 431662, 
        "date": "2013-10-31", 
        "operating_revenue": 510276, 
        "short_term_average": 437465
    }, 
    {
        "accumulated_operating_revenue_yoy": -0.81870969651221, 
        "accumulated_operating_revenue": 4758998, 
        "long_term_average": 432879, 
        "date": "2013-11-30", 
        "operating_revenue": 369348, 
        "short_term_average": 424343
    }, 
    {
        "accumulated_operating_revenue_yoy": 0.0033627336884966036, 
        "accumulated_operating_revenue": 5234013, 
        "long_term_average": 436167, 
        "date": "2013-12-31", 
        "operating_revenue": 475015, 
        "short_term_average": 451546
    }, 
    {
        "accumulated_operating_revenue_yoy": -26.118642446225714, 
        "accumulated_operating_revenue": 355226, 
        "long_term_average": 425702, 
        "date": "2014-01-31", 
        "operating_revenue": 355226, 
        "short_term_average": 399863
    }, 
    {
        "accumulated_operating_revenue_yoy": -14.952580494024307, 
        "accumulated_operating_revenue": 742424, 
        "long_term_average": 425290, 
        "date": "2014-02-28", 
        "operating_revenue": 387198, 
        "short_term_average": 405813
    }, 
    {
        "accumulated_operating_revenue_yoy": -8.698392028741178, 
        "accumulated_operating_revenue": 1177914, 
        "long_term_average": 426816, 
        "date": "2014-03-31", 
        "operating_revenue": 435490, 
        "short_term_average": 392638
    }, 
    {
        "accumulated_operating_revenue_yoy": -6.196781588002843, 
        "accumulated_operating_revenue": 1587339, 
        "long_term_average": 427429, 
        "date": "2014-04-30", 
        "operating_revenue": 409425, 
        "short_term_average": 410704
    }, 
    {
        "accumulated_operating_revenue_yoy": -6.036576069374049, 
        "accumulated_operating_revenue": 2021484, 
        "long_term_average": 425345, 
        "date": "2014-05-31", 
        "operating_revenue": 434145, 
        "short_term_average": 426353
    }, 
    {
        "accumulated_operating_revenue_yoy": -5.468611172111856, 
        "accumulated_operating_revenue": 2436435, 
        "long_term_average": 424422, 
        "date": "2014-06-30", 
        "operating_revenue": 414951, 
        "short_term_average": 419507
    }, 
    {
        "accumulated_operating_revenue_yoy": -7.380476229781487, 
        "accumulated_operating_revenue": 2850138, 
        "long_term_average": 417241, 
        "date": "2014-07-31", 
        "operating_revenue": 413703, 
        "short_term_average": 420933
    }, 
    {
        "accumulated_operating_revenue_yoy": -6.677630625877984, 
        "accumulated_operating_revenue": 3253187, 
        "long_term_average": 416769, 
        "date": "2014-08-31", 
        "operating_revenue": 403049, 
        "short_term_average": 410567
    }, 
    {
        "accumulated_operating_revenue_yoy": -3.9844057314401757, 
        "accumulated_operating_revenue": 3724804, 
        "long_term_average": 423286, 
        "date": "2014-09-30", 
        "operating_revenue": 471617, 
        "short_term_average": 429456
    }, 
    {
        "accumulated_operating_revenue_yoy": -4.3423051951750145, 
        "accumulated_operating_revenue": 4199038, 
        "long_term_average": 420283, 
        "date": "2014-10-31", 
        "operating_revenue": 474234, 
        "short_term_average": 449633
    }, 
    {
        "accumulated_operating_revenue_yoy": -4.07676153677728, 
        "accumulated_operating_revenue": 4564985, 
        "long_term_average": 420000, 
        "date": "2014-11-30", 
        "operating_revenue": 365947, 
        "short_term_average": 437266
    }, 
    {
        "accumulated_operating_revenue_yoy": -4.181151250484094, 
        "accumulated_operating_revenue": 5015171, 
        "long_term_average": 417930, 
        "date": "2014-12-31", 
        "operating_revenue": 450186, 
        "short_term_average": 430122
    }, 
    {
        "accumulated_operating_revenue_yoy": 7.013563196387652, 
        "accumulated_operating_revenue": 380140, 
        "long_term_average": 420007, 
        "date": "2015-01-31", 
        "operating_revenue": 380140, 
        "short_term_average": 398757
    }, 
    {
        "accumulated_operating_revenue_yoy": -9.20902341519132, 
        "accumulated_operating_revenue": 674054, 
        "long_term_average": 412233, 
        "date": "2015-02-28", 
        "operating_revenue": 293914, 
        "short_term_average": 374746
    }, 
    {
        "accumulated_operating_revenue_yoy": -10.972023424460529, 
        "accumulated_operating_revenue": 1048673, 
        "long_term_average": 407160, 
        "date": "2015-03-31", 
        "operating_revenue": 374619, 
        "short_term_average": 349557
    }, 
    {
        "accumulated_operating_revenue_yoy": -9.693770517828895, 
        "accumulated_operating_revenue": 1433466, 
        "long_term_average": 405108, 
        "date": "2015-04-30", 
        "operating_revenue": 384793, 
        "short_term_average": 351108
    }, 
    {
        "accumulated_operating_revenue_yoy": -12.239275700426024, 
        "accumulated_operating_revenue": 1774069, 
        "long_term_average": 397313, 
        "date": "2015-05-31", 
        "operating_revenue": 340603, 
        "short_term_average": 366671
    }, 
    {
        "accumulated_operating_revenue_yoy": -14.195617777613604, 
        "accumulated_operating_revenue": 2090568, 
        "long_term_average": 389108, 
        "date": "2015-06-30", 
        "operating_revenue": 316499, 
        "short_term_average": 347298
    }, 
    {
        "accumulated_operating_revenue_yoy": -13.59621884975394, 
        "accumulated_operating_revenue": 2462627, 
        "long_term_average": 385638, 
        "date": "2015-07-31", 
        "operating_revenue": 372059, 
        "short_term_average": 343053
    }, 
    {
        "accumulated_operating_revenue_yoy": -13.791737148832823, 
        "accumulated_operating_revenue": 2804516, 
        "long_term_average": 380541, 
        "date": "2015-08-31", 
        "operating_revenue": 341889, 
        "short_term_average": 343482
    }
]