[
    {
        "date": "2011-09-30", 
        "operating_revenue": 742339, 
        "accumulated_operating_revenue": 742339, 
        "long_term_average": 742339, 
        "short_term_average": 742339
    }, 
    {
        "date": "2011-10-31", 
        "operating_revenue": 622549, 
        "accumulated_operating_revenue": 1364888, 
        "long_term_average": 682444, 
        "short_term_average": 682444
    }, 
    {
        "date": "2011-11-30", 
        "operating_revenue": 682250, 
        "accumulated_operating_revenue": 2047138, 
        "long_term_average": 682379, 
        "short_term_average": 682379
    }, 
    {
        "date": "2011-12-31", 
        "operating_revenue": 507103, 
        "accumulated_operating_revenue": 2554241, 
        "long_term_average": 638560, 
        "short_term_average": 603967
    }, 
    {
        "date": "2012-01-31", 
        "operating_revenue": 543498, 
        "accumulated_operating_revenue": 543498, 
        "long_term_average": 619547, 
        "short_term_average": 577617
    }, 
    {
        "date": "2012-02-29", 
        "operating_revenue": 520808, 
        "accumulated_operating_revenue": 1064306, 
        "long_term_average": 603091, 
        "short_term_average": 523803
    }, 
    {
        "date": "2012-03-31", 
        "operating_revenue": 511641, 
        "accumulated_operating_revenue": 1575947, 
        "long_term_average": 590026, 
        "short_term_average": 525315
    }, 
    {
        "date": "2012-04-30", 
        "operating_revenue": 631472, 
        "accumulated_operating_revenue": 2207419, 
        "long_term_average": 595207, 
        "short_term_average": 554640
    }, 
    {
        "date": "2012-05-31", 
        "operating_revenue": 471612, 
        "accumulated_operating_revenue": 2679031, 
        "long_term_average": 581474, 
        "short_term_average": 538241
    }, 
    {
        "date": "2012-06-30", 
        "operating_revenue": 473569, 
        "accumulated_operating_revenue": 3152600, 
        "long_term_average": 570684, 
        "short_term_average": 525551
    }, 
    {
        "date": "2012-07-31", 
        "operating_revenue": 758726, 
        "accumulated_operating_revenue": 3911326, 
        "long_term_average": 587778, 
        "short_term_average": 567969
    }, 
    {
        "date": "2012-08-31", 
        "operating_revenue": 657563, 
        "accumulated_operating_revenue": 4568889, 
        "long_term_average": 593594, 
        "short_term_average": 629952
    }, 
    {
        "accumulated_operating_revenue_yoy": 612.2806426713402, 
        "accumulated_operating_revenue": 5287537, 
        "long_term_average": 591619, 
        "date": "2012-09-30", 
        "operating_revenue": 718648, 
        "short_term_average": 711645
    }, 
    {
        "accumulated_operating_revenue_yoy": 333.00204851973206, 
        "accumulated_operating_revenue": 5909993, 
        "long_term_average": 591612, 
        "date": "2012-10-31", 
        "operating_revenue": 622456, 
        "short_term_average": 666222
    }, 
    {
        "accumulated_operating_revenue_yoy": 223.48932998166222, 
        "accumulated_operating_revenue": 6622273, 
        "long_term_average": 594114, 
        "date": "2012-11-30", 
        "operating_revenue": 712280, 
        "short_term_average": 684461
    }, 
    {
        "accumulated_operating_revenue_yoy": 180.0401763185228, 
        "accumulated_operating_revenue": 7152901, 
        "long_term_average": 596075, 
        "date": "2012-12-31", 
        "operating_revenue": 530628, 
        "short_term_average": 621788
    }, 
    {
        "accumulated_operating_revenue_yoy": 12.16030233781909, 
        "accumulated_operating_revenue": 609589, 
        "long_term_average": 601582, 
        "date": "2013-01-31", 
        "operating_revenue": 609589, 
        "short_term_average": 617499
    }, 
    {
        "accumulated_operating_revenue_yoy": 0.029408835428908604, 
        "accumulated_operating_revenue": 1064619, 
        "long_term_average": 596101, 
        "date": "2013-02-28", 
        "operating_revenue": 455030, 
        "short_term_average": 531749
    }, 
    {
        "accumulated_operating_revenue_yoy": 4.151218283355976, 
        "accumulated_operating_revenue": 1641368, 
        "long_term_average": 601526, 
        "date": "2013-03-31", 
        "operating_revenue": 576749, 
        "short_term_average": 547122
    }, 
    {
        "accumulated_operating_revenue_yoy": 4.3608848161586, 
        "accumulated_operating_revenue": 2303682, 
        "long_term_average": 604097, 
        "date": "2013-04-30", 
        "operating_revenue": 662314, 
        "short_term_average": 564697
    }, 
    {
        "accumulated_operating_revenue_yoy": 5.176535844490041, 
        "accumulated_operating_revenue": 2817712, 
        "long_term_average": 607631, 
        "date": "2013-05-31", 
        "operating_revenue": 514030, 
        "short_term_average": 584364
    }, 
    {
        "accumulated_operating_revenue_yoy": 4.279515320687686, 
        "accumulated_operating_revenue": 3287516, 
        "long_term_average": 607318, 
        "date": "2013-06-30", 
        "operating_revenue": 469804, 
        "short_term_average": 548716
    }, 
    {
        "accumulated_operating_revenue_yoy": 0.05284652826177107, 
        "accumulated_operating_revenue": 3913393, 
        "long_term_average": 596247, 
        "date": "2013-07-31", 
        "operating_revenue": 625877, 
        "short_term_average": 536570
    }, 
    {
        "accumulated_operating_revenue_yoy": 3.225423073311696, 
        "accumulated_operating_revenue": 4716255, 
        "long_term_average": 608355, 
        "date": "2013-08-31", 
        "operating_revenue": 802862, 
        "short_term_average": 632847
    }, 
    {
        "accumulated_operating_revenue_yoy": 3.689638483853636, 
        "accumulated_operating_revenue": 5482628, 
        "long_term_average": 612332, 
        "date": "2013-09-30", 
        "operating_revenue": 766373, 
        "short_term_average": 731704
    }, 
    {
        "accumulated_operating_revenue_yoy": 2.2543343113942775, 
        "accumulated_operating_revenue": 6043224, 
        "long_term_average": 607177, 
        "date": "2013-10-31", 
        "operating_revenue": 560596, 
        "short_term_average": 709943
    }, 
    {
        "accumulated_operating_revenue_yoy": 1.358189250126052, 
        "accumulated_operating_revenue": 6712216, 
        "long_term_average": 603570, 
        "date": "2013-11-30", 
        "operating_revenue": 668992, 
        "short_term_average": 665320
    }, 
    {
        "accumulated_operating_revenue_yoy": 1.6077952148366097, 
        "accumulated_operating_revenue": 7267905, 
        "long_term_average": 605658, 
        "date": "2013-12-31", 
        "operating_revenue": 555689, 
        "short_term_average": 595092
    }, 
    {
        "accumulated_operating_revenue_yoy": -21.519909315948944, 
        "accumulated_operating_revenue": 478406, 
        "long_term_average": 594726, 
        "date": "2014-01-31", 
        "operating_revenue": 478406, 
        "short_term_average": 567695
    }, 
    {
        "accumulated_operating_revenue_yoy": -5.009022006933936, 
        "accumulated_operating_revenue": 1011292, 
        "long_term_average": 601214, 
        "date": "2014-02-28", 
        "operating_revenue": 532886, 
        "short_term_average": 522327
    }, 
    {
        "accumulated_operating_revenue_yoy": -11.041399613005737, 
        "accumulated_operating_revenue": 1460138, 
        "long_term_average": 590556, 
        "date": "2014-03-31", 
        "operating_revenue": 448846, 
        "short_term_average": 486712
    }, 
    {
        "accumulated_operating_revenue_yoy": -6.275866200282852, 
        "accumulated_operating_revenue": 2159106, 
        "long_term_average": 593610, 
        "date": "2014-04-30", 
        "operating_revenue": 698968, 
        "short_term_average": 560233
    }, 
    {
        "accumulated_operating_revenue_yoy": -6.1544969819484745, 
        "accumulated_operating_revenue": 2644296, 
        "long_term_average": 591207, 
        "date": "2014-05-31", 
        "operating_revenue": 485190, 
        "short_term_average": 544334
    }, 
    {
        "accumulated_operating_revenue_yoy": -4.405970951928447, 
        "accumulated_operating_revenue": 3142669, 
        "long_term_average": 593588, 
        "date": "2014-06-30", 
        "operating_revenue": 498373, 
        "short_term_average": 560843
    }, 
    {
        "accumulated_operating_revenue_yoy": -2.878525105963035, 
        "accumulated_operating_revenue": 3800745, 
        "long_term_average": 596271, 
        "date": "2014-07-31", 
        "operating_revenue": 658076, 
        "short_term_average": 547213
    }, 
    {
        "accumulated_operating_revenue_yoy": -3.3108048653009647, 
        "accumulated_operating_revenue": 4560109, 
        "long_term_average": 592646, 
        "date": "2014-08-31", 
        "operating_revenue": 759364, 
        "short_term_average": 638604
    }, 
    {
        "accumulated_operating_revenue_yoy": -2.594576907278772, 
        "accumulated_operating_revenue": 5340377, 
        "long_term_average": 593804, 
        "date": "2014-09-30", 
        "operating_revenue": 780268, 
        "short_term_average": 732569
    }, 
    {
        "accumulated_operating_revenue_yoy": -0.8380295021332983, 
        "accumulated_operating_revenue": 5992580, 
        "long_term_average": 601438, 
        "date": "2014-10-31", 
        "operating_revenue": 652203, 
        "short_term_average": 730611
    }, 
    {
        "accumulated_operating_revenue_yoy": 0.9578654798951644, 
        "accumulated_operating_revenue": 6776510, 
        "long_term_average": 611016, 
        "date": "2014-11-30", 
        "operating_revenue": 783930, 
        "short_term_average": 738800
    }, 
    {
        "accumulated_operating_revenue_yoy": -0.15265747144465977, 
        "accumulated_operating_revenue": 7256810, 
        "long_term_average": 604734, 
        "date": "2014-12-31", 
        "operating_revenue": 480300, 
        "short_term_average": 638811
    }, 
    {
        "accumulated_operating_revenue_yoy": -4.880373573910026, 
        "accumulated_operating_revenue": 455058, 
        "long_term_average": 602788, 
        "date": "2015-01-31", 
        "operating_revenue": 455058, 
        "short_term_average": 573096
    }, 
    {
        "accumulated_operating_revenue_yoy": 7.306495057807242, 
        "accumulated_operating_revenue": 1085182, 
        "long_term_average": 610891, 
        "date": "2015-02-28", 
        "operating_revenue": 630124, 
        "short_term_average": 521827
    }, 
    {
        "accumulated_operating_revenue_yoy": 15.410598176336757, 
        "accumulated_operating_revenue": 1685154, 
        "long_term_average": 623485, 
        "date": "2015-03-31", 
        "operating_revenue": 599972, 
        "short_term_average": 561718
    }, 
    {
        "accumulated_operating_revenue_yoy": 4.8174105393621245, 
        "accumulated_operating_revenue": 2263119, 
        "long_term_average": 613401, 
        "date": "2015-04-30", 
        "operating_revenue": 577965, 
        "short_term_average": 602687
    }, 
    {
        "accumulated_operating_revenue_yoy": 3.584281033590793, 
        "accumulated_operating_revenue": 2739075, 
        "long_term_average": 612632, 
        "date": "2015-05-31", 
        "operating_revenue": 475956, 
        "short_term_average": 551297
    }, 
    {
        "accumulated_operating_revenue_yoy": 6.0496667005020255, 
        "accumulated_operating_revenue": 3332790, 
        "long_term_average": 620577, 
        "date": "2015-06-30", 
        "operating_revenue": 593715, 
        "short_term_average": 549212
    }, 
    {
        "accumulated_operating_revenue_yoy": 4.7959807879770935, 
        "accumulated_operating_revenue": 3983028, 
        "long_term_average": 619924, 
        "date": "2015-07-31", 
        "operating_revenue": 650238, 
        "short_term_average": 573303
    }, 
    {
        "accumulated_operating_revenue_yoy": 2.969139553462428, 
        "accumulated_operating_revenue": 4695505, 
        "long_term_average": 616017, 
        "date": "2015-08-31", 
        "operating_revenue": 712477, 
        "short_term_average": 652143
    }
]