[
    {
        "date": "2012-01-31", 
        "operating_revenue": 56894, 
        "accumulated_operating_revenue": 56894, 
        "long_term_average": 56894, 
        "short_term_average": 56894
    }, 
    {
        "date": "2012-02-29", 
        "operating_revenue": 99280, 
        "accumulated_operating_revenue": 156174, 
        "long_term_average": 78087, 
        "short_term_average": 78087
    }, 
    {
        "date": "2012-03-31", 
        "operating_revenue": 126499, 
        "accumulated_operating_revenue": 282673, 
        "long_term_average": 94224, 
        "short_term_average": 94224
    }, 
    {
        "date": "2012-04-30", 
        "operating_revenue": 82081, 
        "accumulated_operating_revenue": 364754, 
        "long_term_average": 91188, 
        "short_term_average": 102620
    }, 
    {
        "date": "2012-05-31", 
        "operating_revenue": 83161, 
        "accumulated_operating_revenue": 447915, 
        "long_term_average": 89583, 
        "short_term_average": 97247
    }, 
    {
        "date": "2012-06-30", 
        "operating_revenue": 66921, 
        "accumulated_operating_revenue": 514836, 
        "long_term_average": 85806, 
        "short_term_average": 77387
    }, 
    {
        "date": "2012-07-31", 
        "operating_revenue": 49891, 
        "accumulated_operating_revenue": 564727, 
        "long_term_average": 80675, 
        "short_term_average": 66657
    }, 
    {
        "date": "2012-08-31", 
        "operating_revenue": 57751, 
        "accumulated_operating_revenue": 622478, 
        "long_term_average": 77809, 
        "short_term_average": 58187
    }, 
    {
        "date": "2012-09-30", 
        "operating_revenue": 38814, 
        "accumulated_operating_revenue": 661292, 
        "long_term_average": 73476, 
        "short_term_average": 48818
    }, 
    {
        "date": "2012-10-31", 
        "operating_revenue": 53338, 
        "accumulated_operating_revenue": 714630, 
        "long_term_average": 71463, 
        "short_term_average": 49967
    }, 
    {
        "date": "2012-11-30", 
        "operating_revenue": 51006, 
        "accumulated_operating_revenue": 765636, 
        "long_term_average": 69603, 
        "short_term_average": 47719
    }, 
    {
        "date": "2012-12-31", 
        "operating_revenue": 40545, 
        "accumulated_operating_revenue": 806181, 
        "long_term_average": 67181, 
        "short_term_average": 48296
    }, 
    {
        "accumulated_operating_revenue_yoy": 13.42496572573558, 
        "accumulated_operating_revenue": 64532, 
        "long_term_average": 67818, 
        "date": "2013-01-31", 
        "operating_revenue": 64532, 
        "short_term_average": 52027
    }, 
    {
        "accumulated_operating_revenue_yoy": -34.04856122017749, 
        "accumulated_operating_revenue": 102999, 
        "long_term_average": 62750, 
        "date": "2013-02-28", 
        "operating_revenue": 38467, 
        "short_term_average": 47848
    }, 
    {
        "accumulated_operating_revenue_yoy": -28.0879319920898, 
        "accumulated_operating_revenue": 203276, 
        "long_term_average": 60565, 
        "date": "2013-03-31", 
        "operating_revenue": 100277, 
        "short_term_average": 67758
    }, 
    {
        "accumulated_operating_revenue_yoy": -16.389402172423058, 
        "accumulated_operating_revenue": 304973, 
        "long_term_average": 62200, 
        "date": "2013-04-30", 
        "operating_revenue": 101697, 
        "short_term_average": 80147
    }, 
    {
        "accumulated_operating_revenue_yoy": -15.130102809684873, 
        "accumulated_operating_revenue": 380145, 
        "long_term_average": 61534, 
        "date": "2013-05-31", 
        "operating_revenue": 75172, 
        "short_term_average": 92382
    }, 
    {
        "accumulated_operating_revenue_yoy": -11.445392319107443, 
        "accumulated_operating_revenue": 455911, 
        "long_term_average": 62271, 
        "date": "2013-06-30", 
        "operating_revenue": 75766, 
        "short_term_average": 84211
    }, 
    {
        "accumulated_operating_revenue_yoy": -6.429124160877733, 
        "accumulated_operating_revenue": 528420, 
        "long_term_average": 64156, 
        "date": "2013-07-31", 
        "operating_revenue": 72509, 
        "short_term_average": 74482
    }, 
    {
        "accumulated_operating_revenue_yoy": -7.221460035535393, 
        "accumulated_operating_revenue": 577526, 
        "long_term_average": 63435, 
        "date": "2013-08-31", 
        "operating_revenue": 49106, 
        "short_term_average": 65793
    }, 
    {
        "accumulated_operating_revenue_yoy": -4.943655752678091, 
        "accumulated_operating_revenue": 628600, 
        "long_term_average": 64457, 
        "date": "2013-09-30", 
        "operating_revenue": 51074, 
        "short_term_average": 57563
    }, 
    {
        "accumulated_operating_revenue_yoy": -7.955585407833424, 
        "accumulated_operating_revenue": 657777, 
        "long_term_average": 62444, 
        "date": "2013-10-31", 
        "operating_revenue": 29177, 
        "short_term_average": 43119
    }, 
    {
        "accumulated_operating_revenue_yoy": -5.92122105021185, 
        "accumulated_operating_revenue": 720301, 
        "long_term_average": 63403, 
        "date": "2013-11-30", 
        "operating_revenue": 62524, 
        "short_term_average": 47591
    }, 
    {
        "accumulated_operating_revenue_yoy": -4.853748723921799, 
        "accumulated_operating_revenue": 767051, 
        "long_term_average": 63920, 
        "date": "2013-12-31", 
        "operating_revenue": 46750, 
        "short_term_average": 46150
    }, 
    {
        "accumulated_operating_revenue_yoy": 10.100415297836731, 
        "accumulated_operating_revenue": 71050, 
        "long_term_average": 64464, 
        "date": "2014-01-31", 
        "operating_revenue": 71050, 
        "short_term_average": 60108
    }, 
    {
        "accumulated_operating_revenue_yoy": 21.200205827241042, 
        "accumulated_operating_revenue": 124835, 
        "long_term_average": 65740, 
        "date": "2014-02-28", 
        "operating_revenue": 53785, 
        "short_term_average": 57195
    }, 
    {
        "accumulated_operating_revenue_yoy": 2.05139809913615, 
        "accumulated_operating_revenue": 207446, 
        "long_term_average": 64268, 
        "date": "2014-03-31", 
        "operating_revenue": 82611, 
        "short_term_average": 69148
    }, 
    {
        "accumulated_operating_revenue_yoy": -7.385571837506927, 
        "accumulated_operating_revenue": 282449, 
        "long_term_average": 62043, 
        "date": "2014-04-30", 
        "operating_revenue": 75003, 
        "short_term_average": 70466
    }, 
    {
        "accumulated_operating_revenue_yoy": -11.506398874113826, 
        "accumulated_operating_revenue": 336404, 
        "long_term_average": 60275, 
        "date": "2014-05-31", 
        "operating_revenue": 53955, 
        "short_term_average": 70523
    }, 
    {
        "accumulated_operating_revenue_yoy": -16.050501084641517, 
        "accumulated_operating_revenue": 382735, 
        "long_term_average": 57822, 
        "date": "2014-06-30", 
        "operating_revenue": 46331, 
        "short_term_average": 58429
    }, 
    {
        "accumulated_operating_revenue_yoy": -17.97642027175353, 
        "accumulated_operating_revenue": 433429, 
        "long_term_average": 56005, 
        "date": "2014-07-31", 
        "operating_revenue": 50694, 
        "short_term_average": 50326
    }, 
    {
        "accumulated_operating_revenue_yoy": -19.97295359862586, 
        "accumulated_operating_revenue": 462177, 
        "long_term_average": 54308, 
        "date": "2014-08-31", 
        "operating_revenue": 28748, 
        "short_term_average": 41924
    }, 
    {
        "accumulated_operating_revenue_yoy": -20.76901049952275, 
        "accumulated_operating_revenue": 498046, 
        "long_term_average": 53041, 
        "date": "2014-09-30", 
        "operating_revenue": 35869, 
        "short_term_average": 38437
    }, 
    {
        "accumulated_operating_revenue_yoy": -19.805952473254614, 
        "accumulated_operating_revenue": 527498, 
        "long_term_average": 53064, 
        "date": "2014-10-31", 
        "operating_revenue": 29452, 
        "short_term_average": 31356
    }, 
    {
        "accumulated_operating_revenue_yoy": -22.56056842903175, 
        "accumulated_operating_revenue": 557797, 
        "long_term_average": 50378, 
        "date": "2014-11-30", 
        "operating_revenue": 30299, 
        "short_term_average": 31873
    }, 
    {
        "accumulated_operating_revenue_yoy": -23.299233036655973, 
        "accumulated_operating_revenue": 588334, 
        "long_term_average": 49027, 
        "date": "2014-12-31", 
        "operating_revenue": 30537, 
        "short_term_average": 30096
    }, 
    {
        "accumulated_operating_revenue_yoy": -27.28923293455313, 
        "accumulated_operating_revenue": 51661, 
        "long_term_average": 47412, 
        "date": "2015-01-31", 
        "operating_revenue": 51661, 
        "short_term_average": 37499
    }, 
    {
        "accumulated_operating_revenue_yoy": -10.058076661192775, 
        "accumulated_operating_revenue": 112279, 
        "long_term_average": 47981, 
        "date": "2015-02-28", 
        "operating_revenue": 60618, 
        "short_term_average": 47605
    }, 
    {
        "accumulated_operating_revenue_yoy": -16.8111219305265, 
        "accumulated_operating_revenue": 172572, 
        "long_term_average": 46121, 
        "date": "2015-03-31", 
        "operating_revenue": 60293, 
        "short_term_average": 57524
    }, 
    {
        "accumulated_operating_revenue_yoy": -11.523496277204027, 
        "accumulated_operating_revenue": 249901, 
        "long_term_average": 46315, 
        "date": "2015-04-30", 
        "operating_revenue": 77329, 
        "short_term_average": 66080
    }, 
    {
        "accumulated_operating_revenue_yoy": -5.142923389733772, 
        "accumulated_operating_revenue": 319103, 
        "long_term_average": 47586, 
        "date": "2015-05-31", 
        "operating_revenue": 69202, 
        "short_term_average": 68941
    }, 
    {
        "accumulated_operating_revenue_yoy": -6.0247952238494, 
        "accumulated_operating_revenue": 359676, 
        "long_term_average": 47106, 
        "date": "2015-06-30", 
        "operating_revenue": 40573, 
        "short_term_average": 62368
    }, 
    {
        "accumulated_operating_revenue_yoy": -9.180973123625783, 
        "accumulated_operating_revenue": 393636, 
        "long_term_average": 45711, 
        "date": "2015-07-31", 
        "operating_revenue": 33960, 
        "short_term_average": 47911
    }, 
    {
        "accumulated_operating_revenue_yoy": -8.630243391601052, 
        "accumulated_operating_revenue": 422290, 
        "long_term_average": 45703, 
        "date": "2015-08-31", 
        "operating_revenue": 28654, 
        "short_term_average": 34395
    }
]