[
    {
        "date": "2012-01-31", 
        "operating_revenue": 20630, 
        "accumulated_operating_revenue": 20630, 
        "long_term_average": 20630, 
        "short_term_average": 20630
    }, 
    {
        "date": "2012-02-29", 
        "operating_revenue": 38910, 
        "accumulated_operating_revenue": 59540, 
        "long_term_average": 29770, 
        "short_term_average": 29770
    }, 
    {
        "date": "2012-03-31", 
        "operating_revenue": 59960, 
        "accumulated_operating_revenue": 119500, 
        "long_term_average": 39833, 
        "short_term_average": 39833
    }, 
    {
        "date": "2012-04-30", 
        "operating_revenue": 52786, 
        "accumulated_operating_revenue": 172286, 
        "long_term_average": 43071, 
        "short_term_average": 50552
    }, 
    {
        "date": "2012-05-31", 
        "operating_revenue": 80466, 
        "accumulated_operating_revenue": 252752, 
        "long_term_average": 50550, 
        "short_term_average": 64404
    }, 
    {
        "date": "2012-06-30", 
        "operating_revenue": 84915, 
        "accumulated_operating_revenue": 337667, 
        "long_term_average": 56277, 
        "short_term_average": 72722
    }, 
    {
        "date": "2012-07-31", 
        "operating_revenue": 62436, 
        "accumulated_operating_revenue": 400103, 
        "long_term_average": 57157, 
        "short_term_average": 75939
    }, 
    {
        "date": "2012-08-31", 
        "operating_revenue": 46597, 
        "accumulated_operating_revenue": 446700, 
        "long_term_average": 55837, 
        "short_term_average": 64649
    }, 
    {
        "date": "2012-09-30", 
        "operating_revenue": 40705, 
        "accumulated_operating_revenue": 487405, 
        "long_term_average": 54156, 
        "short_term_average": 49912
    }, 
    {
        "date": "2012-10-31", 
        "operating_revenue": 41515, 
        "accumulated_operating_revenue": 528920, 
        "long_term_average": 52892, 
        "short_term_average": 42939
    }, 
    {
        "date": "2012-11-30", 
        "operating_revenue": 26918, 
        "accumulated_operating_revenue": 555838, 
        "long_term_average": 50530, 
        "short_term_average": 36379
    }, 
    {
        "date": "2012-12-31", 
        "operating_revenue": 39965, 
        "accumulated_operating_revenue": 595803, 
        "long_term_average": 49650, 
        "short_term_average": 36132
    }, 
    {
        "accumulated_operating_revenue_yoy": 49.17111003393117, 
        "accumulated_operating_revenue": 30774, 
        "long_term_average": 50495, 
        "date": "2013-01-31", 
        "operating_revenue": 30774, 
        "short_term_average": 32552
    }, 
    {
        "accumulated_operating_revenue_yoy": -5.964057776284851, 
        "accumulated_operating_revenue": 55989, 
        "long_term_average": 49354, 
        "date": "2013-02-28", 
        "operating_revenue": 25215, 
        "short_term_average": 31984
    }, 
    {
        "accumulated_operating_revenue_yoy": -20.789958158995816, 
        "accumulated_operating_revenue": 94656, 
        "long_term_average": 47579, 
        "date": "2013-03-31", 
        "operating_revenue": 38667, 
        "short_term_average": 31552
    }, 
    {
        "accumulated_operating_revenue_yoy": -9.021046399591377, 
        "accumulated_operating_revenue": 156744, 
        "long_term_average": 48355, 
        "date": "2013-04-30", 
        "operating_revenue": 62088, 
        "short_term_average": 41990
    }, 
    {
        "accumulated_operating_revenue_yoy": -19.431695891624994, 
        "accumulated_operating_revenue": 203638, 
        "long_term_average": 45557, 
        "date": "2013-05-31", 
        "operating_revenue": 46894, 
        "short_term_average": 49216
    }, 
    {
        "accumulated_operating_revenue_yoy": -25.728602439681698, 
        "accumulated_operating_revenue": 250790, 
        "long_term_average": 42410, 
        "date": "2013-06-30", 
        "operating_revenue": 47152, 
        "short_term_average": 52044
    }, 
    {
        "accumulated_operating_revenue_yoy": -22.903852258043553, 
        "accumulated_operating_revenue": 308464, 
        "long_term_average": 42013, 
        "date": "2013-07-31", 
        "operating_revenue": 57674, 
        "short_term_average": 50573
    }, 
    {
        "accumulated_operating_revenue_yoy": -18.196104768300874, 
        "accumulated_operating_revenue": 365418, 
        "long_term_average": 42876, 
        "date": "2013-08-31", 
        "operating_revenue": 56954, 
        "short_term_average": 53926
    }, 
    {
        "accumulated_operating_revenue_yoy": -16.0076322565423, 
        "accumulated_operating_revenue": 409383, 
        "long_term_average": 43148, 
        "date": "2013-09-30", 
        "operating_revenue": 43965, 
        "short_term_average": 52864
    }, 
    {
        "accumulated_operating_revenue_yoy": -12.732927474854419, 
        "accumulated_operating_revenue": 461573, 
        "long_term_average": 44038, 
        "date": "2013-10-31", 
        "operating_revenue": 52190, 
        "short_term_average": 51036
    }, 
    {
        "accumulated_operating_revenue_yoy": -12.524152720756767, 
        "accumulated_operating_revenue": 486224, 
        "long_term_average": 43849, 
        "date": "2013-11-30", 
        "operating_revenue": 24651, 
        "short_term_average": 40268
    }, 
    {
        "accumulated_operating_revenue_yoy": -13.119772810811629, 
        "accumulated_operating_revenue": 517635, 
        "long_term_average": 43136, 
        "date": "2013-12-31", 
        "operating_revenue": 31411, 
        "short_term_average": 36084
    }, 
    {
        "accumulated_operating_revenue_yoy": 11.503217001364789, 
        "accumulated_operating_revenue": 34314, 
        "long_term_average": 43431, 
        "date": "2014-01-31", 
        "operating_revenue": 34314, 
        "short_term_average": 30125
    }, 
    {
        "accumulated_operating_revenue_yoy": 26.56771865902231, 
        "accumulated_operating_revenue": 70864, 
        "long_term_average": 44375, 
        "date": "2014-02-28", 
        "operating_revenue": 36550, 
        "short_term_average": 34091
    }, 
    {
        "accumulated_operating_revenue_yoy": 12.528524340770792, 
        "accumulated_operating_revenue": 106515, 
        "long_term_average": 44124, 
        "date": "2014-03-31", 
        "operating_revenue": 35651, 
        "short_term_average": 35505
    }, 
    {
        "accumulated_operating_revenue_yoy": -4.945643852396264, 
        "accumulated_operating_revenue": 148992, 
        "long_term_average": 42490, 
        "date": "2014-04-30", 
        "operating_revenue": 42477, 
        "short_term_average": 38226
    }, 
    {
        "accumulated_operating_revenue_yoy": -4.653355464107878, 
        "accumulated_operating_revenue": 194162, 
        "long_term_average": 42346, 
        "date": "2014-05-31", 
        "operating_revenue": 45170, 
        "short_term_average": 41099
    }, 
    {
        "accumulated_operating_revenue_yoy": -1.1683081462578253, 
        "accumulated_operating_revenue": 247860, 
        "long_term_average": 42892, 
        "date": "2014-06-30", 
        "operating_revenue": 53698, 
        "short_term_average": 47115
    }, 
    {
        "accumulated_operating_revenue_yoy": -1.9081643238757198, 
        "accumulated_operating_revenue": 302578, 
        "long_term_average": 42645, 
        "date": "2014-07-31", 
        "operating_revenue": 54718, 
        "short_term_average": 51195
    }, 
    {
        "accumulated_operating_revenue_yoy": -4.707212014733812, 
        "accumulated_operating_revenue": 348217, 
        "long_term_average": 41702, 
        "date": "2014-08-31", 
        "operating_revenue": 45639, 
        "short_term_average": 51351
    }, 
    {
        "accumulated_operating_revenue_yoy": -4.6308713356441285, 
        "accumulated_operating_revenue": 390425, 
        "long_term_average": 41556, 
        "date": "2014-09-30", 
        "operating_revenue": 42208, 
        "short_term_average": 47521
    }, 
    {
        "accumulated_operating_revenue_yoy": -8.115726006503847, 
        "accumulated_operating_revenue": 424113, 
        "long_term_average": 40014, 
        "date": "2014-10-31", 
        "operating_revenue": 33688, 
        "short_term_average": 40511
    }, 
    {
        "accumulated_operating_revenue_yoy": -8.875333179768996, 
        "accumulated_operating_revenue": 443070, 
        "long_term_average": 39540, 
        "date": "2014-11-30", 
        "operating_revenue": 18957, 
        "short_term_average": 31617
    }, 
    {
        "accumulated_operating_revenue_yoy": -8.66440638673969, 
        "accumulated_operating_revenue": 472785, 
        "long_term_average": 39398, 
        "date": "2014-12-31", 
        "operating_revenue": 29715, 
        "short_term_average": 27453
    }, 
    {
        "accumulated_operating_revenue_yoy": -47.86384566066329, 
        "accumulated_operating_revenue": 17890, 
        "long_term_average": 38030, 
        "date": "2015-01-31", 
        "operating_revenue": 17890, 
        "short_term_average": 22187
    }, 
    {
        "accumulated_operating_revenue_yoy": -50.01834499887108, 
        "accumulated_operating_revenue": 35419, 
        "long_term_average": 36445, 
        "date": "2015-02-28", 
        "operating_revenue": 17529, 
        "short_term_average": 21711
    }, 
    {
        "accumulated_operating_revenue_yoy": -28.836314134159508, 
        "accumulated_operating_revenue": 75800, 
        "long_term_average": 36839, 
        "date": "2015-03-31", 
        "operating_revenue": 40381, 
        "short_term_average": 25266
    }, 
    {
        "accumulated_operating_revenue_yoy": -21.35081078178694, 
        "accumulated_operating_revenue": 117181, 
        "long_term_average": 36747, 
        "date": "2015-04-30", 
        "operating_revenue": 41381, 
        "short_term_average": 33097
    }, 
    {
        "accumulated_operating_revenue_yoy": -17.33243374089678, 
        "accumulated_operating_revenue": 160509, 
        "long_term_average": 36594, 
        "date": "2015-05-31", 
        "operating_revenue": 43328, 
        "short_term_average": 41696
    }, 
    {
        "accumulated_operating_revenue_yoy": -9.962882272250464, 
        "accumulated_operating_revenue": 223166, 
        "long_term_average": 37340, 
        "date": "2015-06-30", 
        "operating_revenue": 62657, 
        "short_term_average": 49122
    }, 
    {
        "accumulated_operating_revenue_yoy": -9.247863360852408, 
        "accumulated_operating_revenue": 274596, 
        "long_term_average": 37066, 
        "date": "2015-07-31", 
        "operating_revenue": 51430, 
        "short_term_average": 52471
    }, 
    {
        "accumulated_operating_revenue_yoy": -11.087626393886572, 
        "accumulated_operating_revenue": 309608, 
        "long_term_average": 36181, 
        "date": "2015-08-31", 
        "operating_revenue": 35012, 
        "short_term_average": 49699
    }, 
    {
        "accumulated_operating_revenue_yoy": -12.472049689440993, 
        "accumulated_operating_revenue": 341731, 
        "long_term_average": 35340, 
        "date": "2015-09-30", 
        "operating_revenue": 32123, 
        "short_term_average": 39521
    }
]