[
    {
        "date": "2012-01-31", 
        "operating_revenue": 46574, 
        "accumulated_operating_revenue": 46574, 
        "long_term_average": 46574, 
        "short_term_average": 46574
    }, 
    {
        "date": "2012-02-29", 
        "operating_revenue": 63872, 
        "accumulated_operating_revenue": 110446, 
        "long_term_average": 55223, 
        "short_term_average": 55223
    }, 
    {
        "date": "2012-03-31", 
        "operating_revenue": 71525, 
        "accumulated_operating_revenue": 181971, 
        "long_term_average": 60657, 
        "short_term_average": 60657
    }, 
    {
        "date": "2012-04-30", 
        "operating_revenue": 65078, 
        "accumulated_operating_revenue": 247049, 
        "long_term_average": 61762, 
        "short_term_average": 66825
    }, 
    {
        "date": "2012-05-31", 
        "operating_revenue": 64582, 
        "accumulated_operating_revenue": 311631, 
        "long_term_average": 62326, 
        "short_term_average": 67061
    }, 
    {
        "date": "2012-06-30", 
        "operating_revenue": 50918, 
        "accumulated_operating_revenue": 362549, 
        "long_term_average": 60424, 
        "short_term_average": 60192
    }, 
    {
        "date": "2012-07-31", 
        "operating_revenue": 44884, 
        "accumulated_operating_revenue": 407433, 
        "long_term_average": 58204, 
        "short_term_average": 53461
    }, 
    {
        "date": "2012-08-31", 
        "operating_revenue": 49032, 
        "accumulated_operating_revenue": 456465, 
        "long_term_average": 57058, 
        "short_term_average": 48278
    }, 
    {
        "date": "2012-09-30", 
        "operating_revenue": 55224, 
        "accumulated_operating_revenue": 511689, 
        "long_term_average": 56854, 
        "short_term_average": 49713
    }, 
    {
        "date": "2012-10-31", 
        "operating_revenue": 62049, 
        "accumulated_operating_revenue": 573738, 
        "long_term_average": 57373, 
        "short_term_average": 55435
    }, 
    {
        "date": "2012-11-30", 
        "operating_revenue": 62338, 
        "accumulated_operating_revenue": 636076, 
        "long_term_average": 57825, 
        "short_term_average": 59870
    }, 
    {
        "date": "2012-12-31", 
        "operating_revenue": 60636, 
        "accumulated_operating_revenue": 696712, 
        "long_term_average": 58059, 
        "short_term_average": 61674
    }, 
    {
        "accumulated_operating_revenue_yoy": 31.20410529479967, 
        "accumulated_operating_revenue": 61107, 
        "long_term_average": 59270, 
        "date": "2013-01-31", 
        "operating_revenue": 61107, 
        "short_term_average": 61360
    }, 
    {
        "accumulated_operating_revenue_yoy": -17.158611448128497, 
        "accumulated_operating_revenue": 91495, 
        "long_term_average": 56480, 
        "date": "2013-02-28", 
        "operating_revenue": 30388, 
        "short_term_average": 50710
    }, 
    {
        "accumulated_operating_revenue_yoy": -10.741821499030065, 
        "accumulated_operating_revenue": 162424, 
        "long_term_average": 56430, 
        "date": "2013-03-31", 
        "operating_revenue": 70929, 
        "short_term_average": 54141
    }, 
    {
        "accumulated_operating_revenue_yoy": -11.504195523964881, 
        "accumulated_operating_revenue": 218628, 
        "long_term_average": 55690, 
        "date": "2013-04-30", 
        "operating_revenue": 56204, 
        "short_term_average": 52507
    }, 
    {
        "accumulated_operating_revenue_yoy": -12.904685349018552, 
        "accumulated_operating_revenue": 271416, 
        "long_term_average": 54708, 
        "date": "2013-05-31", 
        "operating_revenue": 52788, 
        "short_term_average": 59973
    }, 
    {
        "accumulated_operating_revenue_yoy": -13.24979520009709, 
        "accumulated_operating_revenue": 314512, 
        "long_term_average": 54056, 
        "date": "2013-06-30", 
        "operating_revenue": 43096, 
        "short_term_average": 50696
    }, 
    {
        "accumulated_operating_revenue_yoy": -8.216074790210905, 
        "accumulated_operating_revenue": 373958, 
        "long_term_average": 55269, 
        "date": "2013-07-31", 
        "operating_revenue": 59446, 
        "short_term_average": 51776
    }, 
    {
        "accumulated_operating_revenue_yoy": -5.333377148302717, 
        "accumulated_operating_revenue": 432120, 
        "long_term_average": 56030, 
        "date": "2013-08-31", 
        "operating_revenue": 58162, 
        "short_term_average": 53568
    }, 
    {
        "accumulated_operating_revenue_yoy": -5.716167437642787, 
        "accumulated_operating_revenue": 482440, 
        "long_term_average": 55621, 
        "date": "2013-09-30", 
        "operating_revenue": 50320, 
        "short_term_average": 55976
    }, 
    {
        "accumulated_operating_revenue_yoy": -4.923327372424347, 
        "accumulated_operating_revenue": 545491, 
        "long_term_average": 55705, 
        "date": "2013-10-31", 
        "operating_revenue": 63051, 
        "short_term_average": 57177
    }, 
    {
        "accumulated_operating_revenue_yoy": -5.264465252579881, 
        "accumulated_operating_revenue": 602590, 
        "long_term_average": 55268, 
        "date": "2013-11-30", 
        "operating_revenue": 57099, 
        "short_term_average": 56823
    }, 
    {
        "accumulated_operating_revenue_yoy": -4.08949465489327, 
        "accumulated_operating_revenue": 668220, 
        "long_term_average": 55685, 
        "date": "2013-12-31", 
        "operating_revenue": 65630, 
        "short_term_average": 61926
    }, 
    {
        "accumulated_operating_revenue_yoy": 20.313548365980985, 
        "accumulated_operating_revenue": 73520, 
        "long_term_average": 56719, 
        "date": "2014-01-31", 
        "operating_revenue": 73520, 
        "short_term_average": 65416
    }, 
    {
        "accumulated_operating_revenue_yoy": 33.91988633258648, 
        "accumulated_operating_revenue": 122530, 
        "long_term_average": 58271, 
        "date": "2014-02-28", 
        "operating_revenue": 49010, 
        "short_term_average": 62720
    }, 
    {
        "accumulated_operating_revenue_yoy": 24.0038417967788, 
        "accumulated_operating_revenue": 201412, 
        "long_term_average": 58934, 
        "date": "2014-03-31", 
        "operating_revenue": 78882, 
        "short_term_average": 67137
    }, 
    {
        "accumulated_operating_revenue_yoy": 27.76222624732422, 
        "accumulated_operating_revenue": 279324, 
        "long_term_average": 60743, 
        "date": "2014-04-30", 
        "operating_revenue": 77912, 
        "short_term_average": 68601
    }, 
    {
        "accumulated_operating_revenue_yoy": 29.354201668287793, 
        "accumulated_operating_revenue": 351088, 
        "long_term_average": 62324, 
        "date": "2014-05-31", 
        "operating_revenue": 71764, 
        "short_term_average": 76186
    }, 
    {
        "accumulated_operating_revenue_yoy": 25.633680113954316, 
        "accumulated_operating_revenue": 395133, 
        "long_term_average": 62403, 
        "date": "2014-06-30", 
        "operating_revenue": 44045, 
        "short_term_average": 64573
    }, 
    {
        "accumulated_operating_revenue_yoy": 18.302590130442457, 
        "accumulated_operating_revenue": 442402, 
        "long_term_average": 61388, 
        "date": "2014-07-31", 
        "operating_revenue": 47269, 
        "short_term_average": 54359
    }, 
    {
        "accumulated_operating_revenue_yoy": 14.287466444506155, 
        "accumulated_operating_revenue": 493859, 
        "long_term_average": 60829, 
        "date": "2014-08-31", 
        "operating_revenue": 51457, 
        "short_term_average": 47590
    }, 
    {
        "accumulated_operating_revenue_yoy": 14.554970566288036, 
        "accumulated_operating_revenue": 552659, 
        "long_term_average": 61536, 
        "date": "2014-09-30", 
        "operating_revenue": 58800, 
        "short_term_average": 52508
    }, 
    {
        "accumulated_operating_revenue_yoy": 13.786478603679988, 
        "accumulated_operating_revenue": 620695, 
        "long_term_average": 61952, 
        "date": "2014-10-31", 
        "operating_revenue": 68036, 
        "short_term_average": 59431
    }, 
    {
        "accumulated_operating_revenue_yoy": 12.467515225941353, 
        "accumulated_operating_revenue": 677718, 
        "long_term_average": 61945, 
        "date": "2014-11-30", 
        "operating_revenue": 57023, 
        "short_term_average": 61286
    }, 
    {
        "accumulated_operating_revenue_yoy": 11.386968363712551, 
        "accumulated_operating_revenue": 744310, 
        "long_term_average": 62025, 
        "date": "2014-12-31", 
        "operating_revenue": 66592, 
        "short_term_average": 63883
    }, 
    {
        "accumulated_operating_revenue_yoy": 4.617791077257889, 
        "accumulated_operating_revenue": 76915, 
        "long_term_average": 62308, 
        "date": "2015-01-31", 
        "operating_revenue": 76915, 
        "short_term_average": 66843
    }, 
    {
        "accumulated_operating_revenue_yoy": 6.389455643515873, 
        "accumulated_operating_revenue": 130359, 
        "long_term_average": 62678, 
        "date": "2015-02-28", 
        "operating_revenue": 53444, 
        "short_term_average": 65650
    }, 
    {
        "accumulated_operating_revenue_yoy": -0.8698587968939289, 
        "accumulated_operating_revenue": 199660, 
        "long_term_average": 61879, 
        "date": "2015-03-31", 
        "operating_revenue": 69301, 
        "short_term_average": 66553
    }, 
    {
        "accumulated_operating_revenue_yoy": 1.2068422333920465, 
        "accumulated_operating_revenue": 282695, 
        "long_term_average": 62306, 
        "date": "2015-04-30", 
        "operating_revenue": 83035, 
        "short_term_average": 68593
    }, 
    {
        "accumulated_operating_revenue_yoy": -3.8770906439411204, 
        "accumulated_operating_revenue": 337476, 
        "long_term_average": 60891, 
        "date": "2015-05-31", 
        "operating_revenue": 54781, 
        "short_term_average": 69039
    }, 
    {
        "accumulated_operating_revenue_yoy": 0.7749289479744794, 
        "accumulated_operating_revenue": 398195, 
        "long_term_average": 62281, 
        "date": "2015-06-30", 
        "operating_revenue": 60719, 
        "short_term_average": 66178
    }, 
    {
        "accumulated_operating_revenue_yoy": 2.232358804887862, 
        "accumulated_operating_revenue": 452278, 
        "long_term_average": 62848, 
        "date": "2015-07-31", 
        "operating_revenue": 54083, 
        "short_term_average": 56527
    }, 
    {
        "accumulated_operating_revenue_yoy": 3.722924964412919, 
        "accumulated_operating_revenue": 512245, 
        "long_term_average": 63558, 
        "date": "2015-08-31", 
        "operating_revenue": 59967, 
        "short_term_average": 58256
    }
]