[
    {
        "date": "2012-01-31", 
        "operating_revenue": 458270, 
        "accumulated_operating_revenue": 458270, 
        "long_term_average": 458270, 
        "short_term_average": 458270
    }, 
    {
        "date": "2012-02-29", 
        "operating_revenue": 505490, 
        "accumulated_operating_revenue": 963760, 
        "long_term_average": 481880, 
        "short_term_average": 481880
    }, 
    {
        "date": "2012-03-31", 
        "operating_revenue": 628044, 
        "accumulated_operating_revenue": 1591804, 
        "long_term_average": 530601, 
        "short_term_average": 530601
    }, 
    {
        "date": "2012-04-30", 
        "operating_revenue": 530158, 
        "accumulated_operating_revenue": 2121962, 
        "long_term_average": 530490, 
        "short_term_average": 554564
    }, 
    {
        "date": "2012-05-31", 
        "operating_revenue": 525696, 
        "accumulated_operating_revenue": 2647658, 
        "long_term_average": 529531, 
        "short_term_average": 561299
    }, 
    {
        "date": "2012-06-30", 
        "operating_revenue": 509733, 
        "accumulated_operating_revenue": 3157391, 
        "long_term_average": 526231, 
        "short_term_average": 521862
    }, 
    {
        "date": "2012-07-31", 
        "operating_revenue": 546022, 
        "accumulated_operating_revenue": 3703413, 
        "long_term_average": 529059, 
        "short_term_average": 527150
    }, 
    {
        "date": "2012-08-31", 
        "operating_revenue": 654187, 
        "accumulated_operating_revenue": 4357600, 
        "long_term_average": 544700, 
        "short_term_average": 569980
    }, 
    {
        "date": "2012-09-30", 
        "operating_revenue": 548264, 
        "accumulated_operating_revenue": 4905864, 
        "long_term_average": 545096, 
        "short_term_average": 582824
    }, 
    {
        "date": "2012-10-31", 
        "operating_revenue": 483598, 
        "accumulated_operating_revenue": 5389462, 
        "long_term_average": 538946, 
        "short_term_average": 562016
    }, 
    {
        "date": "2012-11-30", 
        "operating_revenue": 550408, 
        "accumulated_operating_revenue": 5939870, 
        "long_term_average": 539988, 
        "short_term_average": 527423
    }, 
    {
        "date": "2012-12-31", 
        "operating_revenue": 506150, 
        "accumulated_operating_revenue": 6446020, 
        "long_term_average": 537168, 
        "short_term_average": 513385
    }, 
    {
        "accumulated_operating_revenue_yoy": 14.139262879961596, 
        "accumulated_operating_revenue": 523066, 
        "long_term_average": 542568, 
        "date": "2013-01-31", 
        "operating_revenue": 523066, 
        "short_term_average": 526541
    }, 
    {
        "accumulated_operating_revenue_yoy": -8.102743421598738, 
        "accumulated_operating_revenue": 885669, 
        "long_term_average": 530660, 
        "date": "2013-02-28", 
        "operating_revenue": 362603, 
        "short_term_average": 463939
    }, 
    {
        "accumulated_operating_revenue_yoy": -6.794743573957598, 
        "accumulated_operating_revenue": 1483645, 
        "long_term_average": 528155, 
        "date": "2013-03-31", 
        "operating_revenue": 597976, 
        "short_term_average": 494548
    }, 
    {
        "accumulated_operating_revenue_yoy": 3.293131545239736, 
        "accumulated_operating_revenue": 2191841, 
        "long_term_average": 542991, 
        "date": "2013-04-30", 
        "operating_revenue": 708196, 
        "short_term_average": 556258
    }, 
    {
        "accumulated_operating_revenue_yoy": 6.086700019413383, 
        "accumulated_operating_revenue": 2808813, 
        "long_term_average": 550597, 
        "date": "2013-05-31", 
        "operating_revenue": 616972, 
        "short_term_average": 641048
    }, 
    {
        "accumulated_operating_revenue_yoy": 4.441831879548653, 
        "accumulated_operating_revenue": 3297637, 
        "long_term_average": 548855, 
        "date": "2013-06-30", 
        "operating_revenue": 488824, 
        "short_term_average": 604664
    }, 
    {
        "accumulated_operating_revenue_yoy": 1.8506982613065297, 
        "accumulated_operating_revenue": 3771952, 
        "long_term_average": 542879, 
        "date": "2013-07-31", 
        "operating_revenue": 474315, 
        "short_term_average": 526703
    }, 
    {
        "accumulated_operating_revenue_yoy": -3.064622728107215, 
        "accumulated_operating_revenue": 4224056, 
        "long_term_average": 526039, 
        "date": "2013-08-31", 
        "operating_revenue": 452104, 
        "short_term_average": 471747
    }, 
    {
        "accumulated_operating_revenue_yoy": -5.269387818333325, 
        "accumulated_operating_revenue": 4647355, 
        "long_term_average": 515625, 
        "date": "2013-09-30", 
        "operating_revenue": 423299, 
        "short_term_average": 449906
    }, 
    {
        "accumulated_operating_revenue_yoy": -6.841499207156485, 
        "accumulated_operating_revenue": 5020742, 
        "long_term_average": 506441, 
        "date": "2013-10-31", 
        "operating_revenue": 373387, 
        "short_term_average": 416263
    }, 
    {
        "accumulated_operating_revenue_yoy": -9.744253662117185, 
        "accumulated_operating_revenue": 5361074, 
        "long_term_average": 488935, 
        "date": "2013-11-30", 
        "operating_revenue": 340332, 
        "short_term_average": 379006
    }, 
    {
        "accumulated_operating_revenue_yoy": -12.256617261503997, 
        "accumulated_operating_revenue": 5655956, 
        "long_term_average": 471329, 
        "date": "2013-12-31", 
        "operating_revenue": 294882, 
        "short_term_average": 336200
    }, 
    {
        "accumulated_operating_revenue_yoy": -47.773512329228055, 
        "accumulated_operating_revenue": 273179, 
        "long_term_average": 450505, 
        "date": "2014-01-31", 
        "operating_revenue": 273179, 
        "short_term_average": 302797
    }, 
    {
        "accumulated_operating_revenue_yoy": -46.25430042148929, 
        "accumulated_operating_revenue": 476009, 
        "long_term_average": 437191, 
        "date": "2014-02-28", 
        "operating_revenue": 202830, 
        "short_term_average": 256963
    }, 
    {
        "accumulated_operating_revenue_yoy": -42.802489813937974, 
        "accumulated_operating_revenue": 848608, 
        "long_term_average": 418409, 
        "date": "2014-03-31", 
        "operating_revenue": 372599, 
        "short_term_average": 282869
    }, 
    {
        "accumulated_operating_revenue_yoy": -40.90816806511056, 
        "accumulated_operating_revenue": 1295199, 
        "long_term_average": 396609, 
        "date": "2014-04-30", 
        "operating_revenue": 446591, 
        "short_term_average": 340673
    }, 
    {
        "accumulated_operating_revenue_yoy": -40.72026154820559, 
        "accumulated_operating_revenue": 1665057, 
        "long_term_average": 376016, 
        "date": "2014-05-31", 
        "operating_revenue": 369858, 
        "short_term_average": 396349
    }, 
    {
        "accumulated_operating_revenue_yoy": -40.05759275505461, 
        "accumulated_operating_revenue": 1976683, 
        "long_term_average": 361250, 
        "date": "2014-06-30", 
        "operating_revenue": 311626, 
        "short_term_average": 376025
    }, 
    {
        "accumulated_operating_revenue_yoy": -37.929989565084604, 
        "accumulated_operating_revenue": 2341251, 
        "long_term_average": 352104, 
        "date": "2014-07-31", 
        "operating_revenue": 364568, 
        "short_term_average": 348684
    }, 
    {
        "accumulated_operating_revenue_yoy": -35.19801820809194, 
        "accumulated_operating_revenue": 2737272, 
        "long_term_average": 347431, 
        "date": "2014-08-31", 
        "operating_revenue": 396021, 
        "short_term_average": 357405
    }, 
    {
        "accumulated_operating_revenue_yoy": -34.2024657036099, 
        "accumulated_operating_revenue": 3057845, 
        "long_term_average": 338870, 
        "date": "2014-09-30", 
        "operating_revenue": 320573, 
        "short_term_average": 360387
    }, 
    {
        "accumulated_operating_revenue_yoy": -33.48825731336125, 
        "accumulated_operating_revenue": 3339383, 
        "long_term_average": 331216, 
        "date": "2014-10-31", 
        "operating_revenue": 281538, 
        "short_term_average": 332710
    }, 
    {
        "accumulated_operating_revenue_yoy": -32.783095327540714, 
        "accumulated_operating_revenue": 3603548, 
        "long_term_average": 324869, 
        "date": "2014-11-30", 
        "operating_revenue": 264165, 
        "short_term_average": 288758
    }, 
    {
        "accumulated_operating_revenue_yoy": -31.803553634434213, 
        "accumulated_operating_revenue": 3857161, 
        "long_term_average": 321430, 
        "date": "2014-12-31", 
        "operating_revenue": 253613, 
        "short_term_average": 266438
    }, 
    {
        "accumulated_operating_revenue_yoy": -12.682892901723777, 
        "accumulated_operating_revenue": 238532, 
        "long_term_average": 318542, 
        "date": "2015-01-31", 
        "operating_revenue": 238532, 
        "short_term_average": 252103
    }, 
    {
        "accumulated_operating_revenue_yoy": -26.212949755151687, 
        "accumulated_operating_revenue": 351233, 
        "long_term_average": 311032, 
        "date": "2015-02-28", 
        "operating_revenue": 112701, 
        "short_term_average": 201615
    }, 
    {
        "accumulated_operating_revenue_yoy": -38.54123458652287, 
        "accumulated_operating_revenue": 521544, 
        "long_term_average": 294174, 
        "date": "2015-03-31", 
        "operating_revenue": 170311, 
        "short_term_average": 173848
    }, 
    {
        "accumulated_operating_revenue_yoy": -46.40244472084984, 
        "accumulated_operating_revenue": 694195, 
        "long_term_average": 271346, 
        "date": "2015-04-30", 
        "operating_revenue": 172651, 
        "short_term_average": 151887
    }, 
    {
        "accumulated_operating_revenue_yoy": -49.34539778518093, 
        "accumulated_operating_revenue": 843428, 
        "long_term_average": 252961, 
        "date": "2015-05-31", 
        "operating_revenue": 149233, 
        "short_term_average": 164065
    }, 
    {
        "accumulated_operating_revenue_yoy": -51.26977871515058, 
        "accumulated_operating_revenue": 963242, 
        "long_term_average": 236976, 
        "date": "2015-06-30", 
        "operating_revenue": 119814, 
        "short_term_average": 147232
    }, 
    {
        "accumulated_operating_revenue_yoy": -53.21010007043243, 
        "accumulated_operating_revenue": 1095469, 
        "long_term_average": 217614, 
        "date": "2015-07-31", 
        "operating_revenue": 132227, 
        "short_term_average": 133758
    }, 
    {
        "accumulated_operating_revenue_yoy": -54.78764989376285, 
        "accumulated_operating_revenue": 1237585, 
        "long_term_average": 196456, 
        "date": "2015-08-31", 
        "operating_revenue": 142116, 
        "short_term_average": 131385
    }, 
    {
        "accumulated_operating_revenue_yoy": -54.30396243105847, 
        "accumulated_operating_revenue": 1397314, 
        "long_term_average": 183052, 
        "date": "2015-09-30", 
        "operating_revenue": 159729, 
        "short_term_average": 144690
    }
]