[
    {
        "date": "2012-01-31", 
        "operating_revenue": 100281, 
        "accumulated_operating_revenue": 100281, 
        "long_term_average": 100281, 
        "short_term_average": 100281
    }, 
    {
        "date": "2012-02-29", 
        "operating_revenue": 63366, 
        "accumulated_operating_revenue": 163647, 
        "long_term_average": 81823, 
        "short_term_average": 81823
    }, 
    {
        "date": "2012-03-31", 
        "operating_revenue": 66314, 
        "accumulated_operating_revenue": 229961, 
        "long_term_average": 76653, 
        "short_term_average": 76653
    }, 
    {
        "date": "2012-04-30", 
        "operating_revenue": 53686, 
        "accumulated_operating_revenue": 283647, 
        "long_term_average": 70911, 
        "short_term_average": 61122
    }, 
    {
        "date": "2012-05-31", 
        "operating_revenue": 46539, 
        "accumulated_operating_revenue": 330186, 
        "long_term_average": 66037, 
        "short_term_average": 55513
    }, 
    {
        "date": "2012-06-30", 
        "operating_revenue": 67338, 
        "accumulated_operating_revenue": 397524, 
        "long_term_average": 66254, 
        "short_term_average": 55854
    }, 
    {
        "date": "2012-07-31", 
        "operating_revenue": 73121, 
        "accumulated_operating_revenue": 470645, 
        "long_term_average": 67235, 
        "short_term_average": 62332
    }, 
    {
        "date": "2012-08-31", 
        "operating_revenue": 93970, 
        "accumulated_operating_revenue": 564615, 
        "long_term_average": 70576, 
        "short_term_average": 78143
    }, 
    {
        "date": "2012-09-30", 
        "operating_revenue": 86859, 
        "accumulated_operating_revenue": 651474, 
        "long_term_average": 72386, 
        "short_term_average": 84650
    }, 
    {
        "date": "2012-10-31", 
        "operating_revenue": 69856, 
        "accumulated_operating_revenue": 721330, 
        "long_term_average": 72133, 
        "short_term_average": 83561
    }, 
    {
        "date": "2012-11-30", 
        "operating_revenue": 69879, 
        "accumulated_operating_revenue": 791209, 
        "long_term_average": 71928, 
        "short_term_average": 75531
    }, 
    {
        "date": "2012-12-31", 
        "operating_revenue": 71138, 
        "accumulated_operating_revenue": 862347, 
        "long_term_average": 71862, 
        "short_term_average": 70291
    }, 
    {
        "accumulated_operating_revenue_yoy": -11.21747888433502, 
        "accumulated_operating_revenue": 89032, 
        "long_term_average": 70924, 
        "date": "2013-01-31", 
        "operating_revenue": 89032, 
        "short_term_average": 76683
    }, 
    {
        "accumulated_operating_revenue_yoy": -14.164634854290025, 
        "accumulated_operating_revenue": 140467, 
        "long_term_average": 69930, 
        "date": "2013-02-28", 
        "operating_revenue": 51435, 
        "short_term_average": 70535
    }, 
    {
        "accumulated_operating_revenue_yoy": -10.58657772404886, 
        "accumulated_operating_revenue": 205616, 
        "long_term_average": 69833, 
        "date": "2013-03-31", 
        "operating_revenue": 65149, 
        "short_term_average": 68538
    }, 
    {
        "accumulated_operating_revenue_yoy": -4.181958561169341, 
        "accumulated_operating_revenue": 271785, 
        "long_term_average": 70873, 
        "date": "2013-04-30", 
        "operating_revenue": 66169, 
        "short_term_average": 60917
    }, 
    {
        "accumulated_operating_revenue_yoy": 7.56846141265832, 
        "accumulated_operating_revenue": 355176, 
        "long_term_average": 73944, 
        "date": "2013-05-31", 
        "operating_revenue": 83391, 
        "short_term_average": 71569
    }, 
    {
        "accumulated_operating_revenue_yoy": 5.718899990943943, 
        "accumulated_operating_revenue": 420258, 
        "long_term_average": 73756, 
        "date": "2013-06-30", 
        "operating_revenue": 65082, 
        "short_term_average": 71547
    }, 
    {
        "accumulated_operating_revenue_yoy": 6.199577176003144, 
        "accumulated_operating_revenue": 499823, 
        "long_term_average": 74293, 
        "date": "2013-07-31", 
        "operating_revenue": 79565, 
        "short_term_average": 76012
    }, 
    {
        "accumulated_operating_revenue_yoy": 2.111350212091425, 
        "accumulated_operating_revenue": 576536, 
        "long_term_average": 72855, 
        "date": "2013-08-31", 
        "operating_revenue": 76713, 
        "short_term_average": 73786
    }, 
    {
        "accumulated_operating_revenue_yoy": -0.03944900333704799, 
        "accumulated_operating_revenue": 651217, 
        "long_term_average": 71840, 
        "date": "2013-09-30", 
        "operating_revenue": 74681, 
        "short_term_average": 76986
    }, 
    {
        "accumulated_operating_revenue_yoy": 0.7738483079866358, 
        "accumulated_operating_revenue": 726912, 
        "long_term_average": 72327, 
        "date": "2013-10-31", 
        "operating_revenue": 75695, 
        "short_term_average": 75696
    }, 
    {
        "accumulated_operating_revenue_yoy": 2.637229859619898, 
        "accumulated_operating_revenue": 812075, 
        "long_term_average": 73601, 
        "date": "2013-11-30", 
        "operating_revenue": 85163, 
        "short_term_average": 78513
    }, 
    {
        "accumulated_operating_revenue_yoy": 2.3030172308826957, 
        "accumulated_operating_revenue": 882207, 
        "long_term_average": 73517, 
        "date": "2013-12-31", 
        "operating_revenue": 70132, 
        "short_term_average": 76996
    }, 
    {
        "accumulated_operating_revenue_yoy": -22.885030101536525, 
        "accumulated_operating_revenue": 68657, 
        "long_term_average": 71819, 
        "date": "2014-01-31", 
        "operating_revenue": 68657, 
        "short_term_average": 74650
    }, 
    {
        "accumulated_operating_revenue_yoy": -0.18296112254123745, 
        "accumulated_operating_revenue": 140210, 
        "long_term_average": 73495, 
        "date": "2014-02-28", 
        "operating_revenue": 71553, 
        "short_term_average": 70114
    }, 
    {
        "accumulated_operating_revenue_yoy": 5.770465333437087, 
        "accumulated_operating_revenue": 217481, 
        "long_term_average": 74506, 
        "date": "2014-03-31", 
        "operating_revenue": 77271, 
        "short_term_average": 72493
    }, 
    {
        "accumulated_operating_revenue_yoy": 7.962911860477952, 
        "accumulated_operating_revenue": 293427, 
        "long_term_average": 75320, 
        "date": "2014-04-30", 
        "operating_revenue": 75946, 
        "short_term_average": 74923
    }, 
    {
        "accumulated_operating_revenue_yoy": 13.384631844493997, 
        "accumulated_operating_revenue": 402715, 
        "long_term_average": 77478, 
        "date": "2014-05-31", 
        "operating_revenue": 109288, 
        "short_term_average": 87501
    }, 
    {
        "accumulated_operating_revenue_yoy": 14.876099919573216, 
        "accumulated_operating_revenue": 482776, 
        "long_term_average": 78727, 
        "date": "2014-06-30", 
        "operating_revenue": 80061, 
        "short_term_average": 88431
    }, 
    {
        "accumulated_operating_revenue_yoy": 14.861661028003914, 
        "accumulated_operating_revenue": 574105, 
        "long_term_average": 79707, 
        "date": "2014-07-31", 
        "operating_revenue": 91329, 
        "short_term_average": 93559
    }, 
    {
        "accumulated_operating_revenue_yoy": 16.140188990800226, 
        "accumulated_operating_revenue": 669590, 
        "long_term_average": 81271, 
        "date": "2014-08-31", 
        "operating_revenue": 95485, 
        "short_term_average": 88958
    }, 
    {
        "accumulated_operating_revenue_yoy": 19.629708683894922, 
        "accumulated_operating_revenue": 779049, 
        "long_term_average": 84169, 
        "date": "2014-09-30", 
        "operating_revenue": 109459, 
        "short_term_average": 98757
    }, 
    {
        "accumulated_operating_revenue_yoy": 20.302595087163233, 
        "accumulated_operating_revenue": 874494, 
        "long_term_average": 85815, 
        "date": "2014-10-31", 
        "operating_revenue": 95445, 
        "short_term_average": 100129
    }, 
    {
        "accumulated_operating_revenue_yoy": 13.856478773512299, 
        "accumulated_operating_revenue": 924600, 
        "long_term_average": 82894, 
        "date": "2014-11-30", 
        "operating_revenue": 50106, 
        "short_term_average": 85003
    }, 
    {
        "accumulated_operating_revenue_yoy": 11.25438814246543, 
        "accumulated_operating_revenue": 981494, 
        "long_term_average": 81791, 
        "date": "2014-12-31", 
        "operating_revenue": 56894, 
        "short_term_average": 67481
    }, 
    {
        "accumulated_operating_revenue_yoy": -5.721193760286642, 
        "accumulated_operating_revenue": 64729, 
        "long_term_average": 81463, 
        "date": "2015-01-31", 
        "operating_revenue": 64729, 
        "short_term_average": 57243
    }, 
    {
        "accumulated_operating_revenue_yoy": -16.283431994864845, 
        "accumulated_operating_revenue": 117379, 
        "long_term_average": 79888, 
        "date": "2015-02-28", 
        "operating_revenue": 52650, 
        "short_term_average": 58091
    }, 
    {
        "accumulated_operating_revenue_yoy": -14.324009913509686, 
        "accumulated_operating_revenue": 186329, 
        "long_term_average": 79195, 
        "date": "2015-03-31", 
        "operating_revenue": 68950, 
        "short_term_average": 62109
    }, 
    {
        "accumulated_operating_revenue_yoy": -9.515143459872473, 
        "accumulated_operating_revenue": 265507, 
        "long_term_average": 79464, 
        "date": "2015-04-30", 
        "operating_revenue": 79178, 
        "short_term_average": 66926
    }, 
    {
        "accumulated_operating_revenue_yoy": -17.96704865723899, 
        "accumulated_operating_revenue": 330359, 
        "long_term_average": 75761, 
        "date": "2015-05-31", 
        "operating_revenue": 64852, 
        "short_term_average": 70993
    }, 
    {
        "accumulated_operating_revenue_yoy": -19.28430576499246, 
        "accumulated_operating_revenue": 389676, 
        "long_term_average": 74032, 
        "date": "2015-06-30", 
        "operating_revenue": 59317, 
        "short_term_average": 67782
    }, 
    {
        "accumulated_operating_revenue_yoy": -20.875101244545856, 
        "accumulated_operating_revenue": 454260, 
        "long_term_average": 71804, 
        "date": "2015-07-31", 
        "operating_revenue": 64584, 
        "short_term_average": 62917
    }, 
    {
        "accumulated_operating_revenue_yoy": -21.19162472557834, 
        "accumulated_operating_revenue": 527693, 
        "long_term_average": 69966, 
        "date": "2015-08-31", 
        "operating_revenue": 73433, 
        "short_term_average": 65778
    }
]