[
    {
        "date": "2011-09-30", 
        "operating_revenue": 981092, 
        "accumulated_operating_revenue": 981092, 
        "long_term_average": 981092, 
        "short_term_average": 981092
    }, 
    {
        "date": "2011-10-31", 
        "operating_revenue": 770335, 
        "accumulated_operating_revenue": 1751427, 
        "long_term_average": 875713, 
        "short_term_average": 875713
    }, 
    {
        "date": "2011-11-30", 
        "operating_revenue": 846820, 
        "accumulated_operating_revenue": 2598247, 
        "long_term_average": 866082, 
        "short_term_average": 866082
    }, 
    {
        "date": "2011-12-31", 
        "operating_revenue": 1210841, 
        "accumulated_operating_revenue": 3809088, 
        "long_term_average": 952272, 
        "short_term_average": 942665
    }, 
    {
        "date": "2012-01-31", 
        "operating_revenue": 1042103, 
        "accumulated_operating_revenue": 1042103, 
        "long_term_average": 970238, 
        "short_term_average": 1033254
    }, 
    {
        "date": "2012-02-29", 
        "operating_revenue": 846101, 
        "accumulated_operating_revenue": 1888204, 
        "long_term_average": 949548, 
        "short_term_average": 1033015
    }, 
    {
        "date": "2012-03-31", 
        "operating_revenue": 1033746, 
        "accumulated_operating_revenue": 2921950, 
        "long_term_average": 961576, 
        "short_term_average": 973983
    }, 
    {
        "date": "2012-04-30", 
        "operating_revenue": 792112, 
        "accumulated_operating_revenue": 3714062, 
        "long_term_average": 940393, 
        "short_term_average": 890653
    }, 
    {
        "date": "2012-05-31", 
        "operating_revenue": 649370, 
        "accumulated_operating_revenue": 4363432, 
        "long_term_average": 908057, 
        "short_term_average": 825076
    }, 
    {
        "date": "2012-06-30", 
        "operating_revenue": 658690, 
        "accumulated_operating_revenue": 5022122, 
        "long_term_average": 883121, 
        "short_term_average": 700057
    }, 
    {
        "date": "2012-07-31", 
        "operating_revenue": 1124206, 
        "accumulated_operating_revenue": 6146328, 
        "long_term_average": 905037, 
        "short_term_average": 810755
    }, 
    {
        "date": "2012-08-31", 
        "operating_revenue": 1062524, 
        "accumulated_operating_revenue": 7208852, 
        "long_term_average": 918161, 
        "short_term_average": 948473
    }, 
    {
        "accumulated_operating_revenue_yoy": 732.4402808299324, 
        "accumulated_operating_revenue": 8167005, 
        "long_term_average": 916250, 
        "date": "2012-09-30", 
        "operating_revenue": 958153, 
        "short_term_average": 1048294
    }, 
    {
        "accumulated_operating_revenue_yoy": 414.2213178168431, 
        "accumulated_operating_revenue": 9006211, 
        "long_term_average": 921989, 
        "date": "2012-10-31", 
        "operating_revenue": 839206, 
        "short_term_average": 953294
    }, 
    {
        "accumulated_operating_revenue_yoy": 281.1133429577711, 
        "accumulated_operating_revenue": 9902266, 
        "long_term_average": 926092, 
        "date": "2012-11-30", 
        "operating_revenue": 896055, 
        "short_term_average": 897804
    }, 
    {
        "accumulated_operating_revenue_yoy": 185.96377925634692, 
        "accumulated_operating_revenue": 10892612, 
        "long_term_average": 907717, 
        "date": "2012-12-31", 
        "operating_revenue": 990346, 
        "short_term_average": 908535
    }, 
    {
        "accumulated_operating_revenue_yoy": -11.302721516011372, 
        "accumulated_operating_revenue": 924317, 
        "long_term_average": 897902, 
        "date": "2013-01-31", 
        "operating_revenue": 924317, 
        "short_term_average": 936906
    }, 
    {
        "accumulated_operating_revenue_yoy": -0.8177082560994469, 
        "accumulated_operating_revenue": 1872764, 
        "long_term_average": 906431, 
        "date": "2013-02-28", 
        "operating_revenue": 948447, 
        "short_term_average": 954370
    }, 
    {
        "accumulated_operating_revenue_yoy": -4.715481099950376, 
        "accumulated_operating_revenue": 2784166, 
        "long_term_average": 896235, 
        "date": "2013-03-31", 
        "operating_revenue": 911402, 
        "short_term_average": 928055
    }, 
    {
        "accumulated_operating_revenue_yoy": -4.924500452604184, 
        "accumulated_operating_revenue": 3531163, 
        "long_term_average": 892476, 
        "date": "2013-04-30", 
        "operating_revenue": 746997, 
        "short_term_average": 868948
    }, 
    {
        "accumulated_operating_revenue_yoy": -3.545236868593346, 
        "accumulated_operating_revenue": 4208738, 
        "long_term_average": 894826, 
        "date": "2013-05-31", 
        "operating_revenue": 677575, 
        "short_term_average": 778658
    }, 
    {
        "accumulated_operating_revenue_yoy": -0.6773232510082392, 
        "accumulated_operating_revenue": 4988106, 
        "long_term_average": 904883, 
        "date": "2013-06-30", 
        "operating_revenue": 779368, 
        "short_term_average": 734646
    }, 
    {
        "accumulated_operating_revenue_yoy": -5.54988279180675, 
        "accumulated_operating_revenue": 5805214, 
        "long_term_average": 879291, 
        "date": "2013-07-31", 
        "operating_revenue": 817108, 
        "short_term_average": 758017
    }, 
    {
        "accumulated_operating_revenue_yoy": -8.914165528713864, 
        "accumulated_operating_revenue": 6566243, 
        "long_term_average": 854166, 
        "date": "2013-08-31", 
        "operating_revenue": 761029, 
        "short_term_average": 785835
    }, 
    {
        "accumulated_operating_revenue_yoy": -11.076973749863015, 
        "accumulated_operating_revenue": 7262348, 
        "long_term_average": 832329, 
        "date": "2013-09-30", 
        "operating_revenue": 696105, 
        "short_term_average": 758080
    }, 
    {
        "accumulated_operating_revenue_yoy": -12.127330794270753, 
        "accumulated_operating_revenue": 7913998, 
        "long_term_average": 816699, 
        "date": "2013-10-31", 
        "operating_revenue": 651650, 
        "short_term_average": 702928
    }, 
    {
        "accumulated_operating_revenue_yoy": -13.126500540381365, 
        "accumulated_operating_revenue": 8602445, 
        "long_term_average": 799399, 
        "date": "2013-11-30", 
        "operating_revenue": 688447, 
        "short_term_average": 678734
    }, 
    {
        "accumulated_operating_revenue_yoy": -14.362670771712056, 
        "accumulated_operating_revenue": 9328142, 
        "long_term_average": 777345, 
        "date": "2013-12-31", 
        "operating_revenue": 725697, 
        "short_term_average": 688598
    }, 
    {
        "accumulated_operating_revenue_yoy": 12.16552329990685, 
        "accumulated_operating_revenue": 1036765, 
        "long_term_average": 786715, 
        "date": "2014-01-31", 
        "operating_revenue": 1036765, 
        "short_term_average": 816969
    }, 
    {
        "accumulated_operating_revenue_yoy": -2.282935810385078, 
        "accumulated_operating_revenue": 1830010, 
        "long_term_average": 773782, 
        "date": "2014-02-28", 
        "operating_revenue": 793245, 
        "short_term_average": 851902
    }, 
    {
        "accumulated_operating_revenue_yoy": -2.5551996540436166, 
        "accumulated_operating_revenue": 2713025, 
        "long_term_average": 771416, 
        "date": "2014-03-31", 
        "operating_revenue": 883015, 
        "short_term_average": 904341
    }, 
    {
        "accumulated_operating_revenue_yoy": -4.28796405037094, 
        "accumulated_operating_revenue": 3379748, 
        "long_term_average": 764727, 
        "date": "2014-04-30", 
        "operating_revenue": 666723, 
        "short_term_average": 780994
    }, 
    {
        "accumulated_operating_revenue_yoy": -6.138538440739243, 
        "accumulated_operating_revenue": 3950383, 
        "long_term_average": 755815, 
        "date": "2014-05-31", 
        "operating_revenue": 570635, 
        "short_term_average": 706791
    }, 
    {
        "accumulated_operating_revenue_yoy": -5.2472621872911285, 
        "accumulated_operating_revenue": 4726367, 
        "long_term_average": 755533, 
        "date": "2014-06-30", 
        "operating_revenue": 775984, 
        "short_term_average": 671114
    }, 
    {
        "accumulated_operating_revenue_yoy": -4.2187247532993615, 
        "accumulated_operating_revenue": 5560308, 
        "long_term_average": 756936, 
        "date": "2014-07-31", 
        "operating_revenue": 833941, 
        "short_term_average": 726853
    }, 
    {
        "accumulated_operating_revenue_yoy": -6.030952555365374, 
        "accumulated_operating_revenue": 6170236, 
        "long_term_average": 744344, 
        "date": "2014-08-31", 
        "operating_revenue": 609928, 
        "short_term_average": 739951
    }, 
    {
        "accumulated_operating_revenue_yoy": -4.8440256512081215, 
        "accumulated_operating_revenue": 6910558, 
        "long_term_average": 748029, 
        "date": "2014-09-30", 
        "operating_revenue": 740322, 
        "short_term_average": 728063
    }, 
    {
        "accumulated_operating_revenue_yoy": -4.973074291906569, 
        "accumulated_operating_revenue": 7520429, 
        "long_term_average": 744547, 
        "date": "2014-10-31", 
        "operating_revenue": 609871, 
        "short_term_average": 653373
    }, 
    {
        "accumulated_operating_revenue_yoy": -4.92563451437353, 
        "accumulated_operating_revenue": 8178720, 
        "long_term_average": 742034, 
        "date": "2014-11-30", 
        "operating_revenue": 658291, 
        "short_term_average": 669494
    }, 
    {
        "accumulated_operating_revenue_yoy": -1.9215723774359352, 
        "accumulated_operating_revenue": 9148895, 
        "long_term_average": 762407, 
        "date": "2014-12-31", 
        "operating_revenue": 970175, 
        "short_term_average": 746112
    }, 
    {
        "accumulated_operating_revenue_yoy": -11.712393840455649, 
        "accumulated_operating_revenue": 915335, 
        "long_term_average": 752288, 
        "date": "2015-01-31", 
        "operating_revenue": 915335, 
        "short_term_average": 847933
    }, 
    {
        "accumulated_operating_revenue_yoy": -9.467052092611516, 
        "accumulated_operating_revenue": 1656762, 
        "long_term_average": 747970, 
        "date": "2015-02-28", 
        "operating_revenue": 741427, 
        "short_term_average": 875645
    }, 
    {
        "accumulated_operating_revenue_yoy": -7.734171266390836, 
        "accumulated_operating_revenue": 2503195, 
        "long_term_average": 744922, 
        "date": "2015-03-31", 
        "operating_revenue": 846433, 
        "short_term_average": 834398
    }, 
    {
        "accumulated_operating_revenue_yoy": -7.5244663211576714, 
        "accumulated_operating_revenue": 3125440, 
        "long_term_average": 741215, 
        "date": "2015-04-30", 
        "operating_revenue": 622245, 
        "short_term_average": 736701
    }, 
    {
        "accumulated_operating_revenue_yoy": -6.50225560407687, 
        "accumulated_operating_revenue": 3693519, 
        "long_term_average": 741002, 
        "date": "2015-05-31", 
        "operating_revenue": 568079, 
        "short_term_average": 678919
    }, 
    {
        "accumulated_operating_revenue_yoy": -4.8924258315107565, 
        "accumulated_operating_revenue": 4495133, 
        "long_term_average": 743138, 
        "date": "2015-06-30", 
        "operating_revenue": 801614, 
        "short_term_average": 663979
    }, 
    {
        "accumulated_operating_revenue_yoy": -1.2841734666496891, 
        "accumulated_operating_revenue": 5488904, 
        "long_term_average": 756457, 
        "date": "2015-07-31", 
        "operating_revenue": 993771, 
        "short_term_average": 787821
    }, 
    {
        "accumulated_operating_revenue_yoy": 1.2858827441932528, 
        "accumulated_operating_revenue": 6249578, 
        "long_term_average": 769019, 
        "date": "2015-08-31", 
        "operating_revenue": 760674, 
        "short_term_average": 852019
    }
]