[
    {
        "date": "2012-01-31", 
        "operating_revenue": 240171, 
        "accumulated_operating_revenue": 240171, 
        "long_term_average": 240171, 
        "short_term_average": 240171
    }, 
    {
        "date": "2012-02-29", 
        "operating_revenue": 302395, 
        "accumulated_operating_revenue": 542566, 
        "long_term_average": 271283, 
        "short_term_average": 271283
    }, 
    {
        "date": "2012-03-31", 
        "operating_revenue": 243595, 
        "accumulated_operating_revenue": 786161, 
        "long_term_average": 262053, 
        "short_term_average": 262053
    }, 
    {
        "date": "2012-04-30", 
        "operating_revenue": 268026, 
        "accumulated_operating_revenue": 1054187, 
        "long_term_average": 263546, 
        "short_term_average": 271338
    }, 
    {
        "date": "2012-05-31", 
        "operating_revenue": 276648, 
        "accumulated_operating_revenue": 1330835, 
        "long_term_average": 266167, 
        "short_term_average": 262756
    }, 
    {
        "date": "2012-06-30", 
        "operating_revenue": 312848, 
        "accumulated_operating_revenue": 1643683, 
        "long_term_average": 273947, 
        "short_term_average": 285840
    }, 
    {
        "date": "2012-07-31", 
        "operating_revenue": 304035, 
        "accumulated_operating_revenue": 1947718, 
        "long_term_average": 278245, 
        "short_term_average": 297843
    }, 
    {
        "date": "2012-08-31", 
        "operating_revenue": 280474, 
        "accumulated_operating_revenue": 2228192, 
        "long_term_average": 278524, 
        "short_term_average": 299119
    }, 
    {
        "date": "2012-09-30", 
        "operating_revenue": 266665, 
        "accumulated_operating_revenue": 2494857, 
        "long_term_average": 277206, 
        "short_term_average": 283724
    }, 
    {
        "date": "2012-10-31", 
        "operating_revenue": 293902, 
        "accumulated_operating_revenue": 2788759, 
        "long_term_average": 278875, 
        "short_term_average": 280347
    }, 
    {
        "date": "2012-11-30", 
        "operating_revenue": 324613, 
        "accumulated_operating_revenue": 3113372, 
        "long_term_average": 283033, 
        "short_term_average": 295060
    }, 
    {
        "date": "2012-12-31", 
        "operating_revenue": 287757, 
        "accumulated_operating_revenue": 3401129, 
        "long_term_average": 283427, 
        "short_term_average": 302090
    }, 
    {
        "accumulated_operating_revenue_yoy": 33.58606992517831, 
        "accumulated_operating_revenue": 320835, 
        "long_term_average": 290149, 
        "date": "2013-01-31", 
        "operating_revenue": 320835, 
        "short_term_average": 311068
    }, 
    {
        "accumulated_operating_revenue_yoy": 1.3321881577540797, 
        "accumulated_operating_revenue": 549794, 
        "long_term_average": 284029, 
        "date": "2013-02-28", 
        "operating_revenue": 228959, 
        "short_term_average": 279183
    }, 
    {
        "accumulated_operating_revenue_yoy": 20.055942739464307, 
        "accumulated_operating_revenue": 943833, 
        "long_term_average": 296566, 
        "date": "2013-03-31", 
        "operating_revenue": 394039, 
        "short_term_average": 314611
    }, 
    {
        "accumulated_operating_revenue_yoy": 17.703120983279057, 
        "accumulated_operating_revenue": 1240811, 
        "long_term_average": 298979, 
        "date": "2013-04-30", 
        "operating_revenue": 296978, 
        "short_term_average": 306658
    }, 
    {
        "accumulated_operating_revenue_yoy": 18.059639249042895, 
        "accumulated_operating_revenue": 1571179, 
        "long_term_average": 303456, 
        "date": "2013-05-31", 
        "operating_revenue": 330368, 
        "short_term_average": 340461
    }, 
    {
        "accumulated_operating_revenue_yoy": 12.337111231301899, 
        "accumulated_operating_revenue": 1846466, 
        "long_term_average": 300326, 
        "date": "2013-06-30", 
        "operating_revenue": 275287, 
        "short_term_average": 300877
    }, 
    {
        "accumulated_operating_revenue_yoy": 8.975426627468657, 
        "accumulated_operating_revenue": 2122534, 
        "long_term_average": 297995, 
        "date": "2013-07-31", 
        "operating_revenue": 276068, 
        "short_term_average": 293907
    }, 
    {
        "accumulated_operating_revenue_yoy": 6.3686163490399395, 
        "accumulated_operating_revenue": 2370097, 
        "long_term_average": 295252, 
        "date": "2013-08-31", 
        "operating_revenue": 247563, 
        "short_term_average": 266306
    }, 
    {
        "accumulated_operating_revenue_yoy": 7.1201275263472015, 
        "accumulated_operating_revenue": 2672494, 
        "long_term_average": 298230, 
        "date": "2013-09-30", 
        "operating_revenue": 302397, 
        "short_term_average": 275342
    }, 
    {
        "accumulated_operating_revenue_yoy": 7.493297197785825, 
        "accumulated_operating_revenue": 2997729, 
        "long_term_average": 300841, 
        "date": "2013-10-31", 
        "operating_revenue": 325235, 
        "short_term_average": 291731
    }, 
    {
        "accumulated_operating_revenue_yoy": 6.480690389712504, 
        "accumulated_operating_revenue": 3315140, 
        "long_term_average": 300241, 
        "date": "2013-11-30", 
        "operating_revenue": 317411, 
        "short_term_average": 315014
    }, 
    {
        "accumulated_operating_revenue_yoy": 5.834239159996578, 
        "accumulated_operating_revenue": 3599559, 
        "long_term_average": 299963, 
        "date": "2013-12-31", 
        "operating_revenue": 284419, 
        "short_term_average": 309021
    }, 
    {
        "accumulated_operating_revenue_yoy": -5.461062539934858, 
        "accumulated_operating_revenue": 303314, 
        "long_term_average": 298503, 
        "date": "2014-01-31", 
        "operating_revenue": 303314, 
        "short_term_average": 301714
    }, 
    {
        "accumulated_operating_revenue_yoy": -0.39996798801005473, 
        "accumulated_operating_revenue": 547595, 
        "long_term_average": 299780, 
        "date": "2014-02-28", 
        "operating_revenue": 244281, 
        "short_term_average": 277338
    }, 
    {
        "accumulated_operating_revenue_yoy": -7.849163994054033, 
        "accumulated_operating_revenue": 869750, 
        "long_term_average": 293789, 
        "date": "2014-03-31", 
        "operating_revenue": 322155, 
        "short_term_average": 289916
    }, 
    {
        "accumulated_operating_revenue_yoy": -6.499620006592463, 
        "accumulated_operating_revenue": 1160163, 
        "long_term_average": 293242, 
        "date": "2014-04-30", 
        "operating_revenue": 290413, 
        "short_term_average": 285616
    }, 
    {
        "accumulated_operating_revenue_yoy": -8.351371804231091, 
        "accumulated_operating_revenue": 1439964, 
        "long_term_average": 289028, 
        "date": "2014-05-31", 
        "operating_revenue": 279801, 
        "short_term_average": 297456
    }, 
    {
        "accumulated_operating_revenue_yoy": -9.93616995926272, 
        "accumulated_operating_revenue": 1662998, 
        "long_term_average": 284674, 
        "date": "2014-06-30", 
        "operating_revenue": 223034, 
        "short_term_average": 264416
    }, 
    {
        "accumulated_operating_revenue_yoy": -7.891699261354589, 
        "accumulated_operating_revenue": 1955030, 
        "long_term_average": 286004, 
        "date": "2014-07-31", 
        "operating_revenue": 292032, 
        "short_term_average": 264955
    }, 
    {
        "accumulated_operating_revenue_yoy": -5.490661352678814, 
        "accumulated_operating_revenue": 2239963, 
        "long_term_average": 289118, 
        "date": "2014-08-31", 
        "operating_revenue": 284933, 
        "short_term_average": 266666
    }, 
    {
        "accumulated_operating_revenue_yoy": -4.308971320422048, 
        "accumulated_operating_revenue": 2557337, 
        "long_term_average": 290366, 
        "date": "2014-09-30", 
        "operating_revenue": 317374, 
        "short_term_average": 298113
    }, 
    {
        "accumulated_operating_revenue_yoy": -4.6211315299014695, 
        "accumulated_operating_revenue": 2859200, 
        "long_term_average": 288419, 
        "date": "2014-10-31", 
        "operating_revenue": 301863, 
        "short_term_average": 301390
    }, 
    {
        "accumulated_operating_revenue_yoy": -4.182538294008699, 
        "accumulated_operating_revenue": 3176483, 
        "long_term_average": 288408, 
        "date": "2014-11-30", 
        "operating_revenue": 317283, 
        "short_term_average": 312173
    }, 
    {
        "accumulated_operating_revenue_yoy": -1.8310854190749477, 
        "accumulated_operating_revenue": 3533648, 
        "long_term_average": 294470, 
        "date": "2014-12-31", 
        "operating_revenue": 357165, 
        "short_term_average": 325437
    }, 
    {
        "accumulated_operating_revenue_yoy": 12.143850926762365, 
        "accumulated_operating_revenue": 340148, 
        "long_term_average": 297540, 
        "date": "2015-01-31", 
        "operating_revenue": 340148, 
        "short_term_average": 338198
    }, 
    {
        "accumulated_operating_revenue_yoy": -2.2125841178243046, 
        "accumulated_operating_revenue": 535479, 
        "long_term_average": 293461, 
        "date": "2015-02-28", 
        "operating_revenue": 195331, 
        "short_term_average": 297548
    }, 
    {
        "accumulated_operating_revenue_yoy": -2.9792469100316183, 
        "accumulated_operating_revenue": 843838, 
        "long_term_average": 292311, 
        "date": "2015-03-31", 
        "operating_revenue": 308359, 
        "short_term_average": 281279
    }, 
    {
        "accumulated_operating_revenue_yoy": -0.008705673254534061, 
        "accumulated_operating_revenue": 1160062, 
        "long_term_average": 294462, 
        "date": "2015-04-30", 
        "operating_revenue": 316224, 
        "short_term_average": 273304
    }, 
    {
        "accumulated_operating_revenue_yoy": 1.694278468072813, 
        "accumulated_operating_revenue": 1464361, 
        "long_term_average": 296503, 
        "date": "2015-05-31", 
        "operating_revenue": 304299, 
        "short_term_average": 309627
    }, 
    {
        "accumulated_operating_revenue_yoy": 4.890384714834293, 
        "accumulated_operating_revenue": 1744325, 
        "long_term_average": 301247, 
        "date": "2015-06-30", 
        "operating_revenue": 279964, 
        "short_term_average": 300162
    }, 
    {
        "accumulated_operating_revenue_yoy": 4.055385339355406, 
        "accumulated_operating_revenue": 2034314, 
        "long_term_average": 301077, 
        "date": "2015-07-31", 
        "operating_revenue": 289989, 
        "short_term_average": 291417
    }, 
    {
        "accumulated_operating_revenue_yoy": 3.370725320016447, 
        "accumulated_operating_revenue": 2315466, 
        "long_term_average": 300762, 
        "date": "2015-08-31", 
        "operating_revenue": 281152, 
        "short_term_average": 283701
    }, 
    {
        "accumulated_operating_revenue_yoy": 1.2001155889896404, 
        "accumulated_operating_revenue": 2588028, 
        "long_term_average": 297028, 
        "date": "2015-09-30", 
        "operating_revenue": 272562, 
        "short_term_average": 281234
    }, 
    {
        "accumulated_operating_revenue_yoy": 0.8313514269725798, 
        "accumulated_operating_revenue": 2882970, 
        "long_term_average": 296451, 
        "date": "2015-10-31", 
        "operating_revenue": 294942, 
        "short_term_average": 282885
    }
]