[
    {
        "date": "2011-09-30", 
        "operating_revenue": 49327, 
        "accumulated_operating_revenue": 49327, 
        "long_term_average": 49327, 
        "short_term_average": 49327
    }, 
    {
        "date": "2011-10-31", 
        "operating_revenue": 41224, 
        "accumulated_operating_revenue": 90551, 
        "long_term_average": 45275, 
        "short_term_average": 45275
    }, 
    {
        "date": "2011-11-30", 
        "operating_revenue": 37150, 
        "accumulated_operating_revenue": 127701, 
        "long_term_average": 42567, 
        "short_term_average": 42567
    }, 
    {
        "date": "2011-12-31", 
        "operating_revenue": 27376, 
        "accumulated_operating_revenue": 155077, 
        "long_term_average": 38769, 
        "short_term_average": 35250
    }, 
    {
        "date": "2012-01-31", 
        "operating_revenue": 27451, 
        "accumulated_operating_revenue": 27451, 
        "long_term_average": 36505, 
        "short_term_average": 30659
    }, 
    {
        "date": "2012-02-29", 
        "operating_revenue": 27303, 
        "accumulated_operating_revenue": 54754, 
        "long_term_average": 34971, 
        "short_term_average": 27376
    }, 
    {
        "date": "2012-03-31", 
        "operating_revenue": 21808, 
        "accumulated_operating_revenue": 76562, 
        "long_term_average": 33091, 
        "short_term_average": 25520
    }, 
    {
        "date": "2012-04-30", 
        "operating_revenue": 29412, 
        "accumulated_operating_revenue": 105974, 
        "long_term_average": 32631, 
        "short_term_average": 26174
    }, 
    {
        "date": "2012-05-31", 
        "operating_revenue": 32839, 
        "accumulated_operating_revenue": 138813, 
        "long_term_average": 32654, 
        "short_term_average": 28019
    }, 
    {
        "date": "2012-06-30", 
        "operating_revenue": 43263, 
        "accumulated_operating_revenue": 182076, 
        "long_term_average": 33715, 
        "short_term_average": 35171
    }, 
    {
        "date": "2012-07-31", 
        "operating_revenue": 37403, 
        "accumulated_operating_revenue": 219479, 
        "long_term_average": 34050, 
        "short_term_average": 37835
    }, 
    {
        "date": "2012-08-31", 
        "operating_revenue": 32895, 
        "accumulated_operating_revenue": 252374, 
        "long_term_average": 33954, 
        "short_term_average": 37853
    }, 
    {
        "accumulated_operating_revenue_yoy": 461.3355768645975, 
        "accumulated_operating_revenue": 276890, 
        "long_term_average": 31886, 
        "date": "2012-09-30", 
        "operating_revenue": 24516, 
        "short_term_average": 31604
    }, 
    {
        "accumulated_operating_revenue_yoy": 228.48339609722697, 
        "accumulated_operating_revenue": 297445, 
        "long_term_average": 30164, 
        "date": "2012-10-31", 
        "operating_revenue": 20555, 
        "short_term_average": 25988
    }, 
    {
        "accumulated_operating_revenue_yoy": 147.8962576643879, 
        "accumulated_operating_revenue": 316566, 
        "long_term_average": 28661, 
        "date": "2012-11-30", 
        "operating_revenue": 19121, 
        "short_term_average": 21397
    }, 
    {
        "accumulated_operating_revenue_yoy": 115.42137131876422, 
        "accumulated_operating_revenue": 334069, 
        "long_term_average": 27839, 
        "date": "2012-12-31", 
        "operating_revenue": 17503, 
        "short_term_average": 19059
    }, 
    {
        "accumulated_operating_revenue_yoy": -20.83712797348002, 
        "accumulated_operating_revenue": 21731, 
        "long_term_average": 27362, 
        "date": "2013-01-31", 
        "operating_revenue": 21731, 
        "short_term_average": 19451
    }, 
    {
        "accumulated_operating_revenue_yoy": -33.190269204076415, 
        "accumulated_operating_revenue": 36581, 
        "long_term_average": 26324, 
        "date": "2013-02-28", 
        "operating_revenue": 14850, 
        "short_term_average": 18028
    }, 
    {
        "accumulated_operating_revenue_yoy": -30.777670384786187, 
        "accumulated_operating_revenue": 52998, 
        "long_term_average": 25875, 
        "date": "2013-03-31", 
        "operating_revenue": 16417, 
        "short_term_average": 17666
    }, 
    {
        "accumulated_operating_revenue_yoy": -31.80402740294789, 
        "accumulated_operating_revenue": 72270, 
        "long_term_average": 25030, 
        "date": "2013-04-30", 
        "operating_revenue": 19272, 
        "short_term_average": 16846
    }, 
    {
        "accumulated_operating_revenue_yoy": -30.482015373199918, 
        "accumulated_operating_revenue": 96500, 
        "long_term_average": 24313, 
        "date": "2013-05-31", 
        "operating_revenue": 24230, 
        "short_term_average": 19973
    }, 
    {
        "accumulated_operating_revenue_yoy": -36.26342845844592, 
        "accumulated_operating_revenue": 116049, 
        "long_term_average": 22336, 
        "date": "2013-06-30", 
        "operating_revenue": 19549, 
        "short_term_average": 21017
    }, 
    {
        "accumulated_operating_revenue_yoy": -38.561775841880085, 
        "accumulated_operating_revenue": 134844, 
        "long_term_average": 20786, 
        "date": "2013-07-31", 
        "operating_revenue": 18795, 
        "short_term_average": 20858
    }, 
    {
        "accumulated_operating_revenue_yoy": -38.23056257776158, 
        "accumulated_operating_revenue": 155890, 
        "long_term_average": 19798, 
        "date": "2013-08-31", 
        "operating_revenue": 21046, 
        "short_term_average": 19796
    }, 
    {
        "accumulated_operating_revenue_yoy": -37.14146411932536, 
        "accumulated_operating_revenue": 174049, 
        "long_term_average": 19269, 
        "date": "2013-09-30", 
        "operating_revenue": 18159, 
        "short_term_average": 19333
    }, 
    {
        "accumulated_operating_revenue_yoy": -35.00848896434635, 
        "accumulated_operating_revenue": 193314, 
        "long_term_average": 19161, 
        "date": "2013-10-31", 
        "operating_revenue": 19265, 
        "short_term_average": 19490
    }, 
    {
        "accumulated_operating_revenue_yoy": -35.102000846584914, 
        "accumulated_operating_revenue": 205445, 
        "long_term_average": 18579, 
        "date": "2013-11-30", 
        "operating_revenue": 12131, 
        "short_term_average": 16518
    }, 
    {
        "accumulated_operating_revenue_yoy": -31.677886903603746, 
        "accumulated_operating_revenue": 228243, 
        "long_term_average": 19020, 
        "date": "2013-12-31", 
        "operating_revenue": 22798, 
        "short_term_average": 18064
    }, 
    {
        "accumulated_operating_revenue_yoy": -11.439878514564446, 
        "accumulated_operating_revenue": 19245, 
        "long_term_average": 18813, 
        "date": "2014-01-31", 
        "operating_revenue": 19245, 
        "short_term_average": 18058
    }, 
    {
        "accumulated_operating_revenue_yoy": -22.175446269921544, 
        "accumulated_operating_revenue": 28469, 
        "long_term_average": 18344, 
        "date": "2014-02-28", 
        "operating_revenue": 9224, 
        "short_term_average": 17089
    }, 
    {
        "accumulated_operating_revenue_yoy": -16.196837616513832, 
        "accumulated_operating_revenue": 44414, 
        "long_term_average": 18304, 
        "date": "2014-03-31", 
        "operating_revenue": 15945, 
        "short_term_average": 14804
    }, 
    {
        "accumulated_operating_revenue_yoy": -17.870485678704856, 
        "accumulated_operating_revenue": 59355, 
        "long_term_average": 17944, 
        "date": "2014-04-30", 
        "operating_revenue": 14941, 
        "short_term_average": 13370
    }, 
    {
        "accumulated_operating_revenue_yoy": -19.623834196891192, 
        "accumulated_operating_revenue": 77563, 
        "long_term_average": 17442, 
        "date": "2014-05-31", 
        "operating_revenue": 18208, 
        "short_term_average": 16364
    }, 
    {
        "accumulated_operating_revenue_yoy": -16.664512404243034, 
        "accumulated_operating_revenue": 96710, 
        "long_term_average": 17408, 
        "date": "2014-06-30", 
        "operating_revenue": 19147, 
        "short_term_average": 17432
    }, 
    {
        "accumulated_operating_revenue_yoy": -16.465693690486784, 
        "accumulated_operating_revenue": 112641, 
        "long_term_average": 17170, 
        "date": "2014-07-31", 
        "operating_revenue": 15931, 
        "short_term_average": 17762
    }, 
    {
        "accumulated_operating_revenue_yoy": -14.473667329527231, 
        "accumulated_operating_revenue": 133327, 
        "long_term_average": 17140, 
        "date": "2014-08-31", 
        "operating_revenue": 20686, 
        "short_term_average": 18588
    }, 
    {
        "accumulated_operating_revenue_yoy": -12.12819378450896, 
        "accumulated_operating_revenue": 152940, 
        "long_term_average": 17261, 
        "date": "2014-09-30", 
        "operating_revenue": 19613, 
        "short_term_average": 18743
    }, 
    {
        "accumulated_operating_revenue_yoy": -8.676557310903505, 
        "accumulated_operating_revenue": 176541, 
        "long_term_average": 17622, 
        "date": "2014-10-31", 
        "operating_revenue": 23601, 
        "short_term_average": 21300
    }, 
    {
        "accumulated_operating_revenue_yoy": -3.736279782910268, 
        "accumulated_operating_revenue": 197769, 
        "long_term_average": 18380, 
        "date": "2014-11-30", 
        "operating_revenue": 21228, 
        "short_term_average": 21480
    }, 
    {
        "accumulated_operating_revenue_yoy": -3.3499384427999983, 
        "accumulated_operating_revenue": 220597, 
        "long_term_average": 18383, 
        "date": "2014-12-31", 
        "operating_revenue": 22828, 
        "short_term_average": 22552
    }, 
    {
        "accumulated_operating_revenue_yoy": -10.14809041309431, 
        "accumulated_operating_revenue": 17292, 
        "long_term_average": 18220, 
        "date": "2015-01-31", 
        "operating_revenue": 17292, 
        "short_term_average": 20449
    }, 
    {
        "accumulated_operating_revenue_yoy": 4.9492430362850826, 
        "accumulated_operating_revenue": 29878, 
        "long_term_average": 18500, 
        "date": "2015-02-28", 
        "operating_revenue": 12586, 
        "short_term_average": 17568
    }, 
    {
        "accumulated_operating_revenue_yoy": 8.994911514387354, 
        "accumulated_operating_revenue": 48409, 
        "long_term_average": 18716, 
        "date": "2015-03-31", 
        "operating_revenue": 18531, 
        "short_term_average": 16136
    }, 
    {
        "accumulated_operating_revenue_yoy": 12.622357004464662, 
        "accumulated_operating_revenue": 66847, 
        "long_term_average": 19007, 
        "date": "2015-04-30", 
        "operating_revenue": 18438, 
        "short_term_average": 16518
    }, 
    {
        "accumulated_operating_revenue_yoy": 12.016038575093795, 
        "accumulated_operating_revenue": 86883, 
        "long_term_average": 19159, 
        "date": "2015-05-31", 
        "operating_revenue": 20036, 
        "short_term_average": 19001
    }, 
    {
        "accumulated_operating_revenue_yoy": 11.679247233998552, 
        "accumulated_operating_revenue": 108005, 
        "long_term_average": 19324, 
        "date": "2015-06-30", 
        "operating_revenue": 21122, 
        "short_term_average": 19865
    }, 
    {
        "accumulated_operating_revenue_yoy": 9.076623964630997, 
        "accumulated_operating_revenue": 122865, 
        "long_term_average": 19235, 
        "date": "2015-07-31", 
        "operating_revenue": 14860, 
        "short_term_average": 18672
    }, 
    {
        "accumulated_operating_revenue_yoy": 13.215627742317759, 
        "accumulated_operating_revenue": 150947, 
        "long_term_average": 19851, 
        "date": "2015-08-31", 
        "operating_revenue": 28082, 
        "short_term_average": 21354
    }, 
    {
        "accumulated_operating_revenue_yoy": 9.221917091669935, 
        "accumulated_operating_revenue": 167044, 
        "long_term_average": 19558, 
        "date": "2015-09-30", 
        "operating_revenue": 16097, 
        "short_term_average": 19679
    }
]