[
    {
        "date": "2012-01-31", 
        "operating_revenue": 904405, 
        "accumulated_operating_revenue": 904405, 
        "long_term_average": 904405, 
        "short_term_average": 904405
    }, 
    {
        "date": "2012-02-29", 
        "operating_revenue": 923058, 
        "accumulated_operating_revenue": 1827463, 
        "long_term_average": 913731, 
        "short_term_average": 913731
    }, 
    {
        "date": "2012-03-31", 
        "operating_revenue": 1080722, 
        "accumulated_operating_revenue": 2908185, 
        "long_term_average": 969395, 
        "short_term_average": 969395
    }, 
    {
        "date": "2012-04-30", 
        "operating_revenue": 842368, 
        "accumulated_operating_revenue": 3750553, 
        "long_term_average": 937638, 
        "short_term_average": 948716
    }, 
    {
        "date": "2012-05-31", 
        "operating_revenue": 817096, 
        "accumulated_operating_revenue": 4567649, 
        "long_term_average": 913529, 
        "short_term_average": 913395
    }, 
    {
        "date": "2012-06-30", 
        "operating_revenue": 1026801, 
        "accumulated_operating_revenue": 5594450, 
        "long_term_average": 932408, 
        "short_term_average": 895421
    }, 
    {
        "date": "2012-07-31", 
        "operating_revenue": 1368824, 
        "accumulated_operating_revenue": 6963274, 
        "long_term_average": 994753, 
        "short_term_average": 1070907
    }, 
    {
        "date": "2012-08-31", 
        "operating_revenue": 1244109, 
        "accumulated_operating_revenue": 8207383, 
        "long_term_average": 1025922, 
        "short_term_average": 1213244
    }, 
    {
        "date": "2012-09-30", 
        "operating_revenue": 922798, 
        "accumulated_operating_revenue": 9130181, 
        "long_term_average": 1014464, 
        "short_term_average": 1178577
    }, 
    {
        "date": "2012-10-31", 
        "operating_revenue": 1792386, 
        "accumulated_operating_revenue": 10922567, 
        "long_term_average": 1092256, 
        "short_term_average": 1319764
    }, 
    {
        "date": "2012-11-30", 
        "operating_revenue": 1750885, 
        "accumulated_operating_revenue": 12673452, 
        "long_term_average": 1152132, 
        "short_term_average": 1488689
    }, 
    {
        "date": "2012-12-31", 
        "operating_revenue": 892696, 
        "accumulated_operating_revenue": 13566148, 
        "long_term_average": 1130512, 
        "short_term_average": 1478655
    }, 
    {
        "accumulated_operating_revenue_yoy": 55.18136233214103, 
        "accumulated_operating_revenue": 1403468, 
        "long_term_average": 1172100, 
        "date": "2013-01-31", 
        "operating_revenue": 1403468, 
        "short_term_average": 1349016
    }, 
    {
        "accumulated_operating_revenue_yoy": 30.998001053920106, 
        "accumulated_operating_revenue": 2393940, 
        "long_term_average": 1177718, 
        "date": "2013-02-28", 
        "operating_revenue": 990472, 
        "short_term_average": 1095545
    }, 
    {
        "accumulated_operating_revenue_yoy": 26.308058118723533, 
        "accumulated_operating_revenue": 3673272, 
        "long_term_average": 1194269, 
        "date": "2013-03-31", 
        "operating_revenue": 1279332, 
        "short_term_average": 1224424
    }, 
    {
        "accumulated_operating_revenue_yoy": 21.68048285146217, 
        "accumulated_operating_revenue": 4563691, 
        "long_term_average": 1198273, 
        "date": "2013-04-30", 
        "operating_revenue": 890419, 
        "short_term_average": 1053407
    }, 
    {
        "accumulated_operating_revenue_yoy": 34.467359466543954, 
        "accumulated_operating_revenue": 6141997, 
        "long_term_average": 1261708, 
        "date": "2013-05-31", 
        "operating_revenue": 1578306, 
        "short_term_average": 1249352
    }, 
    {
        "accumulated_operating_revenue_yoy": 39.503650939770665, 
        "accumulated_operating_revenue": 7804462, 
        "long_term_average": 1314680, 
        "date": "2013-06-30", 
        "operating_revenue": 1662465, 
        "short_term_average": 1377063
    }, 
    {
        "accumulated_operating_revenue_yoy": 36.38743786328098, 
        "accumulated_operating_revenue": 9497031, 
        "long_term_average": 1341658, 
        "date": "2013-07-31", 
        "operating_revenue": 1692569, 
        "short_term_average": 1644446
    }, 
    {
        "accumulated_operating_revenue_yoy": 34.91955962089256, 
        "accumulated_operating_revenue": 11073365, 
        "long_term_average": 1369344, 
        "date": "2013-08-31", 
        "operating_revenue": 1576334, 
        "short_term_average": 1643789
    }, 
    {
        "accumulated_operating_revenue_yoy": 39.795432313992464, 
        "accumulated_operating_revenue": 12763576, 
        "long_term_average": 1433295, 
        "date": "2013-09-30", 
        "operating_revenue": 1690211, 
        "short_term_average": 1653038
    }, 
    {
        "accumulated_operating_revenue_yoy": 33.94481352231577, 
        "accumulated_operating_revenue": 14630212, 
        "long_term_average": 1439482, 
        "date": "2013-10-31", 
        "operating_revenue": 1866636, 
        "short_term_average": 1711060
    }, 
    {
        "accumulated_operating_revenue_yoy": 31.059027958601966, 
        "accumulated_operating_revenue": 16609703, 
        "long_term_average": 1458533, 
        "date": "2013-11-30", 
        "operating_revenue": 1979491, 
        "short_term_average": 1845446
    }, 
    {
        "accumulated_operating_revenue_yoy": 33.72848357544087, 
        "accumulated_operating_revenue": 18141804, 
        "long_term_average": 1511817, 
        "date": "2013-12-31", 
        "operating_revenue": 1532101, 
        "short_term_average": 1792742
    }, 
    {
        "accumulated_operating_revenue_yoy": 16.58178170075841, 
        "accumulated_operating_revenue": 1636188, 
        "long_term_average": 1531210, 
        "date": "2014-01-31", 
        "operating_revenue": 1636188, 
        "short_term_average": 1715926
    }, 
    {
        "accumulated_operating_revenue_yoy": 23.14974477221651, 
        "accumulated_operating_revenue": 2948131, 
        "long_term_average": 1557999, 
        "date": "2014-02-28", 
        "operating_revenue": 1311943, 
        "short_term_average": 1493410
    }, 
    {
        "accumulated_operating_revenue_yoy": 21.917897721704247, 
        "accumulated_operating_revenue": 4478376, 
        "long_term_average": 1578909, 
        "date": "2014-03-31", 
        "operating_revenue": 1530245, 
        "short_term_average": 1492792
    }, 
    {
        "accumulated_operating_revenue_yoy": 31.96259343588337, 
        "accumulated_operating_revenue": 6022365, 
        "long_term_average": 1633373, 
        "date": "2014-04-30", 
        "operating_revenue": 1543989, 
        "short_term_average": 1462059
    }, 
    {
        "accumulated_operating_revenue_yoy": 20.48944341718174, 
        "accumulated_operating_revenue": 7400458, 
        "long_term_average": 1616688, 
        "date": "2014-05-31", 
        "operating_revenue": 1378093, 
        "short_term_average": 1484109
    }, 
    {
        "accumulated_operating_revenue_yoy": 19.991602239846898, 
        "accumulated_operating_revenue": 9364699, 
        "long_term_average": 1641836, 
        "date": "2014-06-30", 
        "operating_revenue": 1964241, 
        "short_term_average": 1628774
    }, 
    {
        "accumulated_operating_revenue_yoy": 16.88860444911678, 
        "accumulated_operating_revenue": 11100947, 
        "long_term_average": 1645476, 
        "date": "2014-07-31", 
        "operating_revenue": 1736248, 
        "short_term_average": 1692860
    }, 
    {
        "accumulated_operating_revenue_yoy": 20.889187704008673, 
        "accumulated_operating_revenue": 13386501, 
        "long_term_average": 1704578, 
        "date": "2014-08-31", 
        "operating_revenue": 2285554, 
        "short_term_average": 1995347
    }, 
    {
        "accumulated_operating_revenue_yoy": 18.003261781807858, 
        "accumulated_operating_revenue": 15061436, 
        "long_term_average": 1703305, 
        "date": "2014-09-30", 
        "operating_revenue": 1674935, 
        "short_term_average": 1898912
    }, 
    {
        "accumulated_operating_revenue_yoy": 16.175432044320342, 
        "accumulated_operating_revenue": 16996712, 
        "long_term_average": 1709025, 
        "date": "2014-10-31", 
        "operating_revenue": 1935276, 
        "short_term_average": 1965255
    }, 
    {
        "accumulated_operating_revenue_yoy": 14.641797026713842, 
        "accumulated_operating_revenue": 19041662, 
        "long_term_average": 1714480, 
        "date": "2014-11-30", 
        "operating_revenue": 2044950, 
        "short_term_average": 1885053
    }, 
    {
        "accumulated_operating_revenue_yoy": 14.904074589274583, 
        "accumulated_operating_revenue": 20845672, 
        "long_term_average": 1737139, 
        "date": "2014-12-31", 
        "operating_revenue": 1804010, 
        "short_term_average": 1928078
    }, 
    {
        "accumulated_operating_revenue_yoy": 4.874256503531379, 
        "accumulated_operating_revenue": 1715940, 
        "long_term_average": 1743785, 
        "date": "2015-01-31", 
        "operating_revenue": 1715940, 
        "short_term_average": 1854966
    }, 
    {
        "accumulated_operating_revenue_yoy": 13.26189372181901, 
        "accumulated_operating_revenue": 3339109, 
        "long_term_average": 1769720, 
        "date": "2015-02-28", 
        "operating_revenue": 1623169, 
        "short_term_average": 1714373
    }, 
    {
        "accumulated_operating_revenue_yoy": 10.068962498905854, 
        "accumulated_operating_revenue": 4929302, 
        "long_term_average": 1774716, 
        "date": "2015-03-31", 
        "operating_revenue": 1590193, 
        "short_term_average": 1643100
    }, 
    {
        "accumulated_operating_revenue_yoy": 13.689356257882077, 
        "accumulated_operating_revenue": 6846788, 
        "long_term_average": 1805841, 
        "date": "2015-04-30", 
        "operating_revenue": 1917486, 
        "short_term_average": 1710282
    }, 
    {
        "accumulated_operating_revenue_yoy": 23.957206432358646, 
        "accumulated_operating_revenue": 9173401, 
        "long_term_average": 1884884, 
        "date": "2015-05-31", 
        "operating_revenue": 2326613, 
        "short_term_average": 1944764
    }, 
    {
        "accumulated_operating_revenue_yoy": 22.033511167844264, 
        "accumulated_operating_revenue": 11428071, 
        "long_term_average": 1909087, 
        "date": "2015-06-30", 
        "operating_revenue": 2254670, 
        "short_term_average": 2166256
    }, 
    {
        "accumulated_operating_revenue_yoy": 26.145823414885232, 
        "accumulated_operating_revenue": 14003381, 
        "long_term_average": 1979008, 
        "date": "2015-07-31", 
        "operating_revenue": 2575310, 
        "short_term_average": 2385531
    }, 
    {
        "accumulated_operating_revenue_yoy": 22.13807028438574, 
        "accumulated_operating_revenue": 16350014, 
        "long_term_average": 1984098, 
        "date": "2015-08-31", 
        "operating_revenue": 2346633, 
        "short_term_average": 2392204
    }
]