[
    {
        "date": "2011-09-30", 
        "operating_revenue": 1559985, 
        "accumulated_operating_revenue": 1559985, 
        "long_term_average": 1559985, 
        "short_term_average": 1559985
    }, 
    {
        "date": "2011-10-31", 
        "operating_revenue": 2223822, 
        "accumulated_operating_revenue": 3783807, 
        "long_term_average": 1891903, 
        "short_term_average": 1891903
    }, 
    {
        "date": "2011-11-30", 
        "operating_revenue": 1012084, 
        "accumulated_operating_revenue": 4795891, 
        "long_term_average": 1598630, 
        "short_term_average": 1598630
    }, 
    {
        "date": "2011-12-31", 
        "operating_revenue": 921894, 
        "accumulated_operating_revenue": 5717785, 
        "long_term_average": 1429446, 
        "short_term_average": 1385933
    }, 
    {
        "date": "2012-01-31", 
        "operating_revenue": 1508664, 
        "accumulated_operating_revenue": 1508664, 
        "long_term_average": 1445289, 
        "short_term_average": 1147547
    }, 
    {
        "date": "2012-02-29", 
        "operating_revenue": 1065650, 
        "accumulated_operating_revenue": 2574314, 
        "long_term_average": 1382016, 
        "short_term_average": 1165402
    }, 
    {
        "date": "2012-03-31", 
        "operating_revenue": 1359226, 
        "accumulated_operating_revenue": 3933540, 
        "long_term_average": 1378760, 
        "short_term_average": 1311180
    }, 
    {
        "date": "2012-04-30", 
        "operating_revenue": 1511305, 
        "accumulated_operating_revenue": 5444845, 
        "long_term_average": 1395328, 
        "short_term_average": 1312060
    }, 
    {
        "date": "2012-05-31", 
        "operating_revenue": 1008983, 
        "accumulated_operating_revenue": 6453828, 
        "long_term_average": 1352401, 
        "short_term_average": 1293171
    }, 
    {
        "date": "2012-06-30", 
        "operating_revenue": 1021901, 
        "accumulated_operating_revenue": 7475729, 
        "long_term_average": 1319351, 
        "short_term_average": 1180729
    }, 
    {
        "date": "2012-07-31", 
        "operating_revenue": 1358631, 
        "accumulated_operating_revenue": 8834360, 
        "long_term_average": 1322922, 
        "short_term_average": 1129838
    }, 
    {
        "date": "2012-08-31", 
        "operating_revenue": 1159518, 
        "accumulated_operating_revenue": 9993878, 
        "long_term_average": 1309305, 
        "short_term_average": 1180016
    }, 
    {
        "accumulated_operating_revenue_yoy": 674.4591133889107, 
        "accumulated_operating_revenue": 12081446, 
        "long_term_average": 1353270, 
        "date": "2012-09-30", 
        "operating_revenue": 2087568, 
        "short_term_average": 1535239
    }, 
    {
        "accumulated_operating_revenue_yoy": 273.24776342979436, 
        "accumulated_operating_revenue": 14122975, 
        "long_term_average": 1338079, 
        "date": "2012-10-31", 
        "operating_revenue": 2041529, 
        "short_term_average": 1762871
    }, 
    {
        "accumulated_operating_revenue_yoy": 214.27888999145307, 
        "accumulated_operating_revenue": 15072473, 
        "long_term_average": 1332863, 
        "date": "2012-11-30", 
        "operating_revenue": 949498, 
        "short_term_average": 1692865
    }, 
    {
        "accumulated_operating_revenue_yoy": 177.50009837725622, 
        "accumulated_operating_revenue": 15866859, 
        "long_term_average": 1322238, 
        "date": "2012-12-31", 
        "operating_revenue": 794386, 
        "short_term_average": 1261804
    }, 
    {
        "accumulated_operating_revenue_yoy": -0.40221016740639404, 
        "accumulated_operating_revenue": 1502596, 
        "long_term_average": 1321732, 
        "date": "2013-01-31", 
        "operating_revenue": 1502596, 
        "short_term_average": 1082160
    }, 
    {
        "accumulated_operating_revenue_yoy": 11.463092691878304, 
        "accumulated_operating_revenue": 2869410, 
        "long_term_average": 1346829, 
        "date": "2013-02-28", 
        "operating_revenue": 1366814, 
        "short_term_average": 1221265
    }, 
    {
        "accumulated_operating_revenue_yoy": 9.255784865540964, 
        "accumulated_operating_revenue": 4297620, 
        "long_term_average": 1352578, 
        "date": "2013-03-31", 
        "operating_revenue": 1428210, 
        "short_term_average": 1432540
    }, 
    {
        "accumulated_operating_revenue_yoy": 3.8089422196591456, 
        "accumulated_operating_revenue": 5652236, 
        "long_term_average": 1339520, 
        "date": "2013-04-30", 
        "operating_revenue": 1354616, 
        "short_term_average": 1383213
    }, 
    {
        "accumulated_operating_revenue_yoy": 7.307182651908294, 
        "accumulated_operating_revenue": 6925421, 
        "long_term_average": 1361537, 
        "date": "2013-05-31", 
        "operating_revenue": 1273185, 
        "short_term_average": 1352003
    }, 
    {
        "accumulated_operating_revenue_yoy": 12.636212468375993, 
        "accumulated_operating_revenue": 8420378, 
        "long_term_average": 1400959, 
        "date": "2013-06-30", 
        "operating_revenue": 1494957, 
        "short_term_average": 1374252
    }, 
    {
        "accumulated_operating_revenue_yoy": 12.075373881073444, 
        "accumulated_operating_revenue": 9901142, 
        "long_term_average": 1411136, 
        "date": "2013-07-31", 
        "operating_revenue": 1480764, 
        "short_term_average": 1416302
    }, 
    {
        "accumulated_operating_revenue_yoy": 14.739593579189181, 
        "accumulated_operating_revenue": 11466935, 
        "long_term_average": 1444993, 
        "date": "2013-08-31", 
        "operating_revenue": 1565793, 
        "short_term_average": 1513838
    }, 
    {
        "accumulated_operating_revenue_yoy": 12.46697622122385, 
        "accumulated_operating_revenue": 13587637, 
        "long_term_average": 1447754, 
        "date": "2013-09-30", 
        "operating_revenue": 2120702, 
        "short_term_average": 1722419
    }, 
    {
        "accumulated_operating_revenue_yoy": 9.732701502339273, 
        "accumulated_operating_revenue": 15497522, 
        "long_term_average": 1436783, 
        "date": "2013-10-31", 
        "operating_revenue": 1909885, 
        "short_term_average": 1865460
    }, 
    {
        "accumulated_operating_revenue_yoy": 10.300307056446544, 
        "accumulated_operating_revenue": 16624984, 
        "long_term_average": 1451614, 
        "date": "2013-11-30", 
        "operating_revenue": 1127462, 
        "short_term_average": 1719349
    }, 
    {
        "accumulated_operating_revenue_yoy": 12.882682073370667, 
        "accumulated_operating_revenue": 17910936, 
        "long_term_average": 1492578, 
        "date": "2013-12-31", 
        "operating_revenue": 1285952, 
        "short_term_average": 1441099
    }, 
    {
        "accumulated_operating_revenue_yoy": 14.48666175073007, 
        "accumulated_operating_revenue": 1720272, 
        "long_term_average": 1510717, 
        "date": "2014-01-31", 
        "operating_revenue": 1720272, 
        "short_term_average": 1377895
    }, 
    {
        "accumulated_operating_revenue_yoy": 23.946421041259352, 
        "accumulated_operating_revenue": 3556531, 
        "long_term_average": 1549838, 
        "date": "2014-02-28", 
        "operating_revenue": 1836259, 
        "short_term_average": 1614161
    }, 
    {
        "accumulated_operating_revenue_yoy": 21.30390774428637, 
        "accumulated_operating_revenue": 5213181, 
        "long_term_average": 1568874, 
        "date": "2014-03-31", 
        "operating_revenue": 1656650, 
        "short_term_average": 1737727
    }, 
    {
        "accumulated_operating_revenue_yoy": 17.836923299027145, 
        "accumulated_operating_revenue": 6660421, 
        "long_term_average": 1576593, 
        "date": "2014-04-30", 
        "operating_revenue": 1447240, 
        "short_term_average": 1646716
    }, 
    {
        "accumulated_operating_revenue_yoy": 16.61608731079309, 
        "accumulated_operating_revenue": 8076155, 
        "long_term_average": 1588472, 
        "date": "2014-05-31", 
        "operating_revenue": 1415734, 
        "short_term_average": 1506541
    }, 
    {
        "accumulated_operating_revenue_yoy": 13.626324138892576, 
        "accumulated_operating_revenue": 9567766, 
        "long_term_average": 1588193, 
        "date": "2014-06-30", 
        "operating_revenue": 1491611, 
        "short_term_average": 1451528
    }, 
    {
        "accumulated_operating_revenue_yoy": 13.308939514249973, 
        "accumulated_operating_revenue": 11218879, 
        "long_term_average": 1602389, 
        "date": "2014-07-31", 
        "operating_revenue": 1651113, 
        "short_term_average": 1519486
    }, 
    {
        "accumulated_operating_revenue_yoy": 15.591603161612062, 
        "accumulated_operating_revenue": 13254814, 
        "long_term_average": 1641567, 
        "date": "2014-08-31", 
        "operating_revenue": 2035935, 
        "short_term_average": 1726219
    }, 
    {
        "accumulated_operating_revenue_yoy": 14.220449074404918, 
        "accumulated_operating_revenue": 15519860, 
        "long_term_average": 1653596, 
        "date": "2014-09-30", 
        "operating_revenue": 2265046, 
        "short_term_average": 1984031
    }, 
    {
        "accumulated_operating_revenue_yoy": 15.97569598546142, 
        "accumulated_operating_revenue": 17973359, 
        "long_term_average": 1698897, 
        "date": "2014-10-31", 
        "operating_revenue": 2453499, 
        "short_term_average": 2251493
    }, 
    {
        "accumulated_operating_revenue_yoy": 15.87442129267613, 
        "accumulated_operating_revenue": 19264104, 
        "long_term_average": 1712504, 
        "date": "2014-11-30", 
        "operating_revenue": 1290745, 
        "short_term_average": 2003096
    }, 
    {
        "accumulated_operating_revenue_yoy": 16.62594294346203, 
        "accumulated_operating_revenue": 20888798, 
        "long_term_average": 1740733, 
        "date": "2014-12-31", 
        "operating_revenue": 1624694, 
        "short_term_average": 1789646
    }, 
    {
        "accumulated_operating_revenue_yoy": 14.955890696354995, 
        "accumulated_operating_revenue": 1977554, 
        "long_term_average": 1762173, 
        "date": "2015-01-31", 
        "operating_revenue": 1977554, 
        "short_term_average": 1630997
    }, 
    {
        "accumulated_operating_revenue_yoy": 0.2527462856362, 
        "accumulated_operating_revenue": 3565520, 
        "long_term_average": 1741482, 
        "date": "2015-02-28", 
        "operating_revenue": 1587966, 
        "short_term_average": 1730071
    }, 
    {
        "accumulated_operating_revenue_yoy": 10.911706307530853, 
        "accumulated_operating_revenue": 5782028, 
        "long_term_average": 1788137, 
        "date": "2015-03-31", 
        "operating_revenue": 2216508, 
        "short_term_average": 1927342
    }, 
    {
        "accumulated_operating_revenue_yoy": 12.122476942523603, 
        "accumulated_operating_revenue": 7467829, 
        "long_term_average": 1808017, 
        "date": "2015-04-30", 
        "operating_revenue": 1685801, 
        "short_term_average": 1830091
    }, 
    {
        "accumulated_operating_revenue_yoy": 10.38158628703882, 
        "accumulated_operating_revenue": 8914588, 
        "long_term_average": 1810602, 
        "date": "2015-05-31", 
        "operating_revenue": 1446759, 
        "short_term_average": 1783022
    }, 
    {
        "accumulated_operating_revenue_yoy": 12.432682822719537, 
        "accumulated_operating_revenue": 10757296, 
        "long_term_average": 1839860, 
        "date": "2015-06-30", 
        "operating_revenue": 1842708, 
        "short_term_average": 1658422
    }, 
    {
        "accumulated_operating_revenue_yoy": 14.605755173934936, 
        "accumulated_operating_revenue": 12857481, 
        "long_term_average": 1877283, 
        "date": "2015-07-31", 
        "operating_revenue": 2100185, 
        "short_term_average": 1796550
    }, 
    {
        "accumulated_operating_revenue_yoy": 14.024051940676044, 
        "accumulated_operating_revenue": 15113676, 
        "long_term_average": 1895638, 
        "date": "2015-08-31", 
        "operating_revenue": 2256195, 
        "short_term_average": 2066362
    }, 
    {
        "accumulated_operating_revenue_yoy": 14.331553248547346, 
        "accumulated_operating_revenue": 17744097, 
        "long_term_average": 1926086, 
        "date": "2015-09-30", 
        "operating_revenue": 2630421, 
        "short_term_average": 2328933
    }, 
    {
        "accumulated_operating_revenue_yoy": 12.047169368841962, 
        "accumulated_operating_revenue": 20138640, 
        "long_term_average": 1921173, 
        "date": "2015-10-31", 
        "operating_revenue": 2394543, 
        "short_term_average": 2427053
    }
]