[
    {
        "date": "2012-01-31", 
        "operating_revenue": 1580778, 
        "accumulated_operating_revenue": 1580778, 
        "long_term_average": 1580778, 
        "short_term_average": 1580778
    }, 
    {
        "date": "2012-02-29", 
        "operating_revenue": 1631371, 
        "accumulated_operating_revenue": 3212149, 
        "long_term_average": 1606074, 
        "short_term_average": 1606074
    }, 
    {
        "date": "2012-03-31", 
        "operating_revenue": 1648600, 
        "accumulated_operating_revenue": 4860749, 
        "long_term_average": 1620249, 
        "short_term_average": 1620249
    }, 
    {
        "date": "2012-04-30", 
        "operating_revenue": 1642484, 
        "accumulated_operating_revenue": 6503233, 
        "long_term_average": 1625808, 
        "short_term_average": 1640818
    }, 
    {
        "date": "2012-05-31", 
        "operating_revenue": 1710275, 
        "accumulated_operating_revenue": 8213508, 
        "long_term_average": 1642701, 
        "short_term_average": 1667119
    }, 
    {
        "date": "2012-06-30", 
        "operating_revenue": 1923394, 
        "accumulated_operating_revenue": 10136902, 
        "long_term_average": 1689483, 
        "short_term_average": 1758717
    }, 
    {
        "date": "2012-07-31", 
        "operating_revenue": 1955222, 
        "accumulated_operating_revenue": 12092124, 
        "long_term_average": 1727446, 
        "short_term_average": 1862963
    }, 
    {
        "date": "2012-08-31", 
        "operating_revenue": 1566797, 
        "accumulated_operating_revenue": 13658921, 
        "long_term_average": 1707365, 
        "short_term_average": 1815137
    }, 
    {
        "date": "2012-09-30", 
        "operating_revenue": 1470572, 
        "accumulated_operating_revenue": 15129493, 
        "long_term_average": 1681054, 
        "short_term_average": 1664197
    }, 
    {
        "date": "2012-10-31", 
        "operating_revenue": 1634667, 
        "accumulated_operating_revenue": 16764160, 
        "long_term_average": 1676416, 
        "short_term_average": 1557345
    }, 
    {
        "date": "2012-11-30", 
        "operating_revenue": 1542037, 
        "accumulated_operating_revenue": 18306197, 
        "long_term_average": 1664199, 
        "short_term_average": 1549092
    }, 
    {
        "date": "2012-12-31", 
        "operating_revenue": 1538798, 
        "accumulated_operating_revenue": 19844995, 
        "long_term_average": 1653749, 
        "short_term_average": 1571834
    }, 
    {
        "accumulated_operating_revenue_yoy": 5.245265306070808, 
        "accumulated_operating_revenue": 1663694, 
        "long_term_average": 1660659, 
        "date": "2013-01-31", 
        "operating_revenue": 1663694, 
        "short_term_average": 1581509
    }, 
    {
        "accumulated_operating_revenue_yoy": -14.23302592750212, 
        "accumulated_operating_revenue": 2754963, 
        "long_term_average": 1615650, 
        "date": "2013-02-28", 
        "operating_revenue": 1091269, 
        "short_term_average": 1431253
    }, 
    {
        "accumulated_operating_revenue_yoy": -12.171087213102343, 
        "accumulated_operating_revenue": 4269143, 
        "long_term_average": 1604449, 
        "date": "2013-03-31", 
        "operating_revenue": 1514180, 
        "short_term_average": 1423047
    }, 
    {
        "accumulated_operating_revenue_yoy": -12.543760926296196, 
        "accumulated_operating_revenue": 5687483, 
        "long_term_average": 1585770, 
        "date": "2013-04-30", 
        "operating_revenue": 1418340, 
        "short_term_average": 1341263
    }, 
    {
        "accumulated_operating_revenue_yoy": -12.606318761727634, 
        "accumulated_operating_revenue": 7178087, 
        "long_term_average": 1567464, 
        "date": "2013-05-31", 
        "operating_revenue": 1490604, 
        "short_term_average": 1474374
    }, 
    {
        "accumulated_operating_revenue_yoy": -12.739079454452654, 
        "accumulated_operating_revenue": 8845554, 
        "long_term_average": 1546137, 
        "date": "2013-06-30", 
        "operating_revenue": 1667467, 
        "short_term_average": 1525470
    }, 
    {
        "accumulated_operating_revenue_yoy": -11.805841554386971, 
        "accumulated_operating_revenue": 10664547, 
        "long_term_average": 1534784, 
        "date": "2013-07-31", 
        "operating_revenue": 1818993, 
        "short_term_average": 1659021
    }, 
    {
        "accumulated_operating_revenue_yoy": -7.910295403275266, 
        "accumulated_operating_revenue": 12578460, 
        "long_term_average": 1563711, 
        "date": "2013-08-31", 
        "operating_revenue": 1913913, 
        "short_term_average": 1800124
    }, 
    {
        "accumulated_operating_revenue_yoy": -6.02786226874886, 
        "accumulated_operating_revenue": 14217508, 
        "long_term_average": 1577750, 
        "date": "2013-09-30", 
        "operating_revenue": 1639048, 
        "short_term_average": 1790651
    }, 
    {
        "accumulated_operating_revenue_yoy": -5.375598896693899, 
        "accumulated_operating_revenue": 15862986, 
        "long_term_average": 1578651, 
        "date": "2013-10-31", 
        "operating_revenue": 1645478, 
        "short_term_average": 1732813
    }, 
    {
        "accumulated_operating_revenue_yoy": -4.153555214116837, 
        "accumulated_operating_revenue": 17545839, 
        "long_term_average": 1590386, 
        "date": "2013-11-30", 
        "operating_revenue": 1682853, 
        "short_term_average": 1655793
    }, 
    {
        "accumulated_operating_revenue_yoy": -1.023673727305046, 
        "accumulated_operating_revenue": 19641847, 
        "long_term_average": 1636820, 
        "date": "2013-12-31", 
        "operating_revenue": 2096008, 
        "short_term_average": 1808113
    }, 
    {
        "accumulated_operating_revenue_yoy": -3.149377229226048, 
        "accumulated_operating_revenue": 1611298, 
        "long_term_average": 1632454, 
        "date": "2014-01-31", 
        "operating_revenue": 1611298, 
        "short_term_average": 1796719
    }, 
    {
        "accumulated_operating_revenue_yoy": 7.241440266166914, 
        "accumulated_operating_revenue": 2954462, 
        "long_term_average": 1653445, 
        "date": "2014-02-28", 
        "operating_revenue": 1343164, 
        "short_term_average": 1683490
    }, 
    {
        "accumulated_operating_revenue_yoy": 6.273249689691819, 
        "accumulated_operating_revenue": 4536957, 
        "long_term_average": 1659138, 
        "date": "2014-03-31", 
        "operating_revenue": 1582495, 
        "short_term_average": 1512319
    }, 
    {
        "accumulated_operating_revenue_yoy": 10.5327611528685, 
        "accumulated_operating_revenue": 6286532, 
        "long_term_average": 1686741, 
        "date": "2014-04-30", 
        "operating_revenue": 1749575, 
        "short_term_average": 1558411
    }, 
    {
        "accumulated_operating_revenue_yoy": 11.912505379218725, 
        "accumulated_operating_revenue": 8033177, 
        "long_term_average": 1708078, 
        "date": "2014-05-31", 
        "operating_revenue": 1746645, 
        "short_term_average": 1692905
    }, 
    {
        "accumulated_operating_revenue_yoy": 9.274116691843156, 
        "accumulated_operating_revenue": 9665901, 
        "long_term_average": 1705182, 
        "date": "2014-06-30", 
        "operating_revenue": 1632724, 
        "short_term_average": 1709648
    }, 
    {
        "accumulated_operating_revenue_yoy": 5.188649832008804, 
        "accumulated_operating_revenue": 11217893, 
        "long_term_average": 1682932, 
        "date": "2014-07-31", 
        "operating_revenue": 1551992, 
        "short_term_average": 1643787
    }, 
    {
        "accumulated_operating_revenue_yoy": 1.9334799331555692, 
        "accumulated_operating_revenue": 12821662, 
        "long_term_average": 1657087, 
        "date": "2014-08-31", 
        "operating_revenue": 1603769, 
        "short_term_average": 1596161
    }, 
    {
        "accumulated_operating_revenue_yoy": 2.2159931262215573, 
        "accumulated_operating_revenue": 14532567, 
        "long_term_average": 1663075, 
        "date": "2014-09-30", 
        "operating_revenue": 1710905, 
        "short_term_average": 1622222
    }, 
    {
        "accumulated_operating_revenue_yoy": 2.317609055445173, 
        "accumulated_operating_revenue": 16230628, 
        "long_term_average": 1667457, 
        "date": "2014-10-31", 
        "operating_revenue": 1698061, 
        "short_term_average": 1670911
    }, 
    {
        "accumulated_operating_revenue_yoy": 2.146064374579067, 
        "accumulated_operating_revenue": 17922384, 
        "long_term_average": 1668199, 
        "date": "2014-11-30", 
        "operating_revenue": 1691756, 
        "short_term_average": 1700240
    }, 
    {
        "accumulated_operating_revenue_yoy": 0.8274680074638602, 
        "accumulated_operating_revenue": 19804377, 
        "long_term_average": 1650364, 
        "date": "2014-12-31", 
        "operating_revenue": 1881993, 
        "short_term_average": 1757270
    }, 
    {
        "accumulated_operating_revenue_yoy": 18.52736117093176, 
        "accumulated_operating_revenue": 1909829, 
        "long_term_average": 1675242, 
        "date": "2015-01-31", 
        "operating_revenue": 1909829, 
        "short_term_average": 1827859
    }, 
    {
        "accumulated_operating_revenue_yoy": 5.131729567007462, 
        "accumulated_operating_revenue": 3106077, 
        "long_term_average": 1662999, 
        "date": "2015-02-28", 
        "operating_revenue": 1196248, 
        "short_term_average": 1662690
    }, 
    {
        "accumulated_operating_revenue_yoy": 4.915320995989162, 
        "accumulated_operating_revenue": 4759963, 
        "long_term_average": 1668948, 
        "date": "2015-03-31", 
        "operating_revenue": 1653886, 
        "short_term_average": 1586654
    }, 
    {
        "accumulated_operating_revenue_yoy": 0.9269180527515011, 
        "accumulated_operating_revenue": 6344803, 
        "long_term_average": 1655220, 
        "date": "2015-04-30", 
        "operating_revenue": 1584840, 
        "short_term_average": 1478324
    }, 
    {
        "accumulated_operating_revenue_yoy": 0.6811626334139034, 
        "accumulated_operating_revenue": 8087896, 
        "long_term_average": 1654924, 
        "date": "2015-05-31", 
        "operating_revenue": 1743093, 
        "short_term_average": 1660606
    }, 
    {
        "accumulated_operating_revenue_yoy": 0.5406738595812227, 
        "accumulated_operating_revenue": 9718162, 
        "long_term_average": 1654719, 
        "date": "2015-06-30", 
        "operating_revenue": 1630266, 
        "short_term_average": 1652733
    }, 
    {
        "accumulated_operating_revenue_yoy": 1.3543095838050871, 
        "accumulated_operating_revenue": 11369818, 
        "long_term_average": 1663025, 
        "date": "2015-07-31", 
        "operating_revenue": 1651656, 
        "short_term_average": 1675005
    }, 
    {
        "accumulated_operating_revenue_yoy": 1.907974176826686, 
        "accumulated_operating_revenue": 13066296, 
        "long_term_average": 1670750, 
        "date": "2015-08-31", 
        "operating_revenue": 1696478, 
        "short_term_average": 1659466
    }, 
    {
        "accumulated_operating_revenue_yoy": 1.6495846879632483, 
        "accumulated_operating_revenue": 14772294, 
        "long_term_average": 1670342, 
        "date": "2015-09-30", 
        "operating_revenue": 1705998, 
        "short_term_average": 1684710
    }
]