[
    {
        "date": "2011-09-30", 
        "operating_revenue": 3697886, 
        "accumulated_operating_revenue": 3697886, 
        "long_term_average": 3697886, 
        "short_term_average": 3697886
    }, 
    {
        "date": "2011-10-31", 
        "operating_revenue": 3918626, 
        "accumulated_operating_revenue": 7616512, 
        "long_term_average": 3808256, 
        "short_term_average": 3808256
    }, 
    {
        "date": "2011-11-30", 
        "operating_revenue": 3670250, 
        "accumulated_operating_revenue": 11286762, 
        "long_term_average": 3762254, 
        "short_term_average": 3762254
    }, 
    {
        "date": "2011-12-31", 
        "operating_revenue": 4240210, 
        "accumulated_operating_revenue": 15526972, 
        "long_term_average": 3881743, 
        "short_term_average": 3943028
    }, 
    {
        "date": "2012-01-31", 
        "operating_revenue": 3594487, 
        "accumulated_operating_revenue": 3594487, 
        "long_term_average": 3824291, 
        "short_term_average": 3834982
    }, 
    {
        "date": "2012-02-29", 
        "operating_revenue": 3689126, 
        "accumulated_operating_revenue": 7283613, 
        "long_term_average": 3801764, 
        "short_term_average": 3841274
    }, 
    {
        "date": "2012-03-31", 
        "operating_revenue": 4254683, 
        "accumulated_operating_revenue": 11538296, 
        "long_term_average": 3866466, 
        "short_term_average": 3846098
    }, 
    {
        "date": "2012-04-30", 
        "operating_revenue": 3701983, 
        "accumulated_operating_revenue": 15240279, 
        "long_term_average": 3845906, 
        "short_term_average": 3881930
    }, 
    {
        "date": "2012-05-31", 
        "operating_revenue": 4263235, 
        "accumulated_operating_revenue": 19503514, 
        "long_term_average": 3892276, 
        "short_term_average": 4073300
    }, 
    {
        "date": "2012-06-30", 
        "operating_revenue": 4006641, 
        "accumulated_operating_revenue": 23510155, 
        "long_term_average": 3903712, 
        "short_term_average": 3990619
    }, 
    {
        "date": "2012-07-31", 
        "operating_revenue": 4202179, 
        "accumulated_operating_revenue": 27712334, 
        "long_term_average": 3930846, 
        "short_term_average": 4157351
    }, 
    {
        "date": "2012-08-31", 
        "operating_revenue": 3985817, 
        "accumulated_operating_revenue": 31698151, 
        "long_term_average": 3935426, 
        "short_term_average": 4064879
    }, 
    {
        "accumulated_operating_revenue_yoy": 866.6584096967835, 
        "accumulated_operating_revenue": 35745926, 
        "long_term_average": 3964584, 
        "date": "2012-09-30", 
        "operating_revenue": 4047775, 
        "short_term_average": 4078590
    }, 
    {
        "accumulated_operating_revenue_yoy": 416.9654298450524, 
        "accumulated_operating_revenue": 39374734, 
        "long_term_average": 3940432, 
        "date": "2012-10-31", 
        "operating_revenue": 3628808, 
        "short_term_average": 3887466
    }, 
    {
        "accumulated_operating_revenue_yoy": 285.7883155505538, 
        "accumulated_operating_revenue": 43543009, 
        "long_term_average": 3981934, 
        "date": "2012-11-30", 
        "operating_revenue": 4168275, 
        "short_term_average": 3948286
    }, 
    {
        "accumulated_operating_revenue_yoy": 209.2249667224234, 
        "accumulated_operating_revenue": 48013274, 
        "long_term_average": 4001106, 
        "date": "2012-12-31", 
        "operating_revenue": 4470265, 
        "short_term_average": 4089116
    }, 
    {
        "accumulated_operating_revenue_yoy": 33.227523148644025, 
        "accumulated_operating_revenue": 4788846, 
        "long_term_average": 4100636, 
        "date": "2013-01-31", 
        "operating_revenue": 4788846, 
        "short_term_average": 4475795
    }, 
    {
        "accumulated_operating_revenue_yoy": 19.94551330500399, 
        "accumulated_operating_revenue": 8736367, 
        "long_term_average": 4122169, 
        "date": "2013-02-28", 
        "operating_revenue": 3947521, 
        "short_term_average": 4402210
    }, 
    {
        "accumulated_operating_revenue_yoy": 14.621266433102425, 
        "accumulated_operating_revenue": 13225341, 
        "long_term_average": 4141693, 
        "date": "2013-03-31", 
        "operating_revenue": 4488974, 
        "short_term_average": 4408447
    }, 
    {
        "accumulated_operating_revenue_yoy": 18.074098249776135, 
        "accumulated_operating_revenue": 17994822, 
        "long_term_average": 4230651, 
        "date": "2013-04-30", 
        "operating_revenue": 4769481, 
        "short_term_average": 4401992
    }, 
    {
        "accumulated_operating_revenue_yoy": 17.481418989419033, 
        "accumulated_operating_revenue": 22913005, 
        "long_term_average": 4285230, 
        "date": "2013-05-31", 
        "operating_revenue": 4918183, 
        "short_term_average": 4725546
    }, 
    {
        "accumulated_operating_revenue_yoy": 19.73003580793066, 
        "accumulated_operating_revenue": 28148717, 
        "long_term_average": 4387653, 
        "date": "2013-06-30", 
        "operating_revenue": 5235712, 
        "short_term_average": 4974458
    }, 
    {
        "accumulated_operating_revenue_yoy": 19.67295500985229, 
        "accumulated_operating_revenue": 33164169, 
        "long_term_average": 4455425, 
        "date": "2013-07-31", 
        "operating_revenue": 5015452, 
        "short_term_average": 5056449
    }, 
    {
        "accumulated_operating_revenue_yoy": 20.46679000298787, 
        "accumulated_operating_revenue": 38185745, 
        "long_term_average": 4541739, 
        "date": "2013-08-31", 
        "operating_revenue": 5021576, 
        "short_term_average": 5090913
    }, 
    {
        "accumulated_operating_revenue_yoy": 19.092883479924396, 
        "accumulated_operating_revenue": 42570854, 
        "long_term_average": 4569850, 
        "date": "2013-09-30", 
        "operating_revenue": 4385109, 
        "short_term_average": 4807379
    }, 
    {
        "accumulated_operating_revenue_yoy": 19.682685348426734, 
        "accumulated_operating_revenue": 47124739, 
        "long_term_average": 4646939, 
        "date": "2013-10-31", 
        "operating_revenue": 4553885, 
        "short_term_average": 4653523
    }, 
    {
        "accumulated_operating_revenue_yoy": 18.55217217533129, 
        "accumulated_operating_revenue": 51621183, 
        "long_term_average": 4674287, 
        "date": "2013-11-30", 
        "operating_revenue": 4496444, 
        "short_term_average": 4478479
    }, 
    {
        "accumulated_operating_revenue_yoy": 17.95971047506571, 
        "accumulated_operating_revenue": 56636319, 
        "long_term_average": 4719693, 
        "date": "2013-12-31", 
        "operating_revenue": 5015136, 
        "short_term_average": 4688488
    }, 
    {
        "accumulated_operating_revenue_yoy": -6.934092263564123, 
        "accumulated_operating_revenue": 4456783, 
        "long_term_average": 4692021, 
        "date": "2014-01-31", 
        "operating_revenue": 4456783, 
        "short_term_average": 4656121
    }, 
    {
        "accumulated_operating_revenue_yoy": -1.4841981798612627, 
        "accumulated_operating_revenue": 8606702, 
        "long_term_average": 4708887, 
        "date": "2014-02-28", 
        "operating_revenue": 4149919, 
        "short_term_average": 4540612
    }, 
    {
        "accumulated_operating_revenue_yoy": 3.1755400484569734, 
        "accumulated_operating_revenue": 13645317, 
        "long_term_average": 4754691, 
        "date": "2014-03-31", 
        "operating_revenue": 5038615, 
        "short_term_average": 4548439
    }, 
    {
        "accumulated_operating_revenue_yoy": 0.9470502125555896, 
        "accumulated_operating_revenue": 18165242, 
        "long_term_average": 4733894, 
        "date": "2014-04-30", 
        "operating_revenue": 4519925, 
        "short_term_average": 4569486
    }, 
    {
        "accumulated_operating_revenue_yoy": -1.8149343571478294, 
        "accumulated_operating_revenue": 22497149, 
        "long_term_average": 4685038, 
        "date": "2014-05-31", 
        "operating_revenue": 4331907, 
        "short_term_average": 4630149
    }, 
    {
        "accumulated_operating_revenue_yoy": -1.4043624084181172, 
        "accumulated_operating_revenue": 27753407, 
        "long_term_average": 4686750, 
        "date": "2014-06-30", 
        "operating_revenue": 5256258, 
        "short_term_average": 4702696
    }, 
    {
        "accumulated_operating_revenue_yoy": -1.774442169800787, 
        "accumulated_operating_revenue": 32575690, 
        "long_term_average": 4670653, 
        "date": "2014-07-31", 
        "operating_revenue": 4822283, 
        "short_term_average": 4803482
    }, 
    {
        "accumulated_operating_revenue_yoy": -3.5494292438186035, 
        "accumulated_operating_revenue": 36830369, 
        "long_term_average": 4606745, 
        "date": "2014-08-31", 
        "operating_revenue": 4254679, 
        "short_term_average": 4777740
    }, 
    {
        "accumulated_operating_revenue_yoy": -2.9765223878290064, 
        "accumulated_operating_revenue": 41303723, 
        "long_term_average": 4614099, 
        "date": "2014-09-30", 
        "operating_revenue": 4473354, 
        "short_term_average": 4516772
    }, 
    {
        "accumulated_operating_revenue_yoy": -3.3320587727817443, 
        "accumulated_operating_revenue": 45554515, 
        "long_term_average": 4588841, 
        "date": "2014-10-31", 
        "operating_revenue": 4250792, 
        "short_term_average": 4326275
    }, 
    {
        "accumulated_operating_revenue_yoy": -3.849088464322873, 
        "accumulated_operating_revenue": 49634238, 
        "long_term_average": 4554114, 
        "date": "2014-11-30", 
        "operating_revenue": 4079723, 
        "short_term_average": 4267956
    }, 
    {
        "accumulated_operating_revenue_yoy": -4.409135417151669, 
        "accumulated_operating_revenue": 54139147, 
        "long_term_average": 4511595, 
        "date": "2014-12-31", 
        "operating_revenue": 4504909, 
        "short_term_average": 4278474
    }, 
    {
        "accumulated_operating_revenue_yoy": -12.504221094004354, 
        "accumulated_operating_revenue": 3899497, 
        "long_term_average": 4465155, 
        "date": "2015-01-31", 
        "operating_revenue": 3899497, 
        "short_term_average": 4161376
    }, 
    {
        "accumulated_operating_revenue_yoy": -14.071057647865581, 
        "accumulated_operating_revenue": 7395648, 
        "long_term_average": 4410674, 
        "date": "2015-02-28", 
        "operating_revenue": 3496151, 
        "short_term_average": 3966852
    }, 
    {
        "accumulated_operating_revenue_yoy": -13.862433536721793, 
        "accumulated_operating_revenue": 11753744, 
        "long_term_average": 4353964, 
        "date": "2015-03-31", 
        "operating_revenue": 4358096, 
        "short_term_average": 3917914
    }, 
    {
        "accumulated_operating_revenue_yoy": -13.803757747901185, 
        "accumulated_operating_revenue": 15657756, 
        "long_term_average": 4302638, 
        "date": "2015-04-30", 
        "operating_revenue": 3904012, 
        "short_term_average": 3919419
    }, 
    {
        "accumulated_operating_revenue_yoy": -13.16763292984369, 
        "accumulated_operating_revenue": 19534807, 
        "long_term_average": 4264733, 
        "date": "2015-05-31", 
        "operating_revenue": 3877051, 
        "short_term_average": 4046386
    }, 
    {
        "accumulated_operating_revenue_yoy": -13.909268869223876, 
        "accumulated_operating_revenue": 23893111, 
        "long_term_average": 4189904, 
        "date": "2015-06-30", 
        "operating_revenue": 4358304, 
        "short_term_average": 4046455
    }, 
    {
        "accumulated_operating_revenue_yoy": -13.703009821127349, 
        "accumulated_operating_revenue": 28111840, 
        "long_term_average": 4139608, 
        "date": "2015-07-31", 
        "operating_revenue": 4218729, 
        "short_term_average": 4151361
    }, 
    {
        "accumulated_operating_revenue_yoy": -12.814498274508193, 
        "accumulated_operating_revenue": 32110742, 
        "long_term_average": 4118293, 
        "date": "2015-08-31", 
        "operating_revenue": 3998902, 
        "short_term_average": 4191978
    }, 
    {
        "accumulated_operating_revenue_yoy": -12.314115122261498, 
        "accumulated_operating_revenue": 36217535, 
        "long_term_average": 4087746, 
        "date": "2015-09-30", 
        "operating_revenue": 4106793, 
        "short_term_average": 4108141
    }
]