[
    {
        "date": "2011-09-30", 
        "operating_revenue": 1693894, 
        "accumulated_operating_revenue": 1693894, 
        "long_term_average": 1693894, 
        "short_term_average": 1693894
    }, 
    {
        "date": "2011-10-31", 
        "operating_revenue": 1293939, 
        "accumulated_operating_revenue": 2987833, 
        "long_term_average": 1493916, 
        "short_term_average": 1493916
    }, 
    {
        "date": "2011-11-30", 
        "operating_revenue": 1451316, 
        "accumulated_operating_revenue": 4439149, 
        "long_term_average": 1479716, 
        "short_term_average": 1479716
    }, 
    {
        "date": "2011-12-31", 
        "operating_revenue": 1198474, 
        "accumulated_operating_revenue": 5637623, 
        "long_term_average": 1409405, 
        "short_term_average": 1314576
    }, 
    {
        "date": "2012-01-31", 
        "operating_revenue": 1090101, 
        "accumulated_operating_revenue": 1090101, 
        "long_term_average": 1345544, 
        "short_term_average": 1246630
    }, 
    {
        "date": "2012-02-29", 
        "operating_revenue": 1261096, 
        "accumulated_operating_revenue": 2351197, 
        "long_term_average": 1331470, 
        "short_term_average": 1183223
    }, 
    {
        "date": "2012-03-31", 
        "operating_revenue": 1044858, 
        "accumulated_operating_revenue": 3396055, 
        "long_term_average": 1290525, 
        "short_term_average": 1132018
    }, 
    {
        "date": "2012-04-30", 
        "operating_revenue": 951662, 
        "accumulated_operating_revenue": 4347717, 
        "long_term_average": 1248167, 
        "short_term_average": 1085872
    }, 
    {
        "date": "2012-05-31", 
        "operating_revenue": 845491, 
        "accumulated_operating_revenue": 5193208, 
        "long_term_average": 1203425, 
        "short_term_average": 947337
    }, 
    {
        "date": "2012-06-30", 
        "operating_revenue": 1502758, 
        "accumulated_operating_revenue": 6695966, 
        "long_term_average": 1233358, 
        "short_term_average": 1099970
    }, 
    {
        "date": "2012-07-31", 
        "operating_revenue": 1991546, 
        "accumulated_operating_revenue": 8687512, 
        "long_term_average": 1302285, 
        "short_term_average": 1446598
    }, 
    {
        "date": "2012-08-31", 
        "operating_revenue": 1379047, 
        "accumulated_operating_revenue": 10066559, 
        "long_term_average": 1308681, 
        "short_term_average": 1624450
    }, 
    {
        "accumulated_operating_revenue_yoy": 575.971636950128, 
        "accumulated_operating_revenue": 11450243, 
        "long_term_average": 1282831, 
        "date": "2012-09-30", 
        "operating_revenue": 1383684, 
        "short_term_average": 1584759
    }, 
    {
        "accumulated_operating_revenue_yoy": 325.98960517538967, 
        "accumulated_operating_revenue": 12727858, 
        "long_term_average": 1281470, 
        "date": "2012-10-31", 
        "operating_revenue": 1277615, 
        "short_term_average": 1346782
    }, 
    {
        "accumulated_operating_revenue_yoy": 220.69243451841785, 
        "accumulated_operating_revenue": 14236015, 
        "long_term_average": 1286207, 
        "date": "2012-11-30", 
        "operating_revenue": 1508157, 
        "short_term_average": 1389818
    }, 
    {
        "accumulated_operating_revenue_yoy": 185.31851101075756, 
        "accumulated_operating_revenue": 16085182, 
        "long_term_average": 1340431, 
        "date": "2012-12-31", 
        "operating_revenue": 1849167, 
        "short_term_average": 1544979
    }, 
    {
        "accumulated_operating_revenue_yoy": 36.693847634301775, 
        "accumulated_operating_revenue": 1490101, 
        "long_term_average": 1373765, 
        "date": "2013-01-31", 
        "operating_revenue": 1490101, 
        "short_term_average": 1615808
    }, 
    {
        "accumulated_operating_revenue_yoy": 18.394035038323032, 
        "accumulated_operating_revenue": 2783677, 
        "long_term_average": 1376471, 
        "date": "2013-02-28", 
        "operating_revenue": 1293576, 
        "short_term_average": 1544281
    }, 
    {
        "accumulated_operating_revenue_yoy": 21.91737177401426, 
        "accumulated_operating_revenue": 4140381, 
        "long_term_average": 1402459, 
        "date": "2013-03-31", 
        "operating_revenue": 1356704, 
        "short_term_average": 1380127
    }, 
    {
        "accumulated_operating_revenue_yoy": 30.79103354703169, 
        "accumulated_operating_revenue": 5686424, 
        "long_term_average": 1451990, 
        "date": "2013-04-30", 
        "operating_revenue": 1546043, 
        "short_term_average": 1398774
    }, 
    {
        "accumulated_operating_revenue_yoy": 41.885670668303675, 
        "accumulated_operating_revenue": 7368418, 
        "long_term_average": 1521699, 
        "date": "2013-05-31", 
        "operating_revenue": 1681994, 
        "short_term_average": 1528247
    }, 
    {
        "accumulated_operating_revenue_yoy": 34.467170233540614, 
        "accumulated_operating_revenue": 9003876, 
        "long_term_average": 1532757, 
        "date": "2013-06-30", 
        "operating_revenue": 1635458, 
        "short_term_average": 1621165
    }, 
    {
        "accumulated_operating_revenue_yoy": 23.836744052842747, 
        "accumulated_operating_revenue": 10758332, 
        "long_term_average": 1513000, 
        "date": "2013-07-31", 
        "operating_revenue": 1754456, 
        "short_term_average": 1690636
    }, 
    {
        "accumulated_operating_revenue_yoy": 23.55531815787301, 
        "accumulated_operating_revenue": 12437769, 
        "long_term_average": 1538032, 
        "date": "2013-08-31", 
        "operating_revenue": 1679437, 
        "short_term_average": 1689783
    }, 
    {
        "accumulated_operating_revenue_yoy": 23.04937109194975, 
        "accumulated_operating_revenue": 14089452, 
        "long_term_average": 1560365, 
        "date": "2013-09-30", 
        "operating_revenue": 1651683, 
        "short_term_average": 1695192
    }, 
    {
        "accumulated_operating_revenue_yoy": 24.224256744536277, 
        "accumulated_operating_revenue": 15811087, 
        "long_term_average": 1597367, 
        "date": "2013-10-31", 
        "operating_revenue": 1721635, 
        "short_term_average": 1684251
    }, 
    {
        "accumulated_operating_revenue_yoy": 24.78982355666245, 
        "accumulated_operating_revenue": 17765098, 
        "long_term_average": 1634522, 
        "date": "2013-11-30", 
        "operating_revenue": 1954011, 
        "short_term_average": 1775776
    }, 
    {
        "accumulated_operating_revenue_yoy": 24.031167319089082, 
        "accumulated_operating_revenue": 19950639, 
        "long_term_average": 1662553, 
        "date": "2013-12-31", 
        "operating_revenue": 2185541, 
        "short_term_average": 1953729
    }, 
    {
        "accumulated_operating_revenue_yoy": 20.072800434332976, 
        "accumulated_operating_revenue": 1789206, 
        "long_term_average": 1687478, 
        "date": "2014-01-31", 
        "operating_revenue": 1789206, 
        "short_term_average": 1976252
    }, 
    {
        "accumulated_operating_revenue_yoy": 15.98579863971287, 
        "accumulated_operating_revenue": 3228670, 
        "long_term_average": 1699636, 
        "date": "2014-02-28", 
        "operating_revenue": 1439464, 
        "short_term_average": 1804737
    }, 
    {
        "accumulated_operating_revenue_yoy": 20.888560738733947, 
        "accumulated_operating_revenue": 5005247, 
        "long_term_average": 1734625, 
        "date": "2014-03-31", 
        "operating_revenue": 1776577, 
        "short_term_average": 1668415
    }, 
    {
        "accumulated_operating_revenue_yoy": 19.19976421033676, 
        "accumulated_operating_revenue": 6778204, 
        "long_term_average": 1753534, 
        "date": "2014-04-30", 
        "operating_revenue": 1772957, 
        "short_term_average": 1662999
    }, 
    {
        "accumulated_operating_revenue_yoy": 15.685863641286366, 
        "accumulated_operating_revenue": 8524218, 
        "long_term_average": 1758869, 
        "date": "2014-05-31", 
        "operating_revenue": 1746014, 
        "short_term_average": 1765182
    }, 
    {
        "accumulated_operating_revenue_yoy": 16.48063567290354, 
        "accumulated_operating_revenue": 10487772, 
        "long_term_average": 1786211, 
        "date": "2014-06-30", 
        "operating_revenue": 1963554, 
        "short_term_average": 1827508
    }, 
    {
        "accumulated_operating_revenue_yoy": 17.216321266159103, 
        "accumulated_operating_revenue": 12610521, 
        "long_term_average": 1816902, 
        "date": "2014-07-31", 
        "operating_revenue": 2122749, 
        "short_term_average": 1944105
    }, 
    {
        "accumulated_operating_revenue_yoy": 18.92326509681921, 
        "accumulated_operating_revenue": 14791401, 
        "long_term_average": 1858689, 
        "date": "2014-08-31", 
        "operating_revenue": 2180880, 
        "short_term_average": 2089061
    }, 
    {
        "accumulated_operating_revenue_yoy": 21.82228946874584, 
        "accumulated_operating_revenue": 17164093, 
        "long_term_average": 1918773, 
        "date": "2014-09-30", 
        "operating_revenue": 2372692, 
        "short_term_average": 2225440
    }, 
    {
        "accumulated_operating_revenue_yoy": 21.42602213244415, 
        "accumulated_operating_revenue": 19198774, 
        "long_term_average": 1944860, 
        "date": "2014-10-31", 
        "operating_revenue": 2034681, 
        "short_term_average": 2196084
    }, 
    {
        "accumulated_operating_revenue_yoy": 21.338103510602643, 
        "accumulated_operating_revenue": 21555833, 
        "long_term_average": 1978447, 
        "date": "2014-11-30", 
        "operating_revenue": 2357059, 
        "short_term_average": 2254810
    }, 
    {
        "accumulated_operating_revenue_yoy": 20.008151117365212, 
        "accumulated_operating_revenue": 23942393, 
        "long_term_average": 1995199, 
        "date": "2014-12-31", 
        "operating_revenue": 2386560, 
        "short_term_average": 2259433
    }, 
    {
        "accumulated_operating_revenue_yoy": 35.183986639883834, 
        "accumulated_operating_revenue": 2418720, 
        "long_term_average": 2047658, 
        "date": "2015-01-31", 
        "operating_revenue": 2418720, 
        "short_term_average": 2387446
    }, 
    {
        "accumulated_operating_revenue_yoy": 24.24372884190704, 
        "accumulated_operating_revenue": 4011420, 
        "long_term_average": 2060428, 
        "date": "2015-02-28", 
        "operating_revenue": 1592700, 
        "short_term_average": 2132660
    }, 
    {
        "accumulated_operating_revenue_yoy": 16.70992460511939, 
        "accumulated_operating_revenue": 5841620, 
        "long_term_average": 2064897, 
        "date": "2015-03-31", 
        "operating_revenue": 1830200, 
        "short_term_average": 1947206
    }, 
    {
        "accumulated_operating_revenue_yoy": 11.647598685433486, 
        "accumulated_operating_revenue": 7567702, 
        "long_term_average": 2060990, 
        "date": "2015-04-30", 
        "operating_revenue": 1726082, 
        "short_term_average": 1716327
    }, 
    {
        "accumulated_operating_revenue_yoy": 10.032990709529015, 
        "accumulated_operating_revenue": 9379452, 
        "long_term_average": 2066468, 
        "date": "2015-05-31", 
        "operating_revenue": 1811750, 
        "short_term_average": 1789344
    }, 
    {
        "accumulated_operating_revenue_yoy": 7.637952083626532, 
        "accumulated_operating_revenue": 11288823, 
        "long_term_average": 2061953, 
        "date": "2015-06-30", 
        "operating_revenue": 1909371, 
        "short_term_average": 1815734
    }, 
    {
        "accumulated_operating_revenue_yoy": 6.213121567300828, 
        "accumulated_operating_revenue": 13394028, 
        "long_term_average": 2060491, 
        "date": "2015-07-31", 
        "operating_revenue": 2105205, 
        "short_term_average": 1942108
    }, 
    {
        "accumulated_operating_revenue_yoy": 4.643968478712733, 
        "accumulated_operating_revenue": 15478309, 
        "long_term_average": 2052441, 
        "date": "2015-08-31", 
        "operating_revenue": 2084281, 
        "short_term_average": 2032952
    }
]