[
    {
        "date": "2011-09-30", 
        "operating_revenue": 347808, 
        "accumulated_operating_revenue": 347808, 
        "long_term_average": 347808, 
        "short_term_average": 347808
    }, 
    {
        "date": "2011-10-31", 
        "operating_revenue": 549111, 
        "accumulated_operating_revenue": 896919, 
        "long_term_average": 448459, 
        "short_term_average": 448459
    }, 
    {
        "date": "2011-11-30", 
        "operating_revenue": 464668, 
        "accumulated_operating_revenue": 1361587, 
        "long_term_average": 453862, 
        "short_term_average": 453862
    }, 
    {
        "date": "2011-12-31", 
        "operating_revenue": 475140, 
        "accumulated_operating_revenue": 1836727, 
        "long_term_average": 459181, 
        "short_term_average": 496306
    }, 
    {
        "date": "2012-01-31", 
        "operating_revenue": 272799, 
        "accumulated_operating_revenue": 272799, 
        "long_term_average": 421905, 
        "short_term_average": 404202
    }, 
    {
        "date": "2012-02-29", 
        "operating_revenue": 321817, 
        "accumulated_operating_revenue": 594616, 
        "long_term_average": 405223, 
        "short_term_average": 356585
    }, 
    {
        "date": "2012-03-31", 
        "operating_revenue": 391457, 
        "accumulated_operating_revenue": 986073, 
        "long_term_average": 403257, 
        "short_term_average": 328691
    }, 
    {
        "date": "2012-04-30", 
        "operating_revenue": 358722, 
        "accumulated_operating_revenue": 1344795, 
        "long_term_average": 397690, 
        "short_term_average": 357332
    }, 
    {
        "date": "2012-05-31", 
        "operating_revenue": 319637, 
        "accumulated_operating_revenue": 1664432, 
        "long_term_average": 389017, 
        "short_term_average": 356605
    }, 
    {
        "date": "2012-06-30", 
        "operating_revenue": 406497, 
        "accumulated_operating_revenue": 2070929, 
        "long_term_average": 390765, 
        "short_term_average": 361618
    }, 
    {
        "date": "2012-07-31", 
        "operating_revenue": 278456, 
        "accumulated_operating_revenue": 2349385, 
        "long_term_average": 380555, 
        "short_term_average": 334863
    }, 
    {
        "date": "2012-08-31", 
        "operating_revenue": 255990, 
        "accumulated_operating_revenue": 2605375, 
        "long_term_average": 370175, 
        "short_term_average": 313647
    }, 
    {
        "accumulated_operating_revenue_yoy": 807.8439828871101, 
        "accumulated_operating_revenue": 3157554, 
        "long_term_average": 387206, 
        "date": "2012-09-30", 
        "operating_revenue": 552179, 
        "short_term_average": 362208
    }, 
    {
        "accumulated_operating_revenue_yoy": 288.7994345085788, 
        "accumulated_operating_revenue": 3487216, 
        "long_term_average": 368918, 
        "date": "2012-10-31", 
        "operating_revenue": 329662, 
        "short_term_average": 379277
    }, 
    {
        "accumulated_operating_revenue_yoy": 176.8737509979164, 
        "accumulated_operating_revenue": 3769877, 
        "long_term_average": 353751, 
        "date": "2012-11-30", 
        "operating_revenue": 282661, 
        "short_term_average": 388167
    }, 
    {
        "accumulated_operating_revenue_yoy": 127.8342943725442, 
        "accumulated_operating_revenue": 4184694, 
        "long_term_average": 348724, 
        "date": "2012-12-31", 
        "operating_revenue": 414817, 
        "short_term_average": 342380
    }, 
    {
        "accumulated_operating_revenue_yoy": 13.107452739929398, 
        "accumulated_operating_revenue": 308556, 
        "long_term_average": 351704, 
        "date": "2013-01-31", 
        "operating_revenue": 308556, 
        "short_term_average": 335344
    }, 
    {
        "accumulated_operating_revenue_yoy": -13.351305716630565, 
        "accumulated_operating_revenue": 515227, 
        "long_term_average": 342108, 
        "date": "2013-02-28", 
        "operating_revenue": 206671, 
        "short_term_average": 310014
    }, 
    {
        "accumulated_operating_revenue_yoy": -19.30597430413367, 
        "accumulated_operating_revenue": 795702, 
        "long_term_average": 332860, 
        "date": "2013-03-31", 
        "operating_revenue": 280475, 
        "short_term_average": 265234
    }, 
    {
        "accumulated_operating_revenue_yoy": -19.15422053175391, 
        "accumulated_operating_revenue": 1087210, 
        "long_term_average": 327259, 
        "date": "2013-04-30", 
        "operating_revenue": 291508, 
        "short_term_average": 259551
    }, 
    {
        "accumulated_operating_revenue_yoy": -17.544063079777366, 
        "accumulated_operating_revenue": 1372423, 
        "long_term_average": 324390, 
        "date": "2013-05-31", 
        "operating_revenue": 285213, 
        "short_term_average": 285732
    }, 
    {
        "accumulated_operating_revenue_yoy": -22.75910955904331, 
        "accumulated_operating_revenue": 1599604, 
        "long_term_average": 309447, 
        "date": "2013-06-30", 
        "operating_revenue": 227181, 
        "short_term_average": 267967
    }, 
    {
        "accumulated_operating_revenue_yoy": -22.06637056080634, 
        "accumulated_operating_revenue": 1830961, 
        "long_term_average": 305522, 
        "date": "2013-07-31", 
        "operating_revenue": 231357, 
        "short_term_average": 247917
    }, 
    {
        "accumulated_operating_revenue_yoy": -20.85369668473828, 
        "accumulated_operating_revenue": 2062058, 
        "long_term_average": 303448, 
        "date": "2013-08-31", 
        "operating_revenue": 231097, 
        "short_term_average": 229878
    }, 
    {
        "accumulated_operating_revenue_yoy": -26.87931861181155, 
        "accumulated_operating_revenue": 2308825, 
        "long_term_average": 277997, 
        "date": "2013-09-30", 
        "operating_revenue": 246767, 
        "short_term_average": 236407
    }, 
    {
        "accumulated_operating_revenue_yoy": -25.263763414712482, 
        "accumulated_operating_revenue": 2606214, 
        "long_term_average": 275307, 
        "date": "2013-10-31", 
        "operating_revenue": 297389, 
        "short_term_average": 258417
    }, 
    {
        "accumulated_operating_revenue_yoy": -19.93126035677026, 
        "accumulated_operating_revenue": 3018493, 
        "long_term_average": 286109, 
        "date": "2013-11-30", 
        "operating_revenue": 412279, 
        "short_term_average": 318811
    }, 
    {
        "accumulated_operating_revenue_yoy": -11.166360073161862, 
        "accumulated_operating_revenue": 3717416, 
        "long_term_average": 309784, 
        "date": "2013-12-31", 
        "operating_revenue": 698923, 
        "short_term_average": 469530
    }, 
    {
        "accumulated_operating_revenue_yoy": -12.913053060060411, 
        "accumulated_operating_revenue": 268712, 
        "long_term_average": 306464, 
        "date": "2014-01-31", 
        "operating_revenue": 268712, 
        "short_term_average": 459971
    }, 
    {
        "accumulated_operating_revenue_yoy": 3.3278535480477536, 
        "accumulated_operating_revenue": 532373, 
        "long_term_average": 311213, 
        "date": "2014-02-28", 
        "operating_revenue": 263661, 
        "short_term_average": 410432
    }, 
    {
        "accumulated_operating_revenue_yoy": 8.16989274879289, 
        "accumulated_operating_revenue": 860710, 
        "long_term_average": 315202, 
        "date": "2014-03-31", 
        "operating_revenue": 328337, 
        "short_term_average": 286903
    }, 
    {
        "accumulated_operating_revenue_yoy": 8.36747270536511, 
        "accumulated_operating_revenue": 1178182, 
        "long_term_average": 317365, 
        "date": "2014-04-30", 
        "operating_revenue": 317472, 
        "short_term_average": 303156
    }, 
    {
        "accumulated_operating_revenue_yoy": 8.959045425499282, 
        "accumulated_operating_revenue": 1495379, 
        "long_term_average": 320031, 
        "date": "2014-05-31", 
        "operating_revenue": 317197, 
        "short_term_average": 321002
    }, 
    {
        "accumulated_operating_revenue_yoy": 15.220829655339696, 
        "accumulated_operating_revenue": 1843077, 
        "long_term_average": 330074, 
        "date": "2014-06-30", 
        "operating_revenue": 347698, 
        "short_term_average": 327455
    }, 
    {
        "accumulated_operating_revenue_yoy": 18.04232859137906, 
        "accumulated_operating_revenue": 2161309, 
        "long_term_average": 337313, 
        "date": "2014-07-31", 
        "operating_revenue": 318232, 
        "short_term_average": 327709
    }, 
    {
        "accumulated_operating_revenue_yoy": 18.57304692690506, 
        "accumulated_operating_revenue": 2445045, 
        "long_term_average": 341700, 
        "date": "2014-08-31", 
        "operating_revenue": 283736, 
        "short_term_average": 316555
    }, 
    {
        "accumulated_operating_revenue_yoy": 19.119335592779876, 
        "accumulated_operating_revenue": 2750257, 
        "long_term_average": 346570, 
        "date": "2014-09-30", 
        "operating_revenue": 305212, 
        "short_term_average": 302393
    }, 
    {
        "accumulated_operating_revenue_yoy": 18.602232970891876, 
        "accumulated_operating_revenue": 3091028, 
        "long_term_average": 350185, 
        "date": "2014-10-31", 
        "operating_revenue": 340771, 
        "short_term_average": 309906
    }, 
    {
        "accumulated_operating_revenue_yoy": 15.588838536315968, 
        "accumulated_operating_revenue": 3489041, 
        "long_term_average": 348997, 
        "date": "2014-11-30", 
        "operating_revenue": 398013, 
        "short_term_average": 347998
    }, 
    {
        "accumulated_operating_revenue_yoy": 6.002126208097238, 
        "accumulated_operating_revenue": 3940540, 
        "long_term_average": 328378, 
        "date": "2014-12-31", 
        "operating_revenue": 451499, 
        "short_term_average": 396761
    }, 
    {
        "accumulated_operating_revenue_yoy": 27.392896483967967, 
        "accumulated_operating_revenue": 342320, 
        "long_term_average": 334512, 
        "date": "2015-01-31", 
        "operating_revenue": 342320, 
        "short_term_average": 397277
    }, 
    {
        "accumulated_operating_revenue_yoy": 13.299697768294033, 
        "accumulated_operating_revenue": 603177, 
        "long_term_average": 334278, 
        "date": "2015-02-28", 
        "operating_revenue": 260857, 
        "short_term_average": 351558
    }, 
    {
        "accumulated_operating_revenue_yoy": 11.522115462815583, 
        "accumulated_operating_revenue": 959882, 
        "long_term_average": 336642, 
        "date": "2015-03-31", 
        "operating_revenue": 356705, 
        "short_term_average": 319960
    }, 
    {
        "accumulated_operating_revenue_yoy": 10.719226740860071, 
        "accumulated_operating_revenue": 1304474, 
        "long_term_average": 338902, 
        "date": "2015-04-30", 
        "operating_revenue": 344592, 
        "short_term_average": 320718
    }, 
    {
        "accumulated_operating_revenue_yoy": 3.9585951120083935, 
        "accumulated_operating_revenue": 1554575, 
        "long_term_average": 333311, 
        "date": "2015-05-31", 
        "operating_revenue": 250101, 
        "short_term_average": 317132
    }, 
    {
        "accumulated_operating_revenue_yoy": -3.7251834839238946, 
        "accumulated_operating_revenue": 1774419, 
        "long_term_average": 322656, 
        "date": "2015-06-30", 
        "operating_revenue": 219844, 
        "short_term_average": 271512
    }, 
    {
        "accumulated_operating_revenue_yoy": -7.955271550713016, 
        "accumulated_operating_revenue": 1989371, 
        "long_term_average": 314050, 
        "date": "2015-07-31", 
        "operating_revenue": 214952, 
        "short_term_average": 228299
    }, 
    {
        "accumulated_operating_revenue_yoy": -9.063186976108824, 
        "accumulated_operating_revenue": 2223446, 
        "long_term_average": 309911, 
        "date": "2015-08-31", 
        "operating_revenue": 234075, 
        "short_term_average": 222957
    }, 
    {
        "accumulated_operating_revenue_yoy": -4.117651550382383, 
        "accumulated_operating_revenue": 2637011, 
        "long_term_average": 318941, 
        "date": "2015-09-30", 
        "operating_revenue": 413565, 
        "short_term_average": 287530
    }
]