[
    {
        "date": "2012-01-31", 
        "operating_revenue": 764819, 
        "accumulated_operating_revenue": 764819, 
        "long_term_average": 764819, 
        "short_term_average": 764819
    }, 
    {
        "date": "2012-02-29", 
        "operating_revenue": 814474, 
        "accumulated_operating_revenue": 1579293, 
        "long_term_average": 789646, 
        "short_term_average": 789646
    }, 
    {
        "date": "2012-03-31", 
        "operating_revenue": 847211, 
        "accumulated_operating_revenue": 2426504, 
        "long_term_average": 808834, 
        "short_term_average": 808834
    }, 
    {
        "date": "2012-04-30", 
        "operating_revenue": 615284, 
        "accumulated_operating_revenue": 3041788, 
        "long_term_average": 760447, 
        "short_term_average": 758989
    }, 
    {
        "date": "2012-05-31", 
        "operating_revenue": 710222, 
        "accumulated_operating_revenue": 3752010, 
        "long_term_average": 750402, 
        "short_term_average": 724239
    }, 
    {
        "date": "2012-06-30", 
        "operating_revenue": 772789, 
        "accumulated_operating_revenue": 4524799, 
        "long_term_average": 754133, 
        "short_term_average": 699431
    }, 
    {
        "date": "2012-07-31", 
        "operating_revenue": 844059, 
        "accumulated_operating_revenue": 5368858, 
        "long_term_average": 766979, 
        "short_term_average": 775690
    }, 
    {
        "date": "2012-08-31", 
        "operating_revenue": 829820, 
        "accumulated_operating_revenue": 6198678, 
        "long_term_average": 774834, 
        "short_term_average": 815556
    }, 
    {
        "date": "2012-09-30", 
        "operating_revenue": 732654, 
        "accumulated_operating_revenue": 6931332, 
        "long_term_average": 770148, 
        "short_term_average": 802177
    }, 
    {
        "date": "2012-10-31", 
        "operating_revenue": 746327, 
        "accumulated_operating_revenue": 7677659, 
        "long_term_average": 767765, 
        "short_term_average": 769600
    }, 
    {
        "date": "2012-11-30", 
        "operating_revenue": 711465, 
        "accumulated_operating_revenue": 8389124, 
        "long_term_average": 762647, 
        "short_term_average": 730148
    }, 
    {
        "date": "2012-12-31", 
        "operating_revenue": 1330986, 
        "accumulated_operating_revenue": 9720110, 
        "long_term_average": 810009, 
        "short_term_average": 929592
    }, 
    {
        "accumulated_operating_revenue_yoy": -3.890201472505259, 
        "accumulated_operating_revenue": 735066, 
        "long_term_average": 807529, 
        "date": "2013-01-31", 
        "operating_revenue": 735066, 
        "short_term_average": 925839
    }, 
    {
        "accumulated_operating_revenue_yoy": -21.711297396999797, 
        "accumulated_operating_revenue": 1236408, 
        "long_term_average": 781435, 
        "date": "2013-02-28", 
        "operating_revenue": 501342, 
        "short_term_average": 855798
    }, 
    {
        "accumulated_operating_revenue_yoy": -9.07144599802844, 
        "accumulated_operating_revenue": 2206385, 
        "long_term_average": 791665, 
        "date": "2013-03-31", 
        "operating_revenue": 969977, 
        "short_term_average": 735461
    }, 
    {
        "accumulated_operating_revenue_yoy": -8.823790481124917, 
        "accumulated_operating_revenue": 2773387, 
        "long_term_average": 787642, 
        "date": "2013-04-30", 
        "operating_revenue": 567002, 
        "short_term_average": 679440
    }, 
    {
        "accumulated_operating_revenue_yoy": -8.5439804264914, 
        "accumulated_operating_revenue": 3431439, 
        "long_term_average": 783294, 
        "date": "2013-05-31", 
        "operating_revenue": 658052, 
        "short_term_average": 731677
    }, 
    {
        "accumulated_operating_revenue_yoy": 2.645819184454381, 
        "accumulated_operating_revenue": 4644517, 
        "long_term_average": 819985, 
        "date": "2013-06-30", 
        "operating_revenue": 1213078, 
        "short_term_average": 812710
    }, 
    {
        "accumulated_operating_revenue_yoy": -0.914458903550811, 
        "accumulated_operating_revenue": 5319762, 
        "long_term_average": 805917, 
        "date": "2013-07-31", 
        "operating_revenue": 675245, 
        "short_term_average": 848791
    }, 
    {
        "accumulated_operating_revenue_yoy": -2.9849913158902592, 
        "accumulated_operating_revenue": 6013648, 
        "long_term_average": 794590, 
        "date": "2013-08-31", 
        "operating_revenue": 693886, 
        "short_term_average": 860736
    }, 
    {
        "accumulated_operating_revenue_yoy": 4.701188746982543, 
        "accumulated_operating_revenue": 7257187, 
        "long_term_average": 837163, 
        "date": "2013-09-30", 
        "operating_revenue": 1243539, 
        "short_term_average": 870890
    }, 
    {
        "accumulated_operating_revenue_yoy": 3.736829155866391, 
        "accumulated_operating_revenue": 7964560, 
        "long_term_average": 833917, 
        "date": "2013-10-31", 
        "operating_revenue": 707373, 
        "short_term_average": 881599
    }, 
    {
        "accumulated_operating_revenue_yoy": 5.059741636909885, 
        "accumulated_operating_revenue": 8813592, 
        "long_term_average": 845381, 
        "date": "2013-11-30", 
        "operating_revenue": 849032, 
        "short_term_average": 933314
    }, 
    {
        "accumulated_operating_revenue_yoy": 3.8789272960902705, 
        "accumulated_operating_revenue": 10097146, 
        "long_term_average": 841428, 
        "date": "2013-12-31", 
        "operating_revenue": 1283554, 
        "short_term_average": 946653
    }, 
    {
        "accumulated_operating_revenue_yoy": -3.1972639191582797, 
        "accumulated_operating_revenue": 711564, 
        "long_term_average": 839470, 
        "date": "2014-01-31", 
        "operating_revenue": 711564, 
        "short_term_average": 948050
    }, 
    {
        "accumulated_operating_revenue_yoy": 6.2798849570691875, 
        "accumulated_operating_revenue": 1314053, 
        "long_term_average": 847899, 
        "date": "2014-02-28", 
        "operating_revenue": 602489, 
        "short_term_average": 865869
    }, 
    {
        "accumulated_operating_revenue_yoy": -14.524210416586408, 
        "accumulated_operating_revenue": 1885925, 
        "long_term_average": 814723, 
        "date": "2014-03-31", 
        "operating_revenue": 571872, 
        "short_term_average": 628641
    }, 
    {
        "accumulated_operating_revenue_yoy": -5.701548323403838, 
        "accumulated_operating_revenue": 2615261, 
        "long_term_average": 828251, 
        "date": "2014-04-30", 
        "operating_revenue": 729336, 
        "short_term_average": 634565
    }, 
    {
        "accumulated_operating_revenue_yoy": 5.493409616198918, 
        "accumulated_operating_revenue": 3619942, 
        "long_term_average": 857137, 
        "date": "2014-05-31", 
        "operating_revenue": 1004681, 
        "short_term_average": 768629
    }, 
    {
        "accumulated_operating_revenue_yoy": 3.5014405157737607, 
        "accumulated_operating_revenue": 4807142, 
        "long_term_average": 854980, 
        "date": "2014-06-30", 
        "operating_revenue": 1187200, 
        "short_term_average": 973739
    }, 
    {
        "accumulated_operating_revenue_yoy": 11.673811723156035, 
        "accumulated_operating_revenue": 5940781, 
        "long_term_average": 893180, 
        "date": "2014-07-31", 
        "operating_revenue": 1133639, 
        "short_term_average": 1108506
    }, 
    {
        "accumulated_operating_revenue_yoy": 12.819922283445923, 
        "accumulated_operating_revenue": 6784593, 
        "long_term_average": 905674, 
        "date": "2014-08-31", 
        "operating_revenue": 843812, 
        "short_term_average": 1054883
    }, 
    {
        "accumulated_operating_revenue_yoy": 6.090927517783406, 
        "accumulated_operating_revenue": 7699217, 
        "long_term_average": 878264, 
        "date": "2014-09-30", 
        "operating_revenue": 914624, 
        "short_term_average": 964025
    }, 
    {
        "accumulated_operating_revenue_yoy": 13.959201763813695, 
        "accumulated_operating_revenue": 9076349, 
        "long_term_average": 934077, 
        "date": "2014-10-31", 
        "operating_revenue": 1377132, 
        "short_term_average": 1045189
    }, 
    {
        "accumulated_operating_revenue_yoy": 14.799244167417779, 
        "accumulated_operating_revenue": 10117937, 
        "long_term_average": 950124, 
        "date": "2014-11-30", 
        "operating_revenue": 1041588, 
        "short_term_average": 1111114
    }, 
    {
        "accumulated_operating_revenue_yoy": 12.169389251180482, 
        "accumulated_operating_revenue": 11325907, 
        "long_term_average": 943825, 
        "date": "2014-12-31", 
        "operating_revenue": 1207970, 
        "short_term_average": 1208896
    }, 
    {
        "accumulated_operating_revenue_yoy": 20.281099100010678, 
        "accumulated_operating_revenue": 855877, 
        "long_term_average": 955851, 
        "date": "2015-01-31", 
        "operating_revenue": 855877, 
        "short_term_average": 1035145
    }, 
    {
        "accumulated_operating_revenue_yoy": 4.0686334569458005, 
        "accumulated_operating_revenue": 1367517, 
        "long_term_average": 948280, 
        "date": "2015-02-28", 
        "operating_revenue": 511640, 
        "short_term_average": 858495
    }, 
    {
        "accumulated_operating_revenue_yoy": 10.363667696223338, 
        "accumulated_operating_revenue": 2081376, 
        "long_term_average": 960113, 
        "date": "2015-03-31", 
        "operating_revenue": 713859, 
        "short_term_average": 693792
    }, 
    {
        "accumulated_operating_revenue_yoy": 6.856332886086704, 
        "accumulated_operating_revenue": 2794572, 
        "long_term_average": 958768, 
        "date": "2015-04-30", 
        "operating_revenue": 713196, 
        "short_term_average": 646231
    }, 
    {
        "accumulated_operating_revenue_yoy": -1.0173367418594, 
        "accumulated_operating_revenue": 3583115, 
        "long_term_average": 940756, 
        "date": "2015-05-31", 
        "operating_revenue": 788543, 
        "short_term_average": 738532
    }, 
    {
        "accumulated_operating_revenue_yoy": -5.364206008476554, 
        "accumulated_operating_revenue": 4549277, 
        "long_term_average": 922336, 
        "date": "2015-06-30", 
        "operating_revenue": 966162, 
        "short_term_average": 822633
    }, 
    {
        "accumulated_operating_revenue_yoy": -11.693698185474267, 
        "accumulated_operating_revenue": 5246084, 
        "long_term_average": 885934, 
        "date": "2015-07-31", 
        "operating_revenue": 696807, 
        "short_term_average": 817170
    }, 
    {
        "accumulated_operating_revenue_yoy": -7.517591696362626, 
        "accumulated_operating_revenue": 6274555, 
        "long_term_average": 901322, 
        "date": "2015-08-31", 
        "operating_revenue": 1028471, 
        "short_term_average": 897146
    }, 
    {
        "accumulated_operating_revenue_yoy": -7.637127255927453, 
        "accumulated_operating_revenue": 7111218, 
        "long_term_average": 894825, 
        "date": "2015-09-30", 
        "operating_revenue": 836663, 
        "short_term_average": 853980
    }
]