[
    {
        "date": "2012-01-31", 
        "operating_revenue": 287290, 
        "accumulated_operating_revenue": 287290, 
        "long_term_average": 287290, 
        "short_term_average": 287290
    }, 
    {
        "date": "2012-02-29", 
        "operating_revenue": 272037, 
        "accumulated_operating_revenue": 559327, 
        "long_term_average": 279663, 
        "short_term_average": 279663
    }, 
    {
        "date": "2012-03-31", 
        "operating_revenue": 322475, 
        "accumulated_operating_revenue": 881802, 
        "long_term_average": 293934, 
        "short_term_average": 293934
    }, 
    {
        "date": "2012-04-30", 
        "operating_revenue": 236339, 
        "accumulated_operating_revenue": 1118141, 
        "long_term_average": 279535, 
        "short_term_average": 276950
    }, 
    {
        "date": "2012-05-31", 
        "operating_revenue": 338108, 
        "accumulated_operating_revenue": 1456249, 
        "long_term_average": 291249, 
        "short_term_average": 298974
    }, 
    {
        "date": "2012-06-30", 
        "operating_revenue": 362617, 
        "accumulated_operating_revenue": 1818866, 
        "long_term_average": 303144, 
        "short_term_average": 312354
    }, 
    {
        "date": "2012-07-31", 
        "operating_revenue": 433395, 
        "accumulated_operating_revenue": 2252261, 
        "long_term_average": 321751, 
        "short_term_average": 378040
    }, 
    {
        "date": "2012-08-31", 
        "operating_revenue": 327547, 
        "accumulated_operating_revenue": 2579808, 
        "long_term_average": 322476, 
        "short_term_average": 374519
    }, 
    {
        "date": "2012-09-30", 
        "operating_revenue": 326046, 
        "accumulated_operating_revenue": 2905854, 
        "long_term_average": 322872, 
        "short_term_average": 362329
    }, 
    {
        "date": "2012-10-31", 
        "operating_revenue": 302999, 
        "accumulated_operating_revenue": 3208853, 
        "long_term_average": 320885, 
        "short_term_average": 318864
    }, 
    {
        "date": "2012-11-30", 
        "operating_revenue": 256472, 
        "accumulated_operating_revenue": 3465325, 
        "long_term_average": 315029, 
        "short_term_average": 295172
    }, 
    {
        "date": "2012-12-31", 
        "operating_revenue": 378794, 
        "accumulated_operating_revenue": 3844119, 
        "long_term_average": 320343, 
        "short_term_average": 312755
    }, 
    {
        "accumulated_operating_revenue_yoy": 14.086115075359393, 
        "accumulated_operating_revenue": 327758, 
        "long_term_average": 323715, 
        "date": "2013-01-31", 
        "operating_revenue": 327758, 
        "short_term_average": 321008
    }, 
    {
        "accumulated_operating_revenue_yoy": 11.452513467077399, 
        "accumulated_operating_revenue": 623384, 
        "long_term_average": 325681, 
        "date": "2013-02-28", 
        "operating_revenue": 295626, 
        "short_term_average": 334059
    }, 
    {
        "accumulated_operating_revenue_yoy": 10.454274315549297, 
        "accumulated_operating_revenue": 973988, 
        "long_term_average": 328025, 
        "date": "2013-03-31", 
        "operating_revenue": 350604, 
        "short_term_average": 324662
    }, 
    {
        "accumulated_operating_revenue_yoy": 16.66131552281868, 
        "accumulated_operating_revenue": 1304438, 
        "long_term_average": 335868, 
        "date": "2013-04-30", 
        "operating_revenue": 330450, 
        "short_term_average": 325560
    }, 
    {
        "accumulated_operating_revenue_yoy": 11.046256512450823, 
        "accumulated_operating_revenue": 1617110, 
        "long_term_average": 333748, 
        "date": "2013-05-31", 
        "operating_revenue": 312672, 
        "short_term_average": 331242
    }, 
    {
        "accumulated_operating_revenue_yoy": 4.079409918047839, 
        "accumulated_operating_revenue": 1893065, 
        "long_term_average": 326526, 
        "date": "2013-06-30", 
        "operating_revenue": 275955, 
        "short_term_average": 306359
    }, 
    {
        "accumulated_operating_revenue_yoy": -5.0513683804852105, 
        "accumulated_operating_revenue": 2138491, 
        "long_term_average": 310862, 
        "date": "2013-07-31", 
        "operating_revenue": 245426, 
        "short_term_average": 278017
    }, 
    {
        "accumulated_operating_revenue_yoy": -7.5528876567558525, 
        "accumulated_operating_revenue": 2384958, 
        "long_term_average": 304105, 
        "date": "2013-08-31", 
        "operating_revenue": 246467, 
        "short_term_average": 255949
    }, 
    {
        "accumulated_operating_revenue_yoy": -8.63735755478424, 
        "accumulated_operating_revenue": 2654865, 
        "long_term_average": 299427, 
        "date": "2013-09-30", 
        "operating_revenue": 269907, 
        "short_term_average": 253933
    }, 
    {
        "accumulated_operating_revenue_yoy": -9.733664957540904, 
        "accumulated_operating_revenue": 2896514, 
        "long_term_average": 294315, 
        "date": "2013-10-31", 
        "operating_revenue": 241649, 
        "short_term_average": 252674
    }, 
    {
        "accumulated_operating_revenue_yoy": -8.797385526610057, 
        "accumulated_operating_revenue": 3160467, 
        "long_term_average": 294938, 
        "date": "2013-11-30", 
        "operating_revenue": 263953, 
        "short_term_average": 258503
    }, 
    {
        "accumulated_operating_revenue_yoy": -10.09570723486968, 
        "accumulated_operating_revenue": 3456028, 
        "long_term_average": 288002, 
        "date": "2013-12-31", 
        "operating_revenue": 295561, 
        "short_term_average": 267054
    }, 
    {
        "accumulated_operating_revenue_yoy": -34.00466197621416, 
        "accumulated_operating_revenue": 216305, 
        "long_term_average": 278714, 
        "date": "2014-01-31", 
        "operating_revenue": 216305, 
        "short_term_average": 258606
    }, 
    {
        "accumulated_operating_revenue_yoy": -40.250632034187596, 
        "accumulated_operating_revenue": 372468, 
        "long_term_average": 267092, 
        "date": "2014-02-28", 
        "operating_revenue": 156163, 
        "short_term_average": 222676
    }, 
    {
        "accumulated_operating_revenue_yoy": -34.16007178733208, 
        "accumulated_operating_revenue": 641273, 
        "long_term_average": 260276, 
        "date": "2014-03-31", 
        "operating_revenue": 268805, 
        "short_term_average": 213757
    }, 
    {
        "accumulated_operating_revenue_yoy": -29.534634838911472, 
        "accumulated_operating_revenue": 919177, 
        "long_term_average": 255897, 
        "date": "2014-04-30", 
        "operating_revenue": 277904, 
        "short_term_average": 234290
    }, 
    {
        "accumulated_operating_revenue_yoy": -27.47562008768729, 
        "accumulated_operating_revenue": 1172799, 
        "long_term_average": 250976, 
        "date": "2014-05-31", 
        "operating_revenue": 253622, 
        "short_term_average": 266777
    }, 
    {
        "accumulated_operating_revenue_yoy": -22.133735503007028, 
        "accumulated_operating_revenue": 1474059, 
        "long_term_average": 253085, 
        "date": "2014-06-30", 
        "operating_revenue": 301260, 
        "short_term_average": 277595
    }, 
    {
        "accumulated_operating_revenue_yoy": -19.12287683230839, 
        "accumulated_operating_revenue": 1729550, 
        "long_term_average": 253923, 
        "date": "2014-07-31", 
        "operating_revenue": 255491, 
        "short_term_average": 270124
    }, 
    {
        "accumulated_operating_revenue_yoy": -17.95000163524892, 
        "accumulated_operating_revenue": 1956858, 
        "long_term_average": 252327, 
        "date": "2014-08-31", 
        "operating_revenue": 227308, 
        "short_term_average": 261353
    }, 
    {
        "accumulated_operating_revenue_yoy": -16.121121036286215, 
        "accumulated_operating_revenue": 2226871, 
        "long_term_average": 252336, 
        "date": "2014-09-30", 
        "operating_revenue": 270013, 
        "short_term_average": 250937
    }, 
    {
        "accumulated_operating_revenue_yoy": -15.02053848177499, 
        "accumulated_operating_revenue": 2461442, 
        "long_term_average": 251746, 
        "date": "2014-10-31", 
        "operating_revenue": 234571, 
        "short_term_average": 243964
    }, 
    {
        "accumulated_operating_revenue_yoy": -7.597643006555677, 
        "accumulated_operating_revenue": 2920346, 
        "long_term_average": 267992, 
        "date": "2014-11-30", 
        "operating_revenue": 458904, 
        "short_term_average": 321162
    }, 
    {
        "accumulated_operating_revenue_yoy": -1.5859535860241871, 
        "accumulated_operating_revenue": 3401217, 
        "long_term_average": 283434, 
        "date": "2014-12-31", 
        "operating_revenue": 480871, 
        "short_term_average": 391448
    }, 
    {
        "accumulated_operating_revenue_yoy": 26.038233050553615, 
        "accumulated_operating_revenue": 272627, 
        "long_term_average": 288128, 
        "date": "2015-01-31", 
        "operating_revenue": 272627, 
        "short_term_average": 404134
    }, 
    {
        "accumulated_operating_revenue_yoy": 30.81848642030993, 
        "accumulated_operating_revenue": 487257, 
        "long_term_average": 293000, 
        "date": "2015-02-28", 
        "operating_revenue": 214630, 
        "short_term_average": 322709
    }, 
    {
        "accumulated_operating_revenue_yoy": 22.65400227360266, 
        "accumulated_operating_revenue": 786547, 
        "long_term_average": 295540, 
        "date": "2015-03-31", 
        "operating_revenue": 299290, 
        "short_term_average": 262182
    }, 
    {
        "accumulated_operating_revenue_yoy": 13.559086008461918, 
        "accumulated_operating_revenue": 1043809, 
        "long_term_average": 293820, 
        "date": "2015-04-30", 
        "operating_revenue": 257262, 
        "short_term_average": 257060
    }, 
    {
        "accumulated_operating_revenue_yoy": 8.865031433348767, 
        "accumulated_operating_revenue": 1276768, 
        "long_term_average": 292098, 
        "date": "2015-05-31", 
        "operating_revenue": 232959, 
        "short_term_average": 263170
    }, 
    {
        "accumulated_operating_revenue_yoy": 16.467658350174585, 
        "accumulated_operating_revenue": 1716802, 
        "long_term_average": 303663, 
        "date": "2015-06-30", 
        "operating_revenue": 440034, 
        "short_term_average": 310085
    }, 
    {
        "accumulated_operating_revenue_yoy": 17.089589777687838, 
        "accumulated_operating_revenue": 2025123, 
        "long_term_average": 308065, 
        "date": "2015-07-31", 
        "operating_revenue": 308321, 
        "short_term_average": 327104
    }, 
    {
        "accumulated_operating_revenue_yoy": 17.369374783453885, 
        "accumulated_operating_revenue": 2296752, 
        "long_term_average": 311759, 
        "date": "2015-08-31", 
        "operating_revenue": 271629, 
        "short_term_average": 339994
    }
]