[
    {
        "date": "2012-01-31", 
        "operating_revenue": 204169, 
        "accumulated_operating_revenue": 204169, 
        "long_term_average": 204169, 
        "short_term_average": 204169
    }, 
    {
        "date": "2012-02-29", 
        "operating_revenue": 200786, 
        "accumulated_operating_revenue": 404955, 
        "long_term_average": 202477, 
        "short_term_average": 202477
    }, 
    {
        "date": "2012-03-31", 
        "operating_revenue": 308986, 
        "accumulated_operating_revenue": 713941, 
        "long_term_average": 237980, 
        "short_term_average": 237980
    }, 
    {
        "date": "2012-04-30", 
        "operating_revenue": 385298, 
        "accumulated_operating_revenue": 1099239, 
        "long_term_average": 274809, 
        "short_term_average": 298356
    }, 
    {
        "date": "2012-05-31", 
        "operating_revenue": 242416, 
        "accumulated_operating_revenue": 1341655, 
        "long_term_average": 268331, 
        "short_term_average": 312233
    }, 
    {
        "date": "2012-06-30", 
        "operating_revenue": 226668, 
        "accumulated_operating_revenue": 1568323, 
        "long_term_average": 261387, 
        "short_term_average": 284794
    }, 
    {
        "date": "2012-07-31", 
        "operating_revenue": 235385, 
        "accumulated_operating_revenue": 1803708, 
        "long_term_average": 257672, 
        "short_term_average": 234823
    }, 
    {
        "date": "2012-08-31", 
        "operating_revenue": 202782, 
        "accumulated_operating_revenue": 2006490, 
        "long_term_average": 250811, 
        "short_term_average": 221611
    }, 
    {
        "date": "2012-09-30", 
        "operating_revenue": 357034, 
        "accumulated_operating_revenue": 2363524, 
        "long_term_average": 262613, 
        "short_term_average": 265067
    }, 
    {
        "date": "2012-10-31", 
        "operating_revenue": 321876, 
        "accumulated_operating_revenue": 2685400, 
        "long_term_average": 268540, 
        "short_term_average": 293897
    }, 
    {
        "date": "2012-11-30", 
        "operating_revenue": 299311, 
        "accumulated_operating_revenue": 2984711, 
        "long_term_average": 271337, 
        "short_term_average": 326073
    }, 
    {
        "date": "2012-12-31", 
        "operating_revenue": 333368, 
        "accumulated_operating_revenue": 3318079, 
        "long_term_average": 276506, 
        "short_term_average": 318185
    }, 
    {
        "accumulated_operating_revenue_yoy": 52.928701223006435, 
        "accumulated_operating_revenue": 312233, 
        "long_term_average": 285511, 
        "date": "2013-01-31", 
        "operating_revenue": 312233, 
        "short_term_average": 314970
    }, 
    {
        "accumulated_operating_revenue_yoy": 9.27930263856478, 
        "accumulated_operating_revenue": 442532, 
        "long_term_average": 279638, 
        "date": "2013-02-28", 
        "operating_revenue": 130299, 
        "short_term_average": 258633
    }, 
    {
        "accumulated_operating_revenue_yoy": -5.77540721152028, 
        "accumulated_operating_revenue": 672708, 
        "long_term_average": 273070, 
        "date": "2013-03-31", 
        "operating_revenue": 230176, 
        "short_term_average": 224236
    }, 
    {
        "accumulated_operating_revenue_yoy": -10.867427374756536, 
        "accumulated_operating_revenue": 979780, 
        "long_term_average": 266551, 
        "date": "2013-04-30", 
        "operating_revenue": 307072, 
        "short_term_average": 222515
    }, 
    {
        "accumulated_operating_revenue_yoy": -9.983490539669289, 
        "accumulated_operating_revenue": 1207711, 
        "long_term_average": 265344, 
        "date": "2013-05-31", 
        "operating_revenue": 227931, 
        "short_term_average": 255059
    }, 
    {
        "accumulated_operating_revenue_yoy": -9.93041611963862, 
        "accumulated_operating_revenue": 1412582, 
        "long_term_average": 263528, 
        "date": "2013-06-30", 
        "operating_revenue": 204871, 
        "short_term_average": 246624
    }, 
    {
        "accumulated_operating_revenue_yoy": -3.8098738820252507, 
        "accumulated_operating_revenue": 1734989, 
        "long_term_average": 270780, 
        "date": "2013-07-31", 
        "operating_revenue": 322407, 
        "short_term_average": 251736
    }, 
    {
        "accumulated_operating_revenue_yoy": 0.7627249575128707, 
        "accumulated_operating_revenue": 2021794, 
        "long_term_average": 277781, 
        "date": "2013-08-31", 
        "operating_revenue": 286805, 
        "short_term_average": 271361
    }, 
    {
        "accumulated_operating_revenue_yoy": 0.722776667383111, 
        "accumulated_operating_revenue": 2380607, 
        "long_term_average": 277930, 
        "date": "2013-09-30", 
        "operating_revenue": 358813, 
        "short_term_average": 322675
    }, 
    {
        "accumulated_operating_revenue_yoy": 0.8731660087882626, 
        "accumulated_operating_revenue": 2708848, 
        "long_term_average": 278460, 
        "date": "2013-10-31", 
        "operating_revenue": 328241, 
        "short_term_average": 324619
    }, 
    {
        "accumulated_operating_revenue_yoy": 0.8860489340509015, 
        "accumulated_operating_revenue": 3011157, 
        "long_term_average": 278710, 
        "date": "2013-11-30", 
        "operating_revenue": 302309, 
        "short_term_average": 329787
    }, 
    {
        "accumulated_operating_revenue_yoy": -0.840395903774443, 
        "accumulated_operating_revenue": 3290194, 
        "long_term_average": 274182, 
        "date": "2013-12-31", 
        "operating_revenue": 279037, 
        "short_term_average": 303195
    }, 
    {
        "accumulated_operating_revenue_yoy": -6.449990872201209, 
        "accumulated_operating_revenue": 292094, 
        "long_term_average": 272504, 
        "date": "2014-01-31", 
        "operating_revenue": 292094, 
        "short_term_average": 291146
    }, 
    {
        "accumulated_operating_revenue_yoy": -1.75399745103179, 
        "accumulated_operating_revenue": 434770, 
        "long_term_average": 273536, 
        "date": "2014-02-28", 
        "operating_revenue": 142676, 
        "short_term_average": 237935
    }, 
    {
        "accumulated_operating_revenue_yoy": 0.13988238581970186, 
        "accumulated_operating_revenue": 673649, 
        "long_term_average": 274261, 
        "date": "2014-03-31", 
        "operating_revenue": 238879, 
        "short_term_average": 224549
    }, 
    {
        "accumulated_operating_revenue_yoy": 1.142399314131744, 
        "accumulated_operating_revenue": 990973, 
        "long_term_average": 275115, 
        "date": "2014-04-30", 
        "operating_revenue": 317324, 
        "short_term_average": 232959
    }, 
    {
        "accumulated_operating_revenue_yoy": 5.243224579390268, 
        "accumulated_operating_revenue": 1271034, 
        "long_term_average": 279459, 
        "date": "2014-05-31", 
        "operating_revenue": 280061, 
        "short_term_average": 278754
    }, 
    {
        "accumulated_operating_revenue_yoy": 6.524223018557507, 
        "accumulated_operating_revenue": 1504742, 
        "long_term_average": 281862, 
        "date": "2014-06-30", 
        "operating_revenue": 233708, 
        "short_term_average": 277031
    }, 
    {
        "accumulated_operating_revenue_yoy": 4.7709812569416865, 
        "accumulated_operating_revenue": 1817765, 
        "long_term_average": 281080, 
        "date": "2014-07-31", 
        "operating_revenue": 313023, 
        "short_term_average": 275597
    }, 
    {
        "accumulated_operating_revenue_yoy": 6.128022934087251, 
        "accumulated_operating_revenue": 2145690, 
        "long_term_average": 284507, 
        "date": "2014-08-31", 
        "operating_revenue": 327925, 
        "short_term_average": 291552
    }, 
    {
        "accumulated_operating_revenue_yoy": 7.393366481741842, 
        "accumulated_operating_revenue": 2556614, 
        "long_term_average": 288850, 
        "date": "2014-09-30", 
        "operating_revenue": 410924, 
        "short_term_average": 350624
    }, 
    {
        "accumulated_operating_revenue_yoy": 8.403424629215076, 
        "accumulated_operating_revenue": 2936484, 
        "long_term_average": 293152, 
        "date": "2014-10-31", 
        "operating_revenue": 379870, 
        "short_term_average": 372906
    }, 
    {
        "accumulated_operating_revenue_yoy": 8.317566968444355, 
        "accumulated_operating_revenue": 3261612, 
        "long_term_average": 295054, 
        "date": "2014-11-30", 
        "operating_revenue": 325128, 
        "short_term_average": 371974
    }, 
    {
        "accumulated_operating_revenue_yoy": 9.43625208726294, 
        "accumulated_operating_revenue": 3600665, 
        "long_term_average": 300055, 
        "date": "2014-12-31", 
        "operating_revenue": 339053, 
        "short_term_average": 348017
    }, 
    {
        "accumulated_operating_revenue_yoy": -5.697480947914028, 
        "accumulated_operating_revenue": 275452, 
        "long_term_average": 298668, 
        "date": "2015-01-31", 
        "operating_revenue": 275452, 
        "short_term_average": 313211
    }, 
    {
        "accumulated_operating_revenue_yoy": 16.503668606389585, 
        "accumulated_operating_revenue": 506523, 
        "long_term_average": 306034, 
        "date": "2015-02-28", 
        "operating_revenue": 231071, 
        "short_term_average": 281858
    }, 
    {
        "accumulated_operating_revenue_yoy": 13.636329898804867, 
        "accumulated_operating_revenue": 765510, 
        "long_term_average": 307710, 
        "date": "2015-03-31", 
        "operating_revenue": 258987, 
        "short_term_average": 255170
    }, 
    {
        "accumulated_operating_revenue_yoy": -1.7841051168901674, 
        "accumulated_operating_revenue": 973293, 
        "long_term_average": 298582, 
        "date": "2015-04-30", 
        "operating_revenue": 207783, 
        "short_term_average": 232613
    }, 
    {
        "accumulated_operating_revenue_yoy": -7.0296309933487215, 
        "accumulated_operating_revenue": 1181685, 
        "long_term_average": 292609, 
        "date": "2015-05-31", 
        "operating_revenue": 208392, 
        "short_term_average": 225054
    }, 
    {
        "accumulated_operating_revenue_yoy": -3.610585734963203, 
        "accumulated_operating_revenue": 1450412, 
        "long_term_average": 295527, 
        "date": "2015-06-30", 
        "operating_revenue": 268727, 
        "short_term_average": 228300
    }, 
    {
        "accumulated_operating_revenue_yoy": -3.429431197101936, 
        "accumulated_operating_revenue": 1755426, 
        "long_term_average": 294860, 
        "date": "2015-07-31", 
        "operating_revenue": 305014, 
        "short_term_average": 260711
    }, 
    {
        "accumulated_operating_revenue_yoy": 1.2563324618188088, 
        "accumulated_operating_revenue": 2172647, 
        "long_term_average": 302301, 
        "date": "2015-08-31", 
        "operating_revenue": 417221, 
        "short_term_average": 330320
    }
]