[
    {
        "date": "2012-01-31", 
        "operating_revenue": 4958, 
        "accumulated_operating_revenue": 4958, 
        "long_term_average": 4958, 
        "short_term_average": 4958
    }, 
    {
        "date": "2012-02-29", 
        "operating_revenue": 4296, 
        "accumulated_operating_revenue": 9254, 
        "long_term_average": 4627, 
        "short_term_average": 4627
    }, 
    {
        "date": "2012-03-31", 
        "operating_revenue": 7099, 
        "accumulated_operating_revenue": 16353, 
        "long_term_average": 5451, 
        "short_term_average": 5451
    }, 
    {
        "date": "2012-04-30", 
        "operating_revenue": 22887, 
        "accumulated_operating_revenue": 39240, 
        "long_term_average": 9810, 
        "short_term_average": 11427
    }, 
    {
        "date": "2012-05-31", 
        "operating_revenue": 23116, 
        "accumulated_operating_revenue": 62356, 
        "long_term_average": 12471, 
        "short_term_average": 17700
    }, 
    {
        "date": "2012-06-30", 
        "operating_revenue": 22694, 
        "accumulated_operating_revenue": 85050, 
        "long_term_average": 14175, 
        "short_term_average": 22899
    }, 
    {
        "date": "2012-07-31", 
        "operating_revenue": 21002, 
        "accumulated_operating_revenue": 106052, 
        "long_term_average": 15150, 
        "short_term_average": 22270
    }, 
    {
        "date": "2012-08-31", 
        "operating_revenue": 19969, 
        "accumulated_operating_revenue": 126021, 
        "long_term_average": 15752, 
        "short_term_average": 21221
    }, 
    {
        "date": "2012-09-30", 
        "operating_revenue": 22142, 
        "accumulated_operating_revenue": 148163, 
        "long_term_average": 16462, 
        "short_term_average": 21037
    }, 
    {
        "date": "2012-10-31", 
        "operating_revenue": 31967, 
        "accumulated_operating_revenue": 180130, 
        "long_term_average": 18013, 
        "short_term_average": 24692
    }, 
    {
        "date": "2012-11-30", 
        "operating_revenue": 13227, 
        "accumulated_operating_revenue": 193357, 
        "long_term_average": 17577, 
        "short_term_average": 22445
    }, 
    {
        "date": "2012-12-31", 
        "operating_revenue": 10425, 
        "accumulated_operating_revenue": 203782, 
        "long_term_average": 16981, 
        "short_term_average": 18539
    }, 
    {
        "accumulated_operating_revenue_yoy": 95.68374344493748, 
        "accumulated_operating_revenue": 9702, 
        "long_term_average": 17377, 
        "date": "2013-01-31", 
        "operating_revenue": 9702, 
        "short_term_average": 11118
    }, 
    {
        "accumulated_operating_revenue_yoy": 107.54268424465097, 
        "accumulated_operating_revenue": 19206, 
        "long_term_average": 17811, 
        "date": "2013-02-28", 
        "operating_revenue": 9504, 
        "short_term_average": 9877
    }, 
    {
        "accumulated_operating_revenue_yoy": 93.59750504494588, 
        "accumulated_operating_revenue": 31659, 
        "long_term_average": 18257, 
        "date": "2013-03-31", 
        "operating_revenue": 12453, 
        "short_term_average": 10553
    }, 
    {
        "accumulated_operating_revenue_yoy": 6.936799184505607, 
        "accumulated_operating_revenue": 41962, 
        "long_term_average": 17208, 
        "date": "2013-04-30", 
        "operating_revenue": 10303, 
        "short_term_average": 10753
    }, 
    {
        "accumulated_operating_revenue_yoy": -11.806401950093013, 
        "accumulated_operating_revenue": 54994, 
        "long_term_average": 16368, 
        "date": "2013-05-31", 
        "operating_revenue": 13032, 
        "short_term_average": 11929
    }, 
    {
        "accumulated_operating_revenue_yoy": -22.103468547912993, 
        "accumulated_operating_revenue": 66251, 
        "long_term_average": 15415, 
        "date": "2013-06-30", 
        "operating_revenue": 11257, 
        "short_term_average": 11530
    }, 
    {
        "accumulated_operating_revenue_yoy": -25.558216723871308, 
        "accumulated_operating_revenue": 78947, 
        "long_term_average": 14723, 
        "date": "2013-07-31", 
        "operating_revenue": 12696, 
        "short_term_average": 12328
    }, 
    {
        "accumulated_operating_revenue_yoy": -28.223867450662986, 
        "accumulated_operating_revenue": 90453, 
        "long_term_average": 14017, 
        "date": "2013-08-31", 
        "operating_revenue": 11506, 
        "short_term_average": 11819
    }, 
    {
        "accumulated_operating_revenue_yoy": -31.20684651363701, 
        "accumulated_operating_revenue": 101926, 
        "long_term_average": 13128, 
        "date": "2013-09-30", 
        "operating_revenue": 11473, 
        "short_term_average": 11891
    }, 
    {
        "accumulated_operating_revenue_yoy": -35.92516515849664, 
        "accumulated_operating_revenue": 115418, 
        "long_term_average": 11589, 
        "date": "2013-10-31", 
        "operating_revenue": 13492, 
        "short_term_average": 12157
    }, 
    {
        "accumulated_operating_revenue_yoy": -34.726955838164635, 
        "accumulated_operating_revenue": 126210, 
        "long_term_average": 11386, 
        "date": "2013-11-30", 
        "operating_revenue": 10792, 
        "short_term_average": 11919
    }, 
    {
        "accumulated_operating_revenue_yoy": -30.449696244025475, 
        "accumulated_operating_revenue": 141731, 
        "long_term_average": 11810, 
        "date": "2013-12-31", 
        "operating_revenue": 15521, 
        "short_term_average": 13268
    }, 
    {
        "accumulated_operating_revenue_yoy": 61.440940012368586, 
        "accumulated_operating_revenue": 15663, 
        "long_term_average": 12307, 
        "date": "2014-01-31", 
        "operating_revenue": 15663, 
        "short_term_average": 13992
    }, 
    {
        "accumulated_operating_revenue_yoy": 36.931167343538476, 
        "accumulated_operating_revenue": 26299, 
        "long_term_average": 12402, 
        "date": "2014-02-28", 
        "operating_revenue": 10636, 
        "short_term_average": 13940
    }, 
    {
        "accumulated_operating_revenue_yoy": 39.79279193910104, 
        "accumulated_operating_revenue": 44257, 
        "long_term_average": 12860, 
        "date": "2014-03-31", 
        "operating_revenue": 17958, 
        "short_term_average": 14752
    }, 
    {
        "accumulated_operating_revenue_yoy": 44.96449168295124, 
        "accumulated_operating_revenue": 60830, 
        "long_term_average": 13383, 
        "date": "2014-04-30", 
        "operating_revenue": 16573, 
        "short_term_average": 15055
    }, 
    {
        "accumulated_operating_revenue_yoy": 46.02320253118522, 
        "accumulated_operating_revenue": 80304, 
        "long_term_average": 13920, 
        "date": "2014-05-31", 
        "operating_revenue": 19474, 
        "short_term_average": 18001
    }, 
    {
        "accumulated_operating_revenue_yoy": 42.50199996981178, 
        "accumulated_operating_revenue": 94409, 
        "long_term_average": 14157, 
        "date": "2014-06-30", 
        "operating_revenue": 14105, 
        "short_term_average": 16717
    }, 
    {
        "accumulated_operating_revenue_yoy": 35.69229989739952, 
        "accumulated_operating_revenue": 107125, 
        "long_term_average": 14159, 
        "date": "2014-07-31", 
        "operating_revenue": 12716, 
        "short_term_average": 15431
    }, 
    {
        "accumulated_operating_revenue_yoy": 37.56978762451218, 
        "accumulated_operating_revenue": 124436, 
        "long_term_average": 14642, 
        "date": "2014-08-31", 
        "operating_revenue": 17311, 
        "short_term_average": 14710
    }, 
    {
        "accumulated_operating_revenue_yoy": 44.61962600317877, 
        "accumulated_operating_revenue": 147405, 
        "long_term_average": 15600, 
        "date": "2014-09-30", 
        "operating_revenue": 22969, 
        "short_term_average": 17665
    }, 
    {
        "accumulated_operating_revenue_yoy": 51.256303176280994, 
        "accumulated_operating_revenue": 174577, 
        "long_term_average": 16740, 
        "date": "2014-10-31", 
        "operating_revenue": 27172, 
        "short_term_average": 22484
    }, 
    {
        "accumulated_operating_revenue_yoy": 49.16329926313288, 
        "accumulated_operating_revenue": 188259, 
        "long_term_average": 16981, 
        "date": "2014-11-30", 
        "operating_revenue": 13682, 
        "short_term_average": 21274
    }, 
    {
        "accumulated_operating_revenue_yoy": 47.53300265996853, 
        "accumulated_operating_revenue": 209100, 
        "long_term_average": 17425, 
        "date": "2014-12-31", 
        "operating_revenue": 20841, 
        "short_term_average": 20565
    }, 
    {
        "accumulated_operating_revenue_yoy": 3.3135414671518864, 
        "accumulated_operating_revenue": 16182, 
        "long_term_average": 17468, 
        "date": "2015-01-31", 
        "operating_revenue": 16182, 
        "short_term_average": 16901
    }, 
    {
        "accumulated_operating_revenue_yoy": 11.608806418495, 
        "accumulated_operating_revenue": 29352, 
        "long_term_average": 17679, 
        "date": "2015-02-28", 
        "operating_revenue": 13170, 
        "short_term_average": 16731
    }, 
    {
        "accumulated_operating_revenue_yoy": 19.0049031791581, 
        "accumulated_operating_revenue": 52668, 
        "long_term_average": 18125, 
        "date": "2015-03-31", 
        "operating_revenue": 23316, 
        "short_term_average": 17556
    }, 
    {
        "accumulated_operating_revenue_yoy": 25.078086470491534, 
        "accumulated_operating_revenue": 76085, 
        "long_term_average": 18696, 
        "date": "2015-04-30", 
        "operating_revenue": 23417, 
        "short_term_average": 19967
    }, 
    {
        "accumulated_operating_revenue_yoy": 26.27266387726639, 
        "accumulated_operating_revenue": 101402, 
        "long_term_average": 19183, 
        "date": "2015-05-31", 
        "operating_revenue": 25317, 
        "short_term_average": 24016
    }, 
    {
        "accumulated_operating_revenue_yoy": 10.16322596362635, 
        "accumulated_operating_revenue": 104004, 
        "long_term_average": 18224, 
        "date": "2015-06-30", 
        "operating_revenue": 2602, 
        "short_term_average": 17112
    }, 
    {
        "accumulated_operating_revenue_yoy": 1.9313885647607936, 
        "accumulated_operating_revenue": 109194, 
        "long_term_average": 17597, 
        "date": "2015-07-31", 
        "operating_revenue": 5190, 
        "short_term_average": 11036
    }, 
    {
        "accumulated_operating_revenue_yoy": -6.733581921630397, 
        "accumulated_operating_revenue": 116057, 
        "long_term_average": 16726, 
        "date": "2015-08-31", 
        "operating_revenue": 6863, 
        "short_term_average": 4885
    }, 
    {
        "accumulated_operating_revenue_yoy": 32.180726569655036, 
        "accumulated_operating_revenue": 194841, 
        "long_term_average": 21378, 
        "date": "2015-09-30", 
        "operating_revenue": 78784, 
        "short_term_average": 30279
    }
]