[
    {
        "date": "2012-01-31", 
        "operating_revenue": 288173, 
        "accumulated_operating_revenue": 288173, 
        "long_term_average": 288173, 
        "short_term_average": 288173
    }, 
    {
        "date": "2012-02-29", 
        "operating_revenue": 333978, 
        "accumulated_operating_revenue": 622151, 
        "long_term_average": 311075, 
        "short_term_average": 311075
    }, 
    {
        "date": "2012-03-31", 
        "operating_revenue": 382845, 
        "accumulated_operating_revenue": 1004996, 
        "long_term_average": 334998, 
        "short_term_average": 334998
    }, 
    {
        "date": "2012-04-30", 
        "operating_revenue": 342529, 
        "accumulated_operating_revenue": 1347525, 
        "long_term_average": 336881, 
        "short_term_average": 353117
    }, 
    {
        "date": "2012-05-31", 
        "operating_revenue": 333540, 
        "accumulated_operating_revenue": 1681065, 
        "long_term_average": 336213, 
        "short_term_average": 352971
    }, 
    {
        "date": "2012-06-30", 
        "operating_revenue": 361159, 
        "accumulated_operating_revenue": 2042224, 
        "long_term_average": 340370, 
        "short_term_average": 345742
    }, 
    {
        "date": "2012-07-31", 
        "operating_revenue": 364774, 
        "accumulated_operating_revenue": 2406998, 
        "long_term_average": 343856, 
        "short_term_average": 353157
    }, 
    {
        "date": "2012-08-31", 
        "operating_revenue": 361949, 
        "accumulated_operating_revenue": 2768947, 
        "long_term_average": 346118, 
        "short_term_average": 362627
    }, 
    {
        "date": "2012-09-30", 
        "operating_revenue": 309257, 
        "accumulated_operating_revenue": 3078204, 
        "long_term_average": 342022, 
        "short_term_average": 345326
    }, 
    {
        "date": "2012-10-31", 
        "operating_revenue": 305682, 
        "accumulated_operating_revenue": 3383886, 
        "long_term_average": 338388, 
        "short_term_average": 325629
    }, 
    {
        "date": "2012-11-30", 
        "operating_revenue": 338089, 
        "accumulated_operating_revenue": 3721975, 
        "long_term_average": 338361, 
        "short_term_average": 317676
    }, 
    {
        "date": "2012-12-31", 
        "operating_revenue": 307756, 
        "accumulated_operating_revenue": 4029731, 
        "long_term_average": 335810, 
        "short_term_average": 317175
    }, 
    {
        "accumulated_operating_revenue_yoy": 33.78491392323361, 
        "accumulated_operating_revenue": 385532, 
        "long_term_average": 343924, 
        "date": "2013-01-31", 
        "operating_revenue": 385532, 
        "short_term_average": 343792
    }, 
    {
        "accumulated_operating_revenue_yoy": -3.9977433131185194, 
        "accumulated_operating_revenue": 597279, 
        "long_term_average": 333738, 
        "date": "2013-02-28", 
        "operating_revenue": 211747, 
        "short_term_average": 301678
    }, 
    {
        "accumulated_operating_revenue_yoy": -7.624607461124223, 
        "accumulated_operating_revenue": 928369, 
        "long_term_average": 329425, 
        "date": "2013-03-31", 
        "operating_revenue": 331090, 
        "short_term_average": 309456
    }, 
    {
        "accumulated_operating_revenue_yoy": -8.128086677427135, 
        "accumulated_operating_revenue": 1237997, 
        "long_term_average": 326683, 
        "date": "2013-04-30", 
        "operating_revenue": 309628, 
        "short_term_average": 284155
    }, 
    {
        "accumulated_operating_revenue_yoy": -6.513252015835199, 
        "accumulated_operating_revenue": 1571573, 
        "long_term_average": 326686, 
        "date": "2013-05-31", 
        "operating_revenue": 333576, 
        "short_term_average": 324764
    }, 
    {
        "accumulated_operating_revenue_yoy": -6.563677637712612, 
        "accumulated_operating_revenue": 1908179, 
        "long_term_average": 324640, 
        "date": "2013-06-30", 
        "operating_revenue": 336606, 
        "short_term_average": 326603
    }, 
    {
        "accumulated_operating_revenue_yoy": -7.673791170578455, 
        "accumulated_operating_revenue": 2222290, 
        "long_term_average": 320418, 
        "date": "2013-07-31", 
        "operating_revenue": 314111, 
        "short_term_average": 328097
    }, 
    {
        "accumulated_operating_revenue_yoy": -7.687218281895608, 
        "accumulated_operating_revenue": 2556092, 
        "long_term_average": 318073, 
        "date": "2013-08-31", 
        "operating_revenue": 333802, 
        "short_term_average": 328173
    }, 
    {
        "accumulated_operating_revenue_yoy": -6.676003279834605, 
        "accumulated_operating_revenue": 2872703, 
        "long_term_average": 318685, 
        "date": "2013-09-30", 
        "operating_revenue": 316611, 
        "short_term_average": 321508
    }, 
    {
        "accumulated_operating_revenue_yoy": -6.760688746606712, 
        "accumulated_operating_revenue": 3155112, 
        "long_term_average": 316746, 
        "date": "2013-10-31", 
        "operating_revenue": 282409, 
        "short_term_average": 310940
    }, 
    {
        "accumulated_operating_revenue_yoy": -6.8182080750139376, 
        "accumulated_operating_revenue": 3468203, 
        "long_term_average": 314663, 
        "date": "2013-11-30", 
        "operating_revenue": 313091, 
        "short_term_average": 304037
    }, 
    {
        "accumulated_operating_revenue_yoy": -3.9544078748680747, 
        "accumulated_operating_revenue": 3870379, 
        "long_term_average": 322531, 
        "date": "2013-12-31", 
        "operating_revenue": 402176, 
        "short_term_average": 332558
    }, 
    {
        "accumulated_operating_revenue_yoy": -13.320813836464938, 
        "accumulated_operating_revenue": 334176, 
        "long_term_average": 318251, 
        "date": "2014-01-31", 
        "operating_revenue": 334176, 
        "short_term_average": 349814
    }, 
    {
        "accumulated_operating_revenue_yoy": 0.3981388932140591, 
        "accumulated_operating_revenue": 599657, 
        "long_term_average": 322729, 
        "date": "2014-02-28", 
        "operating_revenue": 265481, 
        "short_term_average": 333944
    }, 
    {
        "accumulated_operating_revenue_yoy": -1.439621529801189, 
        "accumulated_operating_revenue": 915004, 
        "long_term_average": 321417, 
        "date": "2014-03-31", 
        "operating_revenue": 315347, 
        "short_term_average": 305001
    }, 
    {
        "accumulated_operating_revenue_yoy": -0.8987097707021907, 
        "accumulated_operating_revenue": 1226871, 
        "long_term_average": 321604, 
        "date": "2014-04-30", 
        "operating_revenue": 311867, 
        "short_term_average": 297565
    }, 
    {
        "accumulated_operating_revenue_yoy": -1.542912737747467, 
        "accumulated_operating_revenue": 1547325, 
        "long_term_average": 320510, 
        "date": "2014-05-31", 
        "operating_revenue": 320454, 
        "short_term_average": 315889
    }, 
    {
        "accumulated_operating_revenue_yoy": -2.7319239966481135, 
        "accumulated_operating_revenue": 1856049, 
        "long_term_average": 318187, 
        "date": "2014-06-30", 
        "operating_revenue": 308724, 
        "short_term_average": 313681
    }, 
    {
        "accumulated_operating_revenue_yoy": -1.5670772041452736, 
        "accumulated_operating_revenue": 2187465, 
        "long_term_average": 319629, 
        "date": "2014-07-31", 
        "operating_revenue": 331416, 
        "short_term_average": 320198
    }, 
    {
        "accumulated_operating_revenue_yoy": -2.474950040921845, 
        "accumulated_operating_revenue": 2492830, 
        "long_term_average": 317259, 
        "date": "2014-08-31", 
        "operating_revenue": 305365, 
        "short_term_average": 315168
    }, 
    {
        "accumulated_operating_revenue_yoy": -1.5847792131661365, 
        "accumulated_operating_revenue": 2827177, 
        "long_term_average": 318737, 
        "date": "2014-09-30", 
        "operating_revenue": 334347, 
        "short_term_average": 323709
    }, 
    {
        "accumulated_operating_revenue_yoy": -0.5924036928007627, 
        "accumulated_operating_revenue": 3136421, 
        "long_term_average": 320974, 
        "date": "2014-10-31", 
        "operating_revenue": 309244, 
        "short_term_average": 316318
    }, 
    {
        "accumulated_operating_revenue_yoy": -0.13857320347165375, 
        "accumulated_operating_revenue": 3463397, 
        "long_term_average": 322131, 
        "date": "2014-11-30", 
        "operating_revenue": 326976, 
        "short_term_average": 323522
    }, 
    {
        "accumulated_operating_revenue_yoy": 0.045396071030769855, 
        "accumulated_operating_revenue": 3872136, 
        "long_term_average": 322678, 
        "date": "2014-12-31", 
        "operating_revenue": 408739, 
        "short_term_average": 348319
    }, 
    {
        "accumulated_operating_revenue_yoy": 9.620678923680934, 
        "accumulated_operating_revenue": 366326, 
        "long_term_average": 325357, 
        "date": "2015-01-31", 
        "operating_revenue": 366326, 
        "short_term_average": 367347
    }, 
    {
        "accumulated_operating_revenue_yoy": -6.154351570981411, 
        "accumulated_operating_revenue": 562752, 
        "long_term_average": 319602, 
        "date": "2015-02-28", 
        "operating_revenue": 196426, 
        "short_term_average": 323830
    }, 
    {
        "accumulated_operating_revenue_yoy": -2.567092602873867, 
        "accumulated_operating_revenue": 891515, 
        "long_term_average": 320720, 
        "date": "2015-03-31", 
        "operating_revenue": 328763, 
        "short_term_average": 297171
    }, 
    {
        "accumulated_operating_revenue_yoy": -2.6526831264248645, 
        "accumulated_operating_revenue": 1194326, 
        "long_term_average": 319965, 
        "date": "2015-04-30", 
        "operating_revenue": 302811, 
        "short_term_average": 276000
    }, 
    {
        "accumulated_operating_revenue_yoy": -4.082335643772317, 
        "accumulated_operating_revenue": 1484158, 
        "long_term_average": 317414, 
        "date": "2015-05-31", 
        "operating_revenue": 289832, 
        "short_term_average": 307135
    }, 
    {
        "accumulated_operating_revenue_yoy": -3.80496420083737, 
        "accumulated_operating_revenue": 1785427, 
        "long_term_average": 316792, 
        "date": "2015-06-30", 
        "operating_revenue": 301269, 
        "short_term_average": 297970
    }, 
    {
        "accumulated_operating_revenue_yoy": -4.487020363754392, 
        "accumulated_operating_revenue": 2089313, 
        "long_term_average": 314498, 
        "date": "2015-07-31", 
        "operating_revenue": 303886, 
        "short_term_average": 298329
    }, 
    {
        "accumulated_operating_revenue_yoy": -4.808631154150103, 
        "accumulated_operating_revenue": 2372959, 
        "long_term_average": 312688, 
        "date": "2015-08-31", 
        "operating_revenue": 283646, 
        "short_term_average": 296267
    }, 
    {
        "accumulated_operating_revenue_yoy": -6.460472761344621, 
        "accumulated_operating_revenue": 2644528, 
        "long_term_average": 307457, 
        "date": "2015-09-30", 
        "operating_revenue": 271569, 
        "short_term_average": 286367
    }
]