[
    {
        "date": "2012-01-31", 
        "operating_revenue": 101889, 
        "accumulated_operating_revenue": 101889, 
        "long_term_average": 101889, 
        "short_term_average": 101889
    }, 
    {
        "date": "2012-02-29", 
        "operating_revenue": 226747, 
        "accumulated_operating_revenue": 328636, 
        "long_term_average": 164318, 
        "short_term_average": 164318
    }, 
    {
        "date": "2012-03-31", 
        "operating_revenue": 219915, 
        "accumulated_operating_revenue": 548551, 
        "long_term_average": 182850, 
        "short_term_average": 182850
    }, 
    {
        "date": "2012-04-30", 
        "operating_revenue": 208106, 
        "accumulated_operating_revenue": 756657, 
        "long_term_average": 189164, 
        "short_term_average": 218256
    }, 
    {
        "date": "2012-05-31", 
        "operating_revenue": 597783, 
        "accumulated_operating_revenue": 1354440, 
        "long_term_average": 270888, 
        "short_term_average": 341934
    }, 
    {
        "date": "2012-06-30", 
        "operating_revenue": 350098, 
        "accumulated_operating_revenue": 1704538, 
        "long_term_average": 284089, 
        "short_term_average": 385329
    }, 
    {
        "date": "2012-07-31", 
        "operating_revenue": 446230, 
        "accumulated_operating_revenue": 2150768, 
        "long_term_average": 307252, 
        "short_term_average": 464703
    }, 
    {
        "date": "2012-08-31", 
        "operating_revenue": 399764, 
        "accumulated_operating_revenue": 2550532, 
        "long_term_average": 318816, 
        "short_term_average": 398697
    }, 
    {
        "date": "2012-09-30", 
        "operating_revenue": 578803, 
        "accumulated_operating_revenue": 3129335, 
        "long_term_average": 347703, 
        "short_term_average": 474932
    }, 
    {
        "date": "2012-10-31", 
        "operating_revenue": 491312, 
        "accumulated_operating_revenue": 3620647, 
        "long_term_average": 362064, 
        "short_term_average": 489959
    }, 
    {
        "date": "2012-11-30", 
        "operating_revenue": 326788, 
        "accumulated_operating_revenue": 3947435, 
        "long_term_average": 358857, 
        "short_term_average": 465634
    }, 
    {
        "date": "2012-12-31", 
        "operating_revenue": 574951, 
        "accumulated_operating_revenue": 4522386, 
        "long_term_average": 376865, 
        "short_term_average": 464350
    }, 
    {
        "accumulated_operating_revenue_yoy": 153.64170813336082, 
        "accumulated_operating_revenue": 258433, 
        "long_term_average": 389910, 
        "date": "2013-01-31", 
        "operating_revenue": 258433, 
        "short_term_average": 386724
    }, 
    {
        "accumulated_operating_revenue_yoy": 84.6745335264548, 
        "accumulated_operating_revenue": 606907, 
        "long_term_average": 400054, 
        "date": "2013-02-28", 
        "operating_revenue": 348474, 
        "short_term_average": 393952
    }, 
    {
        "accumulated_operating_revenue_yoy": 64.94054335877613, 
        "accumulated_operating_revenue": 904783, 
        "long_term_average": 406551, 
        "date": "2013-03-31", 
        "operating_revenue": 297876, 
        "short_term_average": 301594
    }, 
    {
        "accumulated_operating_revenue_yoy": 76.55542736008522, 
        "accumulated_operating_revenue": 1335919, 
        "long_term_average": 425137, 
        "date": "2013-04-30", 
        "operating_revenue": 431136, 
        "short_term_average": 359162
    }, 
    {
        "accumulated_operating_revenue_yoy": 42.69365937213904, 
        "accumulated_operating_revenue": 1932700, 
        "long_term_average": 425053, 
        "date": "2013-05-31", 
        "operating_revenue": 596781, 
        "short_term_average": 441931
    }, 
    {
        "accumulated_operating_revenue_yoy": 28.15425646128159, 
        "accumulated_operating_revenue": 2184438, 
        "long_term_average": 416857, 
        "date": "2013-06-30", 
        "operating_revenue": 251738, 
        "short_term_average": 426551
    }, 
    {
        "accumulated_operating_revenue_yoy": 9.727548485006286, 
        "accumulated_operating_revenue": 2359985, 
        "long_term_average": 394300, 
        "date": "2013-07-31", 
        "operating_revenue": 175547, 
        "short_term_average": 341355
    }, 
    {
        "accumulated_operating_revenue_yoy": 6.7203234462457235, 
        "accumulated_operating_revenue": 2721936, 
        "long_term_average": 391149, 
        "date": "2013-08-31", 
        "operating_revenue": 361951, 
        "short_term_average": 263078
    }, 
    {
        "accumulated_operating_revenue_yoy": 1.3981884330057344, 
        "accumulated_operating_revenue": 3173089, 
        "long_term_average": 380511, 
        "date": "2013-09-30", 
        "operating_revenue": 451153, 
        "short_term_average": 329550
    }, 
    {
        "accumulated_operating_revenue_yoy": -2.81424839262154, 
        "accumulated_operating_revenue": 3518753, 
        "long_term_average": 368374, 
        "date": "2013-10-31", 
        "operating_revenue": 345664, 
        "short_term_average": 386256
    }, 
    {
        "accumulated_operating_revenue_yoy": -1.5327674806551597, 
        "accumulated_operating_revenue": 3886930, 
        "long_term_average": 371823, 
        "date": "2013-11-30", 
        "operating_revenue": 368177, 
        "short_term_average": 388331
    }, 
    {
        "accumulated_operating_revenue_yoy": -1.5928980852143095, 
        "accumulated_operating_revenue": 4450349, 
        "long_term_average": 370862, 
        "date": "2013-12-31", 
        "operating_revenue": 563419, 
        "short_term_average": 425753
    }, 
    {
        "accumulated_operating_revenue_yoy": -33.961994017791845, 
        "accumulated_operating_revenue": 170664, 
        "long_term_average": 363548, 
        "date": "2014-01-31", 
        "operating_revenue": 170664, 
        "short_term_average": 367420
    }, 
    {
        "accumulated_operating_revenue_yoy": -0.2511093132885269, 
        "accumulated_operating_revenue": 605383, 
        "long_term_average": 370735, 
        "date": "2014-02-28", 
        "operating_revenue": 434719, 
        "short_term_average": 389600
    }, 
    {
        "accumulated_operating_revenue_yoy": 4.900069961526687, 
        "accumulated_operating_revenue": 949118, 
        "long_term_average": 374557, 
        "date": "2014-03-31", 
        "operating_revenue": 343735, 
        "short_term_average": 316372
    }, 
    {
        "accumulated_operating_revenue_yoy": -5.584545170777569, 
        "accumulated_operating_revenue": 1261314, 
        "long_term_average": 364645, 
        "date": "2014-04-30", 
        "operating_revenue": 312196, 
        "short_term_average": 363550
    }, 
    {
        "accumulated_operating_revenue_yoy": -24.510477570238525, 
        "accumulated_operating_revenue": 1458986, 
        "long_term_average": 331386, 
        "date": "2014-05-31", 
        "operating_revenue": 197672, 
        "short_term_average": 284534
    }, 
    {
        "accumulated_operating_revenue_yoy": -9.677088569233826, 
        "accumulated_operating_revenue": 1973048, 
        "long_term_average": 353246, 
        "date": "2014-06-30", 
        "operating_revenue": 514062, 
        "short_term_average": 341310
    }, 
    {
        "accumulated_operating_revenue_yoy": -3.177689688705648, 
        "accumulated_operating_revenue": 2284992, 
        "long_term_average": 364613, 
        "date": "2014-07-31", 
        "operating_revenue": 311944, 
        "short_term_average": 341226
    }, 
    {
        "accumulated_operating_revenue_yoy": 1.482584454594083, 
        "accumulated_operating_revenue": 2762291, 
        "long_term_average": 374225, 
        "date": "2014-08-31", 
        "operating_revenue": 477299, 
        "short_term_average": 434435
    }, 
    {
        "accumulated_operating_revenue_yoy": 2.2568544405782505, 
        "accumulated_operating_revenue": 3244701, 
        "long_term_average": 376830, 
        "date": "2014-09-30", 
        "operating_revenue": 482410, 
        "short_term_average": 423884
    }, 
    {
        "accumulated_operating_revenue_yoy": 2.239770736962782, 
        "accumulated_operating_revenue": 3597565, 
        "long_term_average": 377430, 
        "date": "2014-10-31", 
        "operating_revenue": 352864, 
        "short_term_average": 437524
    }, 
    {
        "accumulated_operating_revenue_yoy": 8.500693349249921, 
        "accumulated_operating_revenue": 4217346, 
        "long_term_average": 398397, 
        "date": "2014-11-30", 
        "operating_revenue": 619781, 
        "short_term_average": 485018
    }, 
    {
        "accumulated_operating_revenue_yoy": 15.122903844170423, 
        "accumulated_operating_revenue": 5123371, 
        "long_term_average": 426947, 
        "date": "2014-12-31", 
        "operating_revenue": 906025, 
        "short_term_average": 626223
    }, 
    {
        "accumulated_operating_revenue_yoy": 49.517765902592224, 
        "accumulated_operating_revenue": 255173, 
        "long_term_average": 433990, 
        "date": "2015-01-31", 
        "operating_revenue": 255173, 
        "short_term_average": 593659
    }, 
    {
        "accumulated_operating_revenue_yoy": 7.722879565498205, 
        "accumulated_operating_revenue": 652136, 
        "long_term_average": 430843, 
        "date": "2015-02-28", 
        "operating_revenue": 396963, 
        "short_term_average": 519387
    }, 
    {
        "accumulated_operating_revenue_yoy": 8.15472891674165, 
        "accumulated_operating_revenue": 1026516, 
        "long_term_average": 433397, 
        "date": "2015-03-31", 
        "operating_revenue": 374380, 
        "short_term_average": 342172
    }, 
    {
        "accumulated_operating_revenue_yoy": 17.76932627402851, 
        "accumulated_operating_revenue": 1485441, 
        "long_term_average": 445624, 
        "date": "2015-04-30", 
        "operating_revenue": 458925, 
        "short_term_average": 410089
    }, 
    {
        "accumulated_operating_revenue_yoy": 23.25930475001131, 
        "accumulated_operating_revenue": 1798336, 
        "long_term_average": 455226, 
        "date": "2015-05-31", 
        "operating_revenue": 312895, 
        "short_term_average": 382066
    }, 
    {
        "accumulated_operating_revenue_yoy": 19.940214328288008, 
        "accumulated_operating_revenue": 2366478, 
        "long_term_average": 459733, 
        "date": "2015-06-30", 
        "operating_revenue": 568142, 
        "short_term_average": 446654
    }, 
    {
        "accumulated_operating_revenue_yoy": 19.99267393496345, 
        "accumulated_operating_revenue": 2741823, 
        "long_term_average": 465016, 
        "date": "2015-07-31", 
        "operating_revenue": 375345, 
        "short_term_average": 418794
    }, 
    {
        "accumulated_operating_revenue_yoy": 15.144602795288403, 
        "accumulated_operating_revenue": 3180629, 
        "long_term_average": 461809, 
        "date": "2015-08-31", 
        "operating_revenue": 438806, 
        "short_term_average": 460764
    }, 
    {
        "accumulated_operating_revenue_yoy": 12.288497460937078, 
        "accumulated_operating_revenue": 3643426, 
        "long_term_average": 460174, 
        "date": "2015-09-30", 
        "operating_revenue": 462797, 
        "short_term_average": 425649
    }, 
    {
        "accumulated_operating_revenue_yoy": 11.222757615220296, 
        "accumulated_operating_revenue": 4001311, 
        "long_term_average": 460593, 
        "date": "2015-10-31", 
        "operating_revenue": 357885, 
        "short_term_average": 419829
    }
]