[
    {
        "date": "2012-01-31", 
        "operating_revenue": 322890, 
        "accumulated_operating_revenue": 322890, 
        "long_term_average": 322890, 
        "short_term_average": 322890
    }, 
    {
        "date": "2012-02-29", 
        "operating_revenue": 348960, 
        "accumulated_operating_revenue": 671850, 
        "long_term_average": 335925, 
        "short_term_average": 335925
    }, 
    {
        "date": "2012-03-31", 
        "operating_revenue": 355839, 
        "accumulated_operating_revenue": 1027689, 
        "long_term_average": 342563, 
        "short_term_average": 342563
    }, 
    {
        "date": "2012-04-30", 
        "operating_revenue": 373514, 
        "accumulated_operating_revenue": 1401203, 
        "long_term_average": 350300, 
        "short_term_average": 359437
    }, 
    {
        "date": "2012-05-31", 
        "operating_revenue": 379027, 
        "accumulated_operating_revenue": 1780230, 
        "long_term_average": 356046, 
        "short_term_average": 369460
    }, 
    {
        "date": "2012-06-30", 
        "operating_revenue": 380878, 
        "accumulated_operating_revenue": 2161108, 
        "long_term_average": 360184, 
        "short_term_average": 377806
    }, 
    {
        "date": "2012-07-31", 
        "operating_revenue": 333080, 
        "accumulated_operating_revenue": 2494188, 
        "long_term_average": 356312, 
        "short_term_average": 364328
    }, 
    {
        "date": "2012-08-31", 
        "operating_revenue": 305162, 
        "accumulated_operating_revenue": 2799350, 
        "long_term_average": 349918, 
        "short_term_average": 339706
    }, 
    {
        "date": "2012-09-30", 
        "operating_revenue": 318100, 
        "accumulated_operating_revenue": 3117450, 
        "long_term_average": 346383, 
        "short_term_average": 318780
    }, 
    {
        "date": "2012-10-31", 
        "operating_revenue": 362268, 
        "accumulated_operating_revenue": 3479718, 
        "long_term_average": 347971, 
        "short_term_average": 328510
    }, 
    {
        "date": "2012-11-30", 
        "operating_revenue": 388841, 
        "accumulated_operating_revenue": 3868559, 
        "long_term_average": 351687, 
        "short_term_average": 356403
    }, 
    {
        "date": "2012-12-31", 
        "operating_revenue": 351641, 
        "accumulated_operating_revenue": 4220200, 
        "long_term_average": 351683, 
        "short_term_average": 367583
    }, 
    {
        "accumulated_operating_revenue_yoy": 3.2280343150918265, 
        "accumulated_operating_revenue": 333313, 
        "long_term_average": 352551, 
        "date": "2013-01-31", 
        "operating_revenue": 333313, 
        "short_term_average": 357931
    }, 
    {
        "accumulated_operating_revenue_yoy": -6.867604375976781, 
        "accumulated_operating_revenue": 625710, 
        "long_term_average": 347838, 
        "date": "2013-02-28", 
        "operating_revenue": 292397, 
        "short_term_average": 325783
    }, 
    {
        "accumulated_operating_revenue_yoy": -6.606278747753455, 
        "accumulated_operating_revenue": 959797, 
        "long_term_average": 346025, 
        "date": "2013-03-31", 
        "operating_revenue": 334087, 
        "short_term_average": 319932
    }, 
    {
        "accumulated_operating_revenue_yoy": -10.072701814084041, 
        "accumulated_operating_revenue": 1260064, 
        "long_term_average": 339921, 
        "date": "2013-04-30", 
        "operating_revenue": 300267, 
        "short_term_average": 308917
    }, 
    {
        "accumulated_operating_revenue_yoy": -12.253753728450818, 
        "accumulated_operating_revenue": 1562085, 
        "long_term_average": 333504, 
        "date": "2013-05-31", 
        "operating_revenue": 302021, 
        "short_term_average": 312125
    }, 
    {
        "accumulated_operating_revenue_yoy": -13.830775694689946, 
        "accumulated_operating_revenue": 1862210, 
        "long_term_average": 326775, 
        "date": "2013-06-30", 
        "operating_revenue": 300125, 
        "short_term_average": 300804
    }, 
    {
        "accumulated_operating_revenue_yoy": -11.171210830939769, 
        "accumulated_operating_revenue": 2215557, 
        "long_term_average": 328464, 
        "date": "2013-07-31", 
        "operating_revenue": 353347, 
        "short_term_average": 318497
    }, 
    {
        "accumulated_operating_revenue_yoy": -8.796756389876222, 
        "accumulated_operating_revenue": 2553098, 
        "long_term_average": 331162, 
        "date": "2013-08-31", 
        "operating_revenue": 337541, 
        "short_term_average": 330337
    }, 
    {
        "accumulated_operating_revenue_yoy": -6.44876421434185, 
        "accumulated_operating_revenue": 2916413, 
        "long_term_average": 334930, 
        "date": "2013-09-30", 
        "operating_revenue": 363315, 
        "short_term_average": 351401
    }, 
    {
        "accumulated_operating_revenue_yoy": -2.1155449953128387, 
        "accumulated_operating_revenue": 3406103, 
        "long_term_average": 345548, 
        "date": "2013-10-31", 
        "operating_revenue": 489690, 
        "short_term_average": 396848
    }, 
    {
        "accumulated_operating_revenue_yoy": -1.8987948742671366, 
        "accumulated_operating_revenue": 3795103, 
        "long_term_average": 345562, 
        "date": "2013-11-30", 
        "operating_revenue": 389000, 
        "short_term_average": 414001
    }, 
    {
        "accumulated_operating_revenue_yoy": -0.3929671579545993, 
        "accumulated_operating_revenue": 4203616, 
        "long_term_average": 350301, 
        "date": "2013-12-31", 
        "operating_revenue": 408513, 
        "short_term_average": 429067
    }, 
    {
        "accumulated_operating_revenue_yoy": 15.157224590700032, 
        "accumulated_operating_revenue": 383834, 
        "long_term_average": 354511, 
        "date": "2014-01-31", 
        "operating_revenue": 383834, 
        "short_term_average": 393782
    }, 
    {
        "accumulated_operating_revenue_yoy": 11.941474484985056, 
        "accumulated_operating_revenue": 700429, 
        "long_term_average": 356527, 
        "date": "2014-02-28", 
        "operating_revenue": 316595, 
        "short_term_average": 369647
    }, 
    {
        "accumulated_operating_revenue_yoy": 21.983919516314387, 
        "accumulated_operating_revenue": 1170798, 
        "long_term_average": 367884, 
        "date": "2014-03-31", 
        "operating_revenue": 470369, 
        "short_term_average": 390266
    }, 
    {
        "accumulated_operating_revenue_yoy": 22.811857175508546, 
        "accumulated_operating_revenue": 1547508, 
        "long_term_average": 374255, 
        "date": "2014-04-30", 
        "operating_revenue": 376710, 
        "short_term_average": 387891
    }, 
    {
        "accumulated_operating_revenue_yoy": 29.07140136420233, 
        "accumulated_operating_revenue": 2016205, 
        "long_term_average": 388144, 
        "date": "2014-05-31", 
        "operating_revenue": 468697, 
        "short_term_average": 438592
    }, 
    {
        "accumulated_operating_revenue_yoy": 28.624322713335232, 
        "accumulated_operating_revenue": 2395255, 
        "long_term_average": 394721, 
        "date": "2014-06-30", 
        "operating_revenue": 379050, 
        "short_term_average": 408152
    }, 
    {
        "accumulated_operating_revenue_yoy": 26.886737736830963, 
        "accumulated_operating_revenue": 2811248, 
        "long_term_average": 399942, 
        "date": "2014-07-31", 
        "operating_revenue": 415993, 
        "short_term_average": 421246
    }, 
    {
        "accumulated_operating_revenue_yoy": 25.15618280222694, 
        "accumulated_operating_revenue": 3195360, 
        "long_term_average": 403823, 
        "date": "2014-08-31", 
        "operating_revenue": 384112, 
        "short_term_average": 393051
    }, 
    {
        "accumulated_operating_revenue_yoy": 25.117121614805583, 
        "accumulated_operating_revenue": 3648932, 
        "long_term_average": 411344, 
        "date": "2014-09-30", 
        "operating_revenue": 453572, 
        "short_term_average": 417892
    }, 
    {
        "accumulated_operating_revenue_yoy": 20.63907051548353, 
        "accumulated_operating_revenue": 4109091, 
        "long_term_average": 408883, 
        "date": "2014-10-31", 
        "operating_revenue": 460159, 
        "short_term_average": 432614
    }, 
    {
        "accumulated_operating_revenue_yoy": 19.16469724273623, 
        "accumulated_operating_revenue": 4522423, 
        "long_term_average": 410911, 
        "date": "2014-11-30", 
        "operating_revenue": 413332, 
        "short_term_average": 442354
    }, 
    {
        "accumulated_operating_revenue_yoy": 18.051292030480425, 
        "accumulated_operating_revenue": 4962423, 
        "long_term_average": 413535, 
        "date": "2014-12-31", 
        "operating_revenue": 440000, 
        "short_term_average": 437830
    }, 
    {
        "accumulated_operating_revenue_yoy": 42.29198038735495, 
        "accumulated_operating_revenue": 546165, 
        "long_term_average": 427062, 
        "date": "2015-01-31", 
        "operating_revenue": 546165, 
        "short_term_average": 466499
    }, 
    {
        "accumulated_operating_revenue_yoy": 48.34708442968523, 
        "accumulated_operating_revenue": 1039066, 
        "long_term_average": 441755, 
        "date": "2015-02-28", 
        "operating_revenue": 492901, 
        "short_term_average": 493022
    }, 
    {
        "accumulated_operating_revenue_yoy": 37.54678433000398, 
        "accumulated_operating_revenue": 1610395, 
        "long_term_average": 450168, 
        "date": "2015-03-31", 
        "operating_revenue": 571329, 
        "short_term_average": 536798
    }, 
    {
        "accumulated_operating_revenue_yoy": 33.074400907782056, 
        "accumulated_operating_revenue": 2059337, 
        "long_term_average": 456187, 
        "date": "2015-04-30", 
        "operating_revenue": 448942, 
        "short_term_average": 504390
    }, 
    {
        "accumulated_operating_revenue_yoy": 24.41259693334755, 
        "accumulated_operating_revenue": 2508413, 
        "long_term_average": 454552, 
        "date": "2015-05-31", 
        "operating_revenue": 449076, 
        "short_term_average": 489782
    }, 
    {
        "accumulated_operating_revenue_yoy": 23.220366933792018, 
        "accumulated_operating_revenue": 2951442, 
        "long_term_average": 459884, 
        "date": "2015-06-30", 
        "operating_revenue": 443029, 
        "short_term_average": 447015
    }, 
    {
        "accumulated_operating_revenue_yoy": 22.787281662805984, 
        "accumulated_operating_revenue": 3451855, 
        "long_term_average": 466919, 
        "date": "2015-07-31", 
        "operating_revenue": 500413, 
        "short_term_average": 464172
    }, 
    {
        "accumulated_operating_revenue_yoy": 20.2837238996545, 
        "accumulated_operating_revenue": 3843498, 
        "long_term_average": 467546, 
        "date": "2015-08-31", 
        "operating_revenue": 391643, 
        "short_term_average": 445028
    }, 
    {
        "accumulated_operating_revenue_yoy": 17.86399417692629, 
        "accumulated_operating_revenue": 4300777, 
        "long_term_average": 467855, 
        "date": "2015-09-30", 
        "operating_revenue": 457279, 
        "short_term_average": 449778
    }
]