[
    {
        "date": "2012-01-31", 
        "operating_revenue": 1029253, 
        "accumulated_operating_revenue": 1029253, 
        "long_term_average": 1029253, 
        "short_term_average": 1029253
    }, 
    {
        "date": "2012-02-29", 
        "operating_revenue": 1138234, 
        "accumulated_operating_revenue": 2167487, 
        "long_term_average": 1083743, 
        "short_term_average": 1083743
    }, 
    {
        "date": "2012-03-31", 
        "operating_revenue": 1345504, 
        "accumulated_operating_revenue": 3512991, 
        "long_term_average": 1170997, 
        "short_term_average": 1170997
    }, 
    {
        "date": "2012-04-30", 
        "operating_revenue": 1288808, 
        "accumulated_operating_revenue": 4801799, 
        "long_term_average": 1200449, 
        "short_term_average": 1257515
    }, 
    {
        "date": "2012-05-31", 
        "operating_revenue": 1280399, 
        "accumulated_operating_revenue": 6082198, 
        "long_term_average": 1216439, 
        "short_term_average": 1304903
    }, 
    {
        "date": "2012-06-30", 
        "operating_revenue": 1302558, 
        "accumulated_operating_revenue": 7384756, 
        "long_term_average": 1230792, 
        "short_term_average": 1290588
    }, 
    {
        "date": "2012-07-31", 
        "operating_revenue": 1208085, 
        "accumulated_operating_revenue": 8592841, 
        "long_term_average": 1227548, 
        "short_term_average": 1263680
    }, 
    {
        "date": "2012-08-31", 
        "operating_revenue": 1183747, 
        "accumulated_operating_revenue": 9776588, 
        "long_term_average": 1222073, 
        "short_term_average": 1231463
    }, 
    {
        "date": "2012-09-30", 
        "operating_revenue": 1370771, 
        "accumulated_operating_revenue": 11147359, 
        "long_term_average": 1238595, 
        "short_term_average": 1254201
    }, 
    {
        "date": "2012-10-31", 
        "operating_revenue": 1356688, 
        "accumulated_operating_revenue": 12504047, 
        "long_term_average": 1250404, 
        "short_term_average": 1303735
    }, 
    {
        "date": "2012-11-30", 
        "operating_revenue": 1292773, 
        "accumulated_operating_revenue": 13796820, 
        "long_term_average": 1254256, 
        "short_term_average": 1340077
    }, 
    {
        "date": "2012-12-31", 
        "operating_revenue": 1502120, 
        "accumulated_operating_revenue": 15298940, 
        "long_term_average": 1274911, 
        "short_term_average": 1383860
    }, 
    {
        "accumulated_operating_revenue_yoy": 33.863102657947074, 
        "accumulated_operating_revenue": 1377790, 
        "long_term_average": 1303956, 
        "date": "2013-01-31", 
        "operating_revenue": 1377790, 
        "short_term_average": 1390894
    }, 
    {
        "accumulated_operating_revenue_yoy": 10.385298735355738, 
        "accumulated_operating_revenue": 2392587, 
        "long_term_average": 1293670, 
        "date": "2013-02-28", 
        "operating_revenue": 1014797, 
        "short_term_average": 1298235
    }, 
    {
        "accumulated_operating_revenue_yoy": 9.578561402519961, 
        "accumulated_operating_revenue": 3849485, 
        "long_term_average": 1302952, 
        "date": "2013-03-31", 
        "operating_revenue": 1456898, 
        "short_term_average": 1283161
    }, 
    {
        "accumulated_operating_revenue_yoy": 8.799056353670782, 
        "accumulated_operating_revenue": 5224312, 
        "long_term_average": 1310121, 
        "date": "2013-04-30", 
        "operating_revenue": 1374827, 
        "short_term_average": 1282174
    }, 
    {
        "accumulated_operating_revenue_yoy": 9.477724993497416, 
        "accumulated_operating_revenue": 6658652, 
        "long_term_average": 1322949, 
        "date": "2013-05-31", 
        "operating_revenue": 1434340, 
        "short_term_average": 1422021
    }, 
    {
        "accumulated_operating_revenue_yoy": 7.125015369499006, 
        "accumulated_operating_revenue": 7910921, 
        "long_term_average": 1318758, 
        "date": "2013-06-30", 
        "operating_revenue": 1252269, 
        "short_term_average": 1353812
    }, 
    {
        "accumulated_operating_revenue_yoy": 7.9862294670645015, 
        "accumulated_operating_revenue": 9279085, 
        "long_term_average": 1332098, 
        "date": "2013-07-31", 
        "operating_revenue": 1368164, 
        "short_term_average": 1351591
    }, 
    {
        "accumulated_operating_revenue_yoy": 8.907831648423766, 
        "accumulated_operating_revenue": 10647470, 
        "long_term_average": 1347485, 
        "date": "2013-08-31", 
        "operating_revenue": 1368385, 
        "short_term_average": 1329606
    }, 
    {
        "accumulated_operating_revenue_yoy": 7.762340837861236, 
        "accumulated_operating_revenue": 12012655, 
        "long_term_average": 1347019, 
        "date": "2013-09-30", 
        "operating_revenue": 1365185, 
        "short_term_average": 1367244
    }, 
    {
        "accumulated_operating_revenue_yoy": 8.114188950185488, 
        "accumulated_operating_revenue": 13518649, 
        "long_term_average": 1359461, 
        "date": "2013-10-31", 
        "operating_revenue": 1505994, 
        "short_term_average": 1413188
    }, 
    {
        "accumulated_operating_revenue_yoy": 8.942894087188206, 
        "accumulated_operating_revenue": 15030655, 
        "long_term_average": 1377731, 
        "date": "2013-11-30", 
        "operating_revenue": 1512006, 
        "short_term_average": 1461061
    }, 
    {
        "accumulated_operating_revenue_yoy": 7.913339094081027, 
        "accumulated_operating_revenue": 16509597, 
        "long_term_average": 1375799, 
        "date": "2013-12-31", 
        "operating_revenue": 1478942, 
        "short_term_average": 1498980
    }, 
    {
        "accumulated_operating_revenue_yoy": 13.38498610092975, 
        "accumulated_operating_revenue": 1562207, 
        "long_term_average": 1391167, 
        "date": "2014-01-31", 
        "operating_revenue": 1562207, 
        "short_term_average": 1517718
    }, 
    {
        "accumulated_operating_revenue_yoy": 26.25726880569024, 
        "accumulated_operating_revenue": 3020815, 
        "long_term_average": 1428152, 
        "date": "2014-02-28", 
        "operating_revenue": 1458608, 
        "short_term_average": 1499919
    }, 
    {
        "accumulated_operating_revenue_yoy": 21.088301422138287, 
        "accumulated_operating_revenue": 4661276, 
        "long_term_average": 1443449, 
        "date": "2014-03-31", 
        "operating_revenue": 1640461, 
        "short_term_average": 1553758
    }, 
    {
        "accumulated_operating_revenue_yoy": 20.024933426640676, 
        "accumulated_operating_revenue": 6270477, 
        "long_term_average": 1462980, 
        "date": "2014-04-30", 
        "operating_revenue": 1609201, 
        "short_term_average": 1569423
    }, 
    {
        "accumulated_operating_revenue_yoy": 16.992403267207838, 
        "accumulated_operating_revenue": 7790117, 
        "long_term_average": 1470088, 
        "date": "2014-05-31", 
        "operating_revenue": 1519640, 
        "short_term_average": 1589767
    }, 
    {
        "accumulated_operating_revenue_yoy": 16.993862029465344, 
        "accumulated_operating_revenue": 9255292, 
        "long_term_average": 1487830, 
        "date": "2014-06-30", 
        "operating_revenue": 1465175, 
        "short_term_average": 1531338
    }, 
    {
        "accumulated_operating_revenue_yoy": 15.873106022846004, 
        "accumulated_operating_revenue": 10751964, 
        "long_term_average": 1498539, 
        "date": "2014-07-31", 
        "operating_revenue": 1496672, 
        "short_term_average": 1493829
    }, 
    {
        "accumulated_operating_revenue_yoy": 14.688672520326426, 
        "accumulated_operating_revenue": 12211442, 
        "long_term_average": 1506130, 
        "date": "2014-08-31", 
        "operating_revenue": 1459478, 
        "short_term_average": 1473775
    }, 
    {
        "accumulated_operating_revenue_yoy": 14.615395181165198, 
        "accumulated_operating_revenue": 13768352, 
        "long_term_average": 1522107, 
        "date": "2014-09-30", 
        "operating_revenue": 1556910, 
        "short_term_average": 1504353
    }, 
    {
        "accumulated_operating_revenue_yoy": 13.497783691254947, 
        "accumulated_operating_revenue": 15343367, 
        "long_term_average": 1527859, 
        "date": "2014-10-31", 
        "operating_revenue": 1575015, 
        "short_term_average": 1530467
    }, 
    {
        "accumulated_operating_revenue_yoy": 12.462078332580981, 
        "accumulated_operating_revenue": 16903787, 
        "long_term_average": 1531894, 
        "date": "2014-11-30", 
        "operating_revenue": 1560420, 
        "short_term_average": 1564115
    }, 
    {
        "accumulated_operating_revenue_yoy": 13.642356018744733, 
        "accumulated_operating_revenue": 18761895, 
        "long_term_average": 1563491, 
        "date": "2014-12-31", 
        "operating_revenue": 1858108, 
        "short_term_average": 1664514
    }, 
    {
        "accumulated_operating_revenue_yoy": -21.834686440401306, 
        "accumulated_operating_revenue": 1221104, 
        "long_term_average": 1535066, 
        "date": "2015-01-31", 
        "operating_revenue": 1221104, 
        "short_term_average": 1546544
    }, 
    {
        "accumulated_operating_revenue_yoy": -22.847542798880436, 
        "accumulated_operating_revenue": 2330633, 
        "long_term_average": 1505976, 
        "date": "2015-02-28", 
        "operating_revenue": 1109529, 
        "short_term_average": 1396247
    }, 
    {
        "accumulated_operating_revenue_yoy": -19.978477996153842, 
        "accumulated_operating_revenue": 3730024, 
        "long_term_average": 1485886, 
        "date": "2015-03-31", 
        "operating_revenue": 1399391, 
        "short_term_average": 1243341
    }, 
    {
        "accumulated_operating_revenue_yoy": -19.44874369206681, 
        "accumulated_operating_revenue": 5050948, 
        "long_term_average": 1461863, 
        "date": "2015-04-30", 
        "operating_revenue": 1320924, 
        "short_term_average": 1276614
    }, 
    {
        "accumulated_operating_revenue_yoy": -19.76662224713698, 
        "accumulated_operating_revenue": 6250274, 
        "long_term_average": 1435171, 
        "date": "2015-05-31", 
        "operating_revenue": 1199326, 
        "short_term_average": 1306547
    }, 
    {
        "accumulated_operating_revenue_yoy": -18.8005305505218, 
        "accumulated_operating_revenue": 7515248, 
        "long_term_average": 1418487, 
        "date": "2015-06-30", 
        "operating_revenue": 1264974, 
        "short_term_average": 1261741
    }, 
    {
        "accumulated_operating_revenue_yoy": -18.124921177191442, 
        "accumulated_operating_revenue": 8803179, 
        "long_term_average": 1401092, 
        "date": "2015-07-31", 
        "operating_revenue": 1287931, 
        "short_term_average": 1250743
    }, 
    {
        "accumulated_operating_revenue_yoy": -18.055328764612728, 
        "accumulated_operating_revenue": 10006626, 
        "long_term_average": 1379756, 
        "date": "2015-08-31", 
        "operating_revenue": 1203447, 
        "short_term_average": 1252117
    }, 
    {
        "accumulated_operating_revenue_yoy": -18.34547083049591, 
        "accumulated_operating_revenue": 11242483, 
        "long_term_average": 1353002, 
        "date": "2015-09-30", 
        "operating_revenue": 1235857, 
        "short_term_average": 1242411
    }
]