[
    {
        "date": "2012-01-31", 
        "operating_revenue": 203519, 
        "accumulated_operating_revenue": 203519, 
        "long_term_average": 203519, 
        "short_term_average": 203519
    }, 
    {
        "date": "2012-02-29", 
        "operating_revenue": 255031, 
        "accumulated_operating_revenue": 458550, 
        "long_term_average": 229275, 
        "short_term_average": 229275
    }, 
    {
        "date": "2012-03-31", 
        "operating_revenue": 239764, 
        "accumulated_operating_revenue": 698314, 
        "long_term_average": 232771, 
        "short_term_average": 232771
    }, 
    {
        "date": "2012-04-30", 
        "operating_revenue": 218721, 
        "accumulated_operating_revenue": 917035, 
        "long_term_average": 229258, 
        "short_term_average": 237838
    }, 
    {
        "date": "2012-05-31", 
        "operating_revenue": 235887, 
        "accumulated_operating_revenue": 1152922, 
        "long_term_average": 230584, 
        "short_term_average": 231457
    }, 
    {
        "date": "2012-06-30", 
        "operating_revenue": 226697, 
        "accumulated_operating_revenue": 1379619, 
        "long_term_average": 229936, 
        "short_term_average": 227101
    }, 
    {
        "date": "2012-07-31", 
        "operating_revenue": 201355, 
        "accumulated_operating_revenue": 1580974, 
        "long_term_average": 225853, 
        "short_term_average": 221313
    }, 
    {
        "date": "2012-08-31", 
        "operating_revenue": 252435, 
        "accumulated_operating_revenue": 1833409, 
        "long_term_average": 229176, 
        "short_term_average": 226829
    }, 
    {
        "date": "2012-09-30", 
        "operating_revenue": 212536, 
        "accumulated_operating_revenue": 2045945, 
        "long_term_average": 227327, 
        "short_term_average": 222108
    }, 
    {
        "date": "2012-10-31", 
        "operating_revenue": 242830, 
        "accumulated_operating_revenue": 2288775, 
        "long_term_average": 228877, 
        "short_term_average": 235933
    }, 
    {
        "date": "2012-11-30", 
        "operating_revenue": 232018, 
        "accumulated_operating_revenue": 2520793, 
        "long_term_average": 229163, 
        "short_term_average": 229128
    }, 
    {
        "date": "2012-12-31", 
        "operating_revenue": 234385, 
        "accumulated_operating_revenue": 2755178, 
        "long_term_average": 229598, 
        "short_term_average": 236411
    }, 
    {
        "accumulated_operating_revenue_yoy": 8.070008205622079, 
        "accumulated_operating_revenue": 219943, 
        "long_term_average": 230966, 
        "date": "2013-01-31", 
        "operating_revenue": 219943, 
        "short_term_average": 228782
    }, 
    {
        "accumulated_operating_revenue_yoy": -16.87253298440737, 
        "accumulated_operating_revenue": 381181, 
        "long_term_average": 223150, 
        "date": "2013-02-28", 
        "operating_revenue": 161238, 
        "short_term_average": 205188
    }, 
    {
        "accumulated_operating_revenue_yoy": -14.088647800273229, 
        "accumulated_operating_revenue": 599931, 
        "long_term_average": 221399, 
        "date": "2013-03-31", 
        "operating_revenue": 218750, 
        "short_term_average": 199977
    }, 
    {
        "accumulated_operating_revenue_yoy": -13.555207816495555, 
        "accumulated_operating_revenue": 792729, 
        "long_term_average": 219239, 
        "date": "2013-04-30", 
        "operating_revenue": 192798, 
        "short_term_average": 190928
    }, 
    {
        "accumulated_operating_revenue_yoy": -9.983155842285948, 
        "accumulated_operating_revenue": 1037824, 
        "long_term_average": 220006, 
        "date": "2013-05-31", 
        "operating_revenue": 245095, 
        "short_term_average": 218881
    }, 
    {
        "accumulated_operating_revenue_yoy": -10.811680616170117, 
        "accumulated_operating_revenue": 1230459, 
        "long_term_average": 217168, 
        "date": "2013-06-30", 
        "operating_revenue": 192635, 
        "short_term_average": 210176
    }, 
    {
        "accumulated_operating_revenue_yoy": -9.208500582552274, 
        "accumulated_operating_revenue": 1435390, 
        "long_term_average": 217466, 
        "date": "2013-07-31", 
        "operating_revenue": 204931, 
        "short_term_average": 214220
    }, 
    {
        "accumulated_operating_revenue_yoy": -11.27369834008669, 
        "accumulated_operating_revenue": 1626716, 
        "long_term_average": 212373, 
        "date": "2013-08-31", 
        "operating_revenue": 191326, 
        "short_term_average": 196297
    }, 
    {
        "accumulated_operating_revenue_yoy": -12.729521077057301, 
        "accumulated_operating_revenue": 1785506, 
        "long_term_average": 207894, 
        "date": "2013-09-30", 
        "operating_revenue": 158790, 
        "short_term_average": 185015
    }, 
    {
        "accumulated_operating_revenue_yoy": -12.225011195945429, 
        "accumulated_operating_revenue": 2008972, 
        "long_term_average": 206281, 
        "date": "2013-10-31", 
        "operating_revenue": 223466, 
        "short_term_average": 191194
    }, 
    {
        "accumulated_operating_revenue_yoy": -10.909384467506852, 
        "accumulated_operating_revenue": 2245790, 
        "long_term_average": 206681, 
        "date": "2013-11-30", 
        "operating_revenue": 236818, 
        "short_term_average": 206358
    }, 
    {
        "accumulated_operating_revenue_yoy": -10.105771750500331, 
        "accumulated_operating_revenue": 2476746, 
        "long_term_average": 206395, 
        "date": "2013-12-31", 
        "operating_revenue": 230956, 
        "short_term_average": 230413
    }, 
    {
        "accumulated_operating_revenue_yoy": -10.755513928608776, 
        "accumulated_operating_revenue": 196287, 
        "long_term_average": 204424, 
        "date": "2014-01-31", 
        "operating_revenue": 196287, 
        "short_term_average": 221353
    }, 
    {
        "accumulated_operating_revenue_yoy": 5.263641157350445, 
        "accumulated_operating_revenue": 401245, 
        "long_term_average": 208067, 
        "date": "2014-02-28", 
        "operating_revenue": 204958, 
        "short_term_average": 210733
    }, 
    {
        "accumulated_operating_revenue_yoy": 2.8129901605351284, 
        "accumulated_operating_revenue": 616807, 
        "long_term_average": 207801, 
        "date": "2014-03-31", 
        "operating_revenue": 215562, 
        "short_term_average": 205602
    }, 
    {
        "accumulated_operating_revenue_yoy": 5.165195167579337, 
        "accumulated_operating_revenue": 833675, 
        "long_term_average": 209807, 
        "date": "2014-04-30", 
        "operating_revenue": 216868, 
        "short_term_average": 212462
    }, 
    {
        "accumulated_operating_revenue_yoy": -0.8388705599407992, 
        "accumulated_operating_revenue": 1029118, 
        "long_term_average": 205670, 
        "date": "2014-05-31", 
        "operating_revenue": 195443, 
        "short_term_average": 209291
    }, 
    {
        "accumulated_operating_revenue_yoy": -2.4714354561996785, 
        "accumulated_operating_revenue": 1200049, 
        "long_term_average": 203861, 
        "date": "2014-06-30", 
        "operating_revenue": 170931, 
        "short_term_average": 194414
    }, 
    {
        "accumulated_operating_revenue_yoy": -3.036596325737256, 
        "accumulated_operating_revenue": 1391803, 
        "long_term_average": 202763, 
        "date": "2014-07-31", 
        "operating_revenue": 191754, 
        "short_term_average": 186042
    }, 
    {
        "accumulated_operating_revenue_yoy": -1.7511968899303874, 
        "accumulated_operating_revenue": 1598229, 
        "long_term_average": 204021, 
        "date": "2014-08-31", 
        "operating_revenue": 206426, 
        "short_term_average": 189703
    }, 
    {
        "accumulated_operating_revenue_yoy": 0.40991181211376493, 
        "accumulated_operating_revenue": 1792825, 
        "long_term_average": 207005, 
        "date": "2014-09-30", 
        "operating_revenue": 194596, 
        "short_term_average": 197592
    }, 
    {
        "accumulated_operating_revenue_yoy": 0.8359499286202098, 
        "accumulated_operating_revenue": 2025766, 
        "long_term_average": 207795, 
        "date": "2014-10-31", 
        "operating_revenue": 232941, 
        "short_term_average": 211321
    }, 
    {
        "accumulated_operating_revenue_yoy": 0.08705177242751994, 
        "accumulated_operating_revenue": 2247745, 
        "long_term_average": 206558, 
        "date": "2014-11-30", 
        "operating_revenue": 221979, 
        "short_term_average": 216505
    }, 
    {
        "accumulated_operating_revenue_yoy": -0.10089851765178988, 
        "accumulated_operating_revenue": 2474247, 
        "long_term_average": 206187, 
        "date": "2014-12-31", 
        "operating_revenue": 226502, 
        "short_term_average": 227140
    }, 
    {
        "accumulated_operating_revenue_yoy": 1.904863796379791, 
        "accumulated_operating_revenue": 200026, 
        "long_term_average": 206498, 
        "date": "2015-01-31", 
        "operating_revenue": 200026, 
        "short_term_average": 216169
    }, 
    {
        "accumulated_operating_revenue_yoy": -7.890939450958891, 
        "accumulated_operating_revenue": 369583, 
        "long_term_average": 203548, 
        "date": "2015-02-28", 
        "operating_revenue": 169557, 
        "short_term_average": 198695
    }, 
    {
        "accumulated_operating_revenue_yoy": -4.051186189521196, 
        "accumulated_operating_revenue": 591819, 
        "long_term_average": 204104, 
        "date": "2015-03-31", 
        "operating_revenue": 222236, 
        "short_term_average": 197273
    }, 
    {
        "accumulated_operating_revenue_yoy": -5.280115152787356, 
        "accumulated_operating_revenue": 789656, 
        "long_term_average": 202519, 
        "date": "2015-04-30", 
        "operating_revenue": 197837, 
        "short_term_average": 196543
    }, 
    {
        "accumulated_operating_revenue_yoy": -3.2861149061623642, 
        "accumulated_operating_revenue": 995300, 
        "long_term_average": 203369, 
        "date": "2015-05-31", 
        "operating_revenue": 205644, 
        "short_term_average": 208572
    }, 
    {
        "accumulated_operating_revenue_yoy": -0.8066337291227275, 
        "accumulated_operating_revenue": 1190369, 
        "long_term_average": 205380, 
        "date": "2015-06-30", 
        "operating_revenue": 195069, 
        "short_term_average": 199516
    }, 
    {
        "accumulated_operating_revenue_yoy": -0.5691178995878008, 
        "accumulated_operating_revenue": 1383882, 
        "long_term_average": 205527, 
        "date": "2015-07-31", 
        "operating_revenue": 193513, 
        "short_term_average": 198075
    }, 
    {
        "accumulated_operating_revenue_yoy": -0.32266965497434974, 
        "accumulated_operating_revenue": 1593072, 
        "long_term_average": 205757, 
        "date": "2015-08-31", 
        "operating_revenue": 209190, 
        "short_term_average": 199257
    }, 
    {
        "accumulated_operating_revenue_yoy": 0.3250735570956451, 
        "accumulated_operating_revenue": 1798653, 
        "long_term_average": 206672, 
        "date": "2015-09-30", 
        "operating_revenue": 205581, 
        "short_term_average": 202761
    }
]