[
    {
        "date": "2011-09-30", 
        "operating_revenue": 101834, 
        "accumulated_operating_revenue": 101834, 
        "long_term_average": 101834, 
        "short_term_average": 101834
    }, 
    {
        "date": "2011-10-31", 
        "operating_revenue": 86760, 
        "accumulated_operating_revenue": 188594, 
        "long_term_average": 94297, 
        "short_term_average": 94297
    }, 
    {
        "date": "2011-11-30", 
        "operating_revenue": 107658, 
        "accumulated_operating_revenue": 296252, 
        "long_term_average": 98750, 
        "short_term_average": 98750
    }, 
    {
        "date": "2011-12-31", 
        "operating_revenue": 118040, 
        "accumulated_operating_revenue": 414292, 
        "long_term_average": 103573, 
        "short_term_average": 104152
    }, 
    {
        "date": "2012-01-31", 
        "operating_revenue": 90935, 
        "accumulated_operating_revenue": 90935, 
        "long_term_average": 101045, 
        "short_term_average": 105544
    }, 
    {
        "date": "2012-02-29", 
        "operating_revenue": 99585, 
        "accumulated_operating_revenue": 190520, 
        "long_term_average": 100802, 
        "short_term_average": 102853
    }, 
    {
        "date": "2012-03-31", 
        "operating_revenue": 139256, 
        "accumulated_operating_revenue": 329776, 
        "long_term_average": 106295, 
        "short_term_average": 109925
    }, 
    {
        "date": "2012-04-30", 
        "operating_revenue": 122676, 
        "accumulated_operating_revenue": 452452, 
        "long_term_average": 108343, 
        "short_term_average": 120505
    }, 
    {
        "date": "2012-05-31", 
        "operating_revenue": 142171, 
        "accumulated_operating_revenue": 594623, 
        "long_term_average": 112101, 
        "short_term_average": 134701
    }, 
    {
        "date": "2012-06-30", 
        "operating_revenue": 126750, 
        "accumulated_operating_revenue": 721373, 
        "long_term_average": 113566, 
        "short_term_average": 130532
    }, 
    {
        "date": "2012-07-31", 
        "operating_revenue": 142745, 
        "accumulated_operating_revenue": 864118, 
        "long_term_average": 116219, 
        "short_term_average": 137222
    }, 
    {
        "date": "2012-08-31", 
        "operating_revenue": 110144, 
        "accumulated_operating_revenue": 974262, 
        "long_term_average": 115712, 
        "short_term_average": 126546
    }, 
    {
        "accumulated_operating_revenue_yoy": 981.0132175894103, 
        "accumulated_operating_revenue": 1100839, 
        "long_term_average": 117774, 
        "date": "2012-09-30", 
        "operating_revenue": 126577, 
        "short_term_average": 126488
    }, 
    {
        "accumulated_operating_revenue_yoy": 544.8635693606371, 
        "accumulated_operating_revenue": 1216174, 
        "long_term_average": 120156, 
        "date": "2012-10-31", 
        "operating_revenue": 115335, 
        "short_term_average": 117352
    }, 
    {
        "accumulated_operating_revenue_yoy": 349.9682702564033, 
        "accumulated_operating_revenue": 1333040, 
        "long_term_average": 120923, 
        "date": "2012-11-30", 
        "operating_revenue": 116866, 
        "short_term_average": 119592
    }, 
    {
        "accumulated_operating_revenue_yoy": 242.6911453757253, 
        "accumulated_operating_revenue": 1419742, 
        "long_term_average": 118311, 
        "date": "2012-12-31", 
        "operating_revenue": 86702, 
        "short_term_average": 106301
    }, 
    {
        "accumulated_operating_revenue_yoy": -7.486666300104471, 
        "accumulated_operating_revenue": 84127, 
        "long_term_average": 117744, 
        "date": "2013-01-31", 
        "operating_revenue": 84127, 
        "short_term_average": 95898
    }, 
    {
        "accumulated_operating_revenue_yoy": -19.01375183707747, 
        "accumulated_operating_revenue": 154295, 
        "long_term_average": 115293, 
        "date": "2013-02-28", 
        "operating_revenue": 70168, 
        "short_term_average": 80332
    }, 
    {
        "accumulated_operating_revenue_yoy": -26.31240599679783, 
        "accumulated_operating_revenue": 243004, 
        "long_term_average": 111080, 
        "date": "2013-03-31", 
        "operating_revenue": 88709, 
        "short_term_average": 81001
    }, 
    {
        "accumulated_operating_revenue_yoy": -30.77674537851529, 
        "accumulated_operating_revenue": 313202, 
        "long_term_average": 106707, 
        "date": "2013-04-30", 
        "operating_revenue": 70198, 
        "short_term_average": 76358
    }, 
    {
        "accumulated_operating_revenue_yoy": -28.23284669446019, 
        "accumulated_operating_revenue": 426744, 
        "long_term_average": 104321, 
        "date": "2013-05-31", 
        "operating_revenue": 113542, 
        "short_term_average": 90816
    }, 
    {
        "accumulated_operating_revenue_yoy": -26.82842302110004, 
        "accumulated_operating_revenue": 527840, 
        "long_term_average": 102184, 
        "date": "2013-06-30", 
        "operating_revenue": 101096, 
        "short_term_average": 94945
    }, 
    {
        "accumulated_operating_revenue_yoy": -27.187837772156115, 
        "accumulated_operating_revenue": 629183, 
        "long_term_average": 98733, 
        "date": "2013-07-31", 
        "operating_revenue": 101343, 
        "short_term_average": 105327
    }, 
    {
        "accumulated_operating_revenue_yoy": -26.317561395189383, 
        "accumulated_operating_revenue": 717860, 
        "long_term_average": 96945, 
        "date": "2013-08-31", 
        "operating_revenue": 88677, 
        "short_term_average": 97038
    }, 
    {
        "accumulated_operating_revenue_yoy": -21.75231800472185, 
        "accumulated_operating_revenue": 861381, 
        "long_term_average": 98357, 
        "date": "2013-09-30", 
        "operating_revenue": 143521, 
        "short_term_average": 111180
    }, 
    {
        "accumulated_operating_revenue_yoy": -20.431451420602645, 
        "accumulated_operating_revenue": 967692, 
        "long_term_average": 97605, 
        "date": "2013-10-31", 
        "operating_revenue": 106311, 
        "short_term_average": 112836
    }, 
    {
        "accumulated_operating_revenue_yoy": -19.561978635299766, 
        "accumulated_operating_revenue": 1072271, 
        "long_term_average": 96581, 
        "date": "2013-11-30", 
        "operating_revenue": 104579, 
        "short_term_average": 118137
    }, 
    {
        "accumulated_operating_revenue_yoy": -13.620714186098601, 
        "accumulated_operating_revenue": 1226363, 
        "long_term_average": 102196, 
        "date": "2013-12-31", 
        "operating_revenue": 154092, 
        "short_term_average": 121660
    }, 
    {
        "accumulated_operating_revenue_yoy": 4.915187751851367, 
        "accumulated_operating_revenue": 88262, 
        "long_term_average": 102541, 
        "date": "2014-01-31", 
        "operating_revenue": 88262, 
        "short_term_average": 115644
    }, 
    {
        "accumulated_operating_revenue_yoy": -0.9319809455912376, 
        "accumulated_operating_revenue": 152857, 
        "long_term_average": 102077, 
        "date": "2014-02-28", 
        "operating_revenue": 64595, 
        "short_term_average": 102316
    }, 
    {
        "accumulated_operating_revenue_yoy": 0.6098665042550739, 
        "accumulated_operating_revenue": 244486, 
        "long_term_average": 102320, 
        "date": "2014-03-31", 
        "operating_revenue": 91629, 
        "short_term_average": 81495
    }, 
    {
        "accumulated_operating_revenue_yoy": 5.268165592812307, 
        "accumulated_operating_revenue": 329702, 
        "long_term_average": 103571, 
        "date": "2014-04-30", 
        "operating_revenue": 85216, 
        "short_term_average": 80480
    }, 
    {
        "accumulated_operating_revenue_yoy": 2.5277449712239655, 
        "accumulated_operating_revenue": 437531, 
        "long_term_average": 103095, 
        "date": "2014-05-31", 
        "operating_revenue": 107829, 
        "short_term_average": 94891
    }, 
    {
        "accumulated_operating_revenue_yoy": 2.658002424977266, 
        "accumulated_operating_revenue": 541870, 
        "long_term_average": 103366, 
        "date": "2014-06-30", 
        "operating_revenue": 104339, 
        "short_term_average": 99128
    }, 
    {
        "accumulated_operating_revenue_yoy": 3.672063612653234, 
        "accumulated_operating_revenue": 652287, 
        "long_term_average": 104122, 
        "date": "2014-07-31", 
        "operating_revenue": 110417, 
        "short_term_average": 107528
    }, 
    {
        "accumulated_operating_revenue_yoy": 2.250996015936255, 
        "accumulated_operating_revenue": 734019, 
        "long_term_average": 103543, 
        "date": "2014-08-31", 
        "operating_revenue": 81732, 
        "short_term_average": 98829
    }, 
    {
        "accumulated_operating_revenue_yoy": -2.531748436522282, 
        "accumulated_operating_revenue": 839573, 
        "long_term_average": 100379, 
        "date": "2014-09-30", 
        "operating_revenue": 105554, 
        "short_term_average": 99234
    }, 
    {
        "accumulated_operating_revenue_yoy": -1.4394042732605001, 
        "accumulated_operating_revenue": 953763, 
        "long_term_average": 101036, 
        "date": "2014-10-31", 
        "operating_revenue": 114190, 
        "short_term_average": 100492
    }, 
    {
        "accumulated_operating_revenue_yoy": -0.8324388144414986, 
        "accumulated_operating_revenue": 1063345, 
        "long_term_average": 101453, 
        "date": "2014-11-30", 
        "operating_revenue": 109582, 
        "short_term_average": 109775
    }, 
    {
        "accumulated_operating_revenue_yoy": -3.3145977169891787, 
        "accumulated_operating_revenue": 1185714, 
        "long_term_average": 98809, 
        "date": "2014-12-31", 
        "operating_revenue": 122369, 
        "short_term_average": 115380
    }, 
    {
        "accumulated_operating_revenue_yoy": 16.239151616777324, 
        "accumulated_operating_revenue": 102595, 
        "long_term_average": 100003, 
        "date": "2015-01-31", 
        "operating_revenue": 102595, 
        "short_term_average": 111515
    }, 
    {
        "accumulated_operating_revenue_yoy": 10.636738912840107, 
        "accumulated_operating_revenue": 169116, 
        "long_term_average": 100164, 
        "date": "2015-02-28", 
        "operating_revenue": 66521, 
        "short_term_average": 97161
    }, 
    {
        "accumulated_operating_revenue_yoy": 17.222254034995867, 
        "accumulated_operating_revenue": 286592, 
        "long_term_average": 102318, 
        "date": "2015-03-31", 
        "operating_revenue": 117476, 
        "short_term_average": 95530
    }, 
    {
        "accumulated_operating_revenue_yoy": 16.274089935760173, 
        "accumulated_operating_revenue": 383358, 
        "long_term_average": 103280, 
        "date": "2015-04-30", 
        "operating_revenue": 96766, 
        "short_term_average": 93587
    }, 
    {
        "accumulated_operating_revenue_yoy": 12.948339660504054, 
        "accumulated_operating_revenue": 494184, 
        "long_term_average": 103530, 
        "date": "2015-05-31", 
        "operating_revenue": 110826, 
        "short_term_average": 108356
    }, 
    {
        "accumulated_operating_revenue_yoy": 12.439515012825956, 
        "accumulated_operating_revenue": 609276, 
        "long_term_average": 104426, 
        "date": "2015-06-30", 
        "operating_revenue": 115092, 
        "short_term_average": 107561
    }, 
    {
        "accumulated_operating_revenue_yoy": 11.648246860661029, 
        "accumulated_operating_revenue": 728267, 
        "long_term_average": 105141, 
        "date": "2015-07-31", 
        "operating_revenue": 118991, 
        "short_term_average": 114969
    }, 
    {
        "accumulated_operating_revenue_yoy": 9.258752157641696, 
        "accumulated_operating_revenue": 801980, 
        "long_term_average": 104472, 
        "date": "2015-08-31", 
        "operating_revenue": 73713, 
        "short_term_average": 102598
    }, 
    {
        "accumulated_operating_revenue_yoy": 8.373780481268454, 
        "accumulated_operating_revenue": 909877, 
        "long_term_average": 104668, 
        "date": "2015-09-30", 
        "operating_revenue": 107897, 
        "short_term_average": 100200
    }
]