[
    {
        "date": "2012-01-31", 
        "operating_revenue": 43290, 
        "accumulated_operating_revenue": 43290, 
        "long_term_average": 43290, 
        "short_term_average": 43290
    }, 
    {
        "date": "2012-02-29", 
        "operating_revenue": 45566, 
        "accumulated_operating_revenue": 88856, 
        "long_term_average": 44428, 
        "short_term_average": 44428
    }, 
    {
        "date": "2012-03-31", 
        "operating_revenue": 58442, 
        "accumulated_operating_revenue": 147298, 
        "long_term_average": 49099, 
        "short_term_average": 49099
    }, 
    {
        "date": "2012-04-30", 
        "operating_revenue": 51708, 
        "accumulated_operating_revenue": 199006, 
        "long_term_average": 49751, 
        "short_term_average": 51905
    }, 
    {
        "date": "2012-05-31", 
        "operating_revenue": 59574, 
        "accumulated_operating_revenue": 258580, 
        "long_term_average": 51716, 
        "short_term_average": 56574
    }, 
    {
        "date": "2012-06-30", 
        "operating_revenue": 59314, 
        "accumulated_operating_revenue": 317894, 
        "long_term_average": 52982, 
        "short_term_average": 56865
    }, 
    {
        "date": "2012-07-31", 
        "operating_revenue": 59788, 
        "accumulated_operating_revenue": 377682, 
        "long_term_average": 53954, 
        "short_term_average": 59558
    }, 
    {
        "date": "2012-08-31", 
        "operating_revenue": 54476, 
        "accumulated_operating_revenue": 432158, 
        "long_term_average": 54019, 
        "short_term_average": 57859
    }, 
    {
        "date": "2012-09-30", 
        "operating_revenue": 46303, 
        "accumulated_operating_revenue": 478461, 
        "long_term_average": 53162, 
        "short_term_average": 53522
    }, 
    {
        "date": "2012-10-31", 
        "operating_revenue": 50379, 
        "accumulated_operating_revenue": 528840, 
        "long_term_average": 52884, 
        "short_term_average": 50386
    }, 
    {
        "date": "2012-11-30", 
        "operating_revenue": 49614, 
        "accumulated_operating_revenue": 578454, 
        "long_term_average": 52586, 
        "short_term_average": 48765
    }, 
    {
        "date": "2012-12-31", 
        "operating_revenue": 65221, 
        "accumulated_operating_revenue": 643675, 
        "long_term_average": 53639, 
        "short_term_average": 55071
    }, 
    {
        "accumulated_operating_revenue_yoy": 49.983829983829985, 
        "accumulated_operating_revenue": 64928, 
        "long_term_average": 55442, 
        "date": "2013-01-31", 
        "operating_revenue": 64928, 
        "short_term_average": 59921
    }, 
    {
        "accumulated_operating_revenue_yoy": 22.65350679751508, 
        "accumulated_operating_revenue": 108985, 
        "long_term_average": 55317, 
        "date": "2013-02-28", 
        "operating_revenue": 44057, 
        "short_term_average": 58068
    }, 
    {
        "accumulated_operating_revenue_yoy": 14.37154611739467, 
        "accumulated_operating_revenue": 168467, 
        "long_term_average": 55403, 
        "date": "2013-03-31", 
        "operating_revenue": 59482, 
        "short_term_average": 56155
    }, 
    {
        "accumulated_operating_revenue_yoy": 15.697516657789212, 
        "accumulated_operating_revenue": 230245, 
        "long_term_average": 56242, 
        "date": "2013-04-30", 
        "operating_revenue": 61778, 
        "short_term_average": 55105
    }, 
    {
        "accumulated_operating_revenue_yoy": 10.998530435455178, 
        "accumulated_operating_revenue": 287020, 
        "long_term_average": 56009, 
        "date": "2013-05-31", 
        "operating_revenue": 56775, 
        "short_term_average": 59345
    }, 
    {
        "accumulated_operating_revenue_yoy": 10.161877858657288, 
        "accumulated_operating_revenue": 350198, 
        "long_term_average": 56331, 
        "date": "2013-06-30", 
        "operating_revenue": 63178, 
        "short_term_average": 60577
    }, 
    {
        "accumulated_operating_revenue_yoy": 5.777082307337919, 
        "accumulated_operating_revenue": 399501, 
        "long_term_average": 55457, 
        "date": "2013-07-31", 
        "operating_revenue": 49303, 
        "short_term_average": 56418
    }, 
    {
        "accumulated_operating_revenue_yoy": 6.664460683361178, 
        "accumulated_operating_revenue": 460959, 
        "long_term_average": 56039, 
        "date": "2013-08-31", 
        "operating_revenue": 61458, 
        "short_term_average": 57979
    }, 
    {
        "accumulated_operating_revenue_yoy": 6.661148975569587, 
        "accumulated_operating_revenue": 510332, 
        "long_term_average": 56295, 
        "date": "2013-09-30", 
        "operating_revenue": 49373, 
        "short_term_average": 53378
    }, 
    {
        "accumulated_operating_revenue_yoy": 8.320664095000378, 
        "accumulated_operating_revenue": 572843, 
        "long_term_average": 57306, 
        "date": "2013-10-31", 
        "operating_revenue": 62511, 
        "short_term_average": 57780
    }, 
    {
        "accumulated_operating_revenue_yoy": 7.675631943075854, 
        "accumulated_operating_revenue": 622854, 
        "long_term_average": 57339, 
        "date": "2013-11-30", 
        "operating_revenue": 50011, 
        "short_term_average": 53965
    }, 
    {
        "accumulated_operating_revenue_yoy": 9.92690410533266, 
        "accumulated_operating_revenue": 707572, 
        "long_term_average": 58964, 
        "date": "2013-12-31", 
        "operating_revenue": 84718, 
        "short_term_average": 65746
    }, 
    {
        "accumulated_operating_revenue_yoy": -17.066596845736818, 
        "accumulated_operating_revenue": 53847, 
        "long_term_average": 58040, 
        "date": "2014-01-31", 
        "operating_revenue": 53847, 
        "short_term_average": 62858
    }, 
    {
        "accumulated_operating_revenue_yoy": 0.23856494012937562, 
        "accumulated_operating_revenue": 109245, 
        "long_term_average": 58986, 
        "date": "2014-02-28", 
        "operating_revenue": 55398, 
        "short_term_average": 64654
    }, 
    {
        "accumulated_operating_revenue_yoy": 2.453893047303033, 
        "accumulated_operating_revenue": 172601, 
        "long_term_average": 59308, 
        "date": "2014-03-31", 
        "operating_revenue": 63356, 
        "short_term_average": 57533
    }, 
    {
        "accumulated_operating_revenue_yoy": 3.9236465504136895, 
        "accumulated_operating_revenue": 239279, 
        "long_term_average": 59717, 
        "date": "2014-04-30", 
        "operating_revenue": 66678, 
        "short_term_average": 61810
    }, 
    {
        "accumulated_operating_revenue_yoy": 3.5892969131071006, 
        "accumulated_operating_revenue": 297322, 
        "long_term_average": 59822, 
        "date": "2014-05-31", 
        "operating_revenue": 58043, 
        "short_term_average": 62692
    }, 
    {
        "accumulated_operating_revenue_yoy": 4.370384753767868, 
        "accumulated_operating_revenue": 365503, 
        "long_term_average": 60239, 
        "date": "2014-06-30", 
        "operating_revenue": 68181, 
        "short_term_average": 64300
    }, 
    {
        "accumulated_operating_revenue_yoy": 8.817249518774672, 
        "accumulated_operating_revenue": 434726, 
        "long_term_average": 61899, 
        "date": "2014-07-31", 
        "operating_revenue": 69223, 
        "short_term_average": 65149
    }, 
    {
        "accumulated_operating_revenue_yoy": 7.4288602673990525, 
        "accumulated_operating_revenue": 495203, 
        "long_term_average": 61818, 
        "date": "2014-08-31", 
        "operating_revenue": 60477, 
        "short_term_average": 65960
    }, 
    {
        "accumulated_operating_revenue_yoy": 8.1556712101142, 
        "accumulated_operating_revenue": 551953, 
        "long_term_average": 62432, 
        "date": "2014-09-30", 
        "operating_revenue": 56750, 
        "short_term_average": 62150
    }, 
    {
        "accumulated_operating_revenue_yoy": 6.126460478700098, 
        "accumulated_operating_revenue": 607938, 
        "long_term_average": 61888, 
        "date": "2014-10-31", 
        "operating_revenue": 55985, 
        "short_term_average": 57737
    }, 
    {
        "accumulated_operating_revenue_yoy": 7.265587119935009, 
        "accumulated_operating_revenue": 668108, 
        "long_term_average": 62735, 
        "date": "2014-11-30", 
        "operating_revenue": 60170, 
        "short_term_average": 57635
    }, 
    {
        "accumulated_operating_revenue_yoy": 6.844250479103186, 
        "accumulated_operating_revenue": 756000, 
        "long_term_average": 63000, 
        "date": "2014-12-31", 
        "operating_revenue": 87892, 
        "short_term_average": 68015
    }, 
    {
        "accumulated_operating_revenue_yoy": 24.837038275112818, 
        "accumulated_operating_revenue": 67221, 
        "long_term_average": 64114, 
        "date": "2015-01-31", 
        "operating_revenue": 67221, 
        "short_term_average": 71761
    }, 
    {
        "accumulated_operating_revenue_yoy": 7.517048835186965, 
        "accumulated_operating_revenue": 117457, 
        "long_term_average": 63684, 
        "date": "2015-02-28", 
        "operating_revenue": 50236, 
        "short_term_average": 68449
    }, 
    {
        "accumulated_operating_revenue_yoy": 15.480790957178694, 
        "accumulated_operating_revenue": 199321, 
        "long_term_average": 65226, 
        "date": "2015-03-31", 
        "operating_revenue": 81864, 
        "short_term_average": 66440
    }, 
    {
        "accumulated_operating_revenue_yoy": 16.688886195612653, 
        "accumulated_operating_revenue": 279212, 
        "long_term_average": 66327, 
        "date": "2015-04-30", 
        "operating_revenue": 79891, 
        "short_term_average": 70663
    }, 
    {
        "accumulated_operating_revenue_yoy": 20.44584659056511, 
        "accumulated_operating_revenue": 358112, 
        "long_term_average": 68065, 
        "date": "2015-05-31", 
        "operating_revenue": 78900, 
        "short_term_average": 80218
    }, 
    {
        "accumulated_operating_revenue_yoy": 24.778729586350863, 
        "accumulated_operating_revenue": 456070, 
        "long_term_average": 70547, 
        "date": "2015-06-30", 
        "operating_revenue": 97958, 
        "short_term_average": 85583
    }, 
    {
        "accumulated_operating_revenue_yoy": 26.297253902458102, 
        "accumulated_operating_revenue": 549047, 
        "long_term_average": 72526, 
        "date": "2015-07-31", 
        "operating_revenue": 92977, 
        "short_term_average": 89945
    }, 
    {
        "accumulated_operating_revenue_yoy": 26.16320983515851, 
        "accumulated_operating_revenue": 624764, 
        "long_term_average": 73796, 
        "date": "2015-08-31", 
        "operating_revenue": 75717, 
        "short_term_average": 88884
    }
]