[
    {
        "date": "2012-01-31", 
        "operating_revenue": 225775, 
        "accumulated_operating_revenue": 225775, 
        "long_term_average": 225775, 
        "short_term_average": 225775
    }, 
    {
        "date": "2012-02-29", 
        "operating_revenue": 233031, 
        "accumulated_operating_revenue": 458806, 
        "long_term_average": 229403, 
        "short_term_average": 229403
    }, 
    {
        "date": "2012-03-31", 
        "operating_revenue": 226766, 
        "accumulated_operating_revenue": 685572, 
        "long_term_average": 228524, 
        "short_term_average": 228524
    }, 
    {
        "date": "2012-04-30", 
        "operating_revenue": 262773, 
        "accumulated_operating_revenue": 948345, 
        "long_term_average": 237086, 
        "short_term_average": 240856
    }, 
    {
        "date": "2012-05-31", 
        "operating_revenue": 242813, 
        "accumulated_operating_revenue": 1191158, 
        "long_term_average": 238231, 
        "short_term_average": 244117
    }, 
    {
        "date": "2012-06-30", 
        "operating_revenue": 220377, 
        "accumulated_operating_revenue": 1411535, 
        "long_term_average": 235255, 
        "short_term_average": 241987
    }, 
    {
        "date": "2012-07-31", 
        "operating_revenue": 199121, 
        "accumulated_operating_revenue": 1610656, 
        "long_term_average": 230093, 
        "short_term_average": 220770
    }, 
    {
        "date": "2012-08-31", 
        "operating_revenue": 197927, 
        "accumulated_operating_revenue": 1808583, 
        "long_term_average": 226072, 
        "short_term_average": 205808
    }, 
    {
        "date": "2012-09-30", 
        "operating_revenue": 175714, 
        "accumulated_operating_revenue": 1984297, 
        "long_term_average": 220477, 
        "short_term_average": 190920
    }, 
    {
        "date": "2012-10-31", 
        "operating_revenue": 181746, 
        "accumulated_operating_revenue": 2166043, 
        "long_term_average": 216604, 
        "short_term_average": 185129
    }, 
    {
        "date": "2012-11-30", 
        "operating_revenue": 159943, 
        "accumulated_operating_revenue": 2325986, 
        "long_term_average": 211453, 
        "short_term_average": 172467
    }, 
    {
        "date": "2012-12-31", 
        "operating_revenue": 202667, 
        "accumulated_operating_revenue": 2528653, 
        "long_term_average": 210721, 
        "short_term_average": 181452
    }, 
    {
        "accumulated_operating_revenue_yoy": -18.465729155132323, 
        "accumulated_operating_revenue": 184084, 
        "long_term_average": 207246, 
        "date": "2013-01-31", 
        "operating_revenue": 184084, 
        "short_term_average": 182231
    }, 
    {
        "accumulated_operating_revenue_yoy": -25.499884482766138, 
        "accumulated_operating_revenue": 341811, 
        "long_term_average": 200971, 
        "date": "2013-02-28", 
        "operating_revenue": 157727, 
        "short_term_average": 181492
    }, 
    {
        "accumulated_operating_revenue_yoy": -20.8649128027399, 
        "accumulated_operating_revenue": 542528, 
        "long_term_average": 198800, 
        "date": "2013-03-31", 
        "operating_revenue": 200717, 
        "short_term_average": 180842
    }, 
    {
        "accumulated_operating_revenue_yoy": -19.157901396643627, 
        "accumulated_operating_revenue": 766662, 
        "long_term_average": 195580, 
        "date": "2013-04-30", 
        "operating_revenue": 224134, 
        "short_term_average": 194192
    }, 
    {
        "accumulated_operating_revenue_yoy": -16.174596485101052, 
        "accumulated_operating_revenue": 998493, 
        "long_term_average": 194665, 
        "date": "2013-05-31", 
        "operating_revenue": 231831, 
        "short_term_average": 218894
    }, 
    {
        "accumulated_operating_revenue_yoy": -10.879716053799587, 
        "accumulated_operating_revenue": 1257964, 
        "long_term_average": 197923, 
        "date": "2013-06-30", 
        "operating_revenue": 259471, 
        "short_term_average": 238478
    }, 
    {
        "accumulated_operating_revenue_yoy": -3.097557765283214, 
        "accumulated_operating_revenue": 1560765, 
        "long_term_average": 206563, 
        "date": "2013-07-31", 
        "operating_revenue": 302801, 
        "short_term_average": 264701
    }, 
    {
        "accumulated_operating_revenue_yoy": 0.6921440708001789, 
        "accumulated_operating_revenue": 1821101, 
        "long_term_average": 211764, 
        "date": "2013-08-31", 
        "operating_revenue": 260336, 
        "short_term_average": 274202
    }, 
    {
        "accumulated_operating_revenue_yoy": 3.070054533167162, 
        "accumulated_operating_revenue": 2045216, 
        "long_term_average": 215797, 
        "date": "2013-09-30", 
        "operating_revenue": 224115, 
        "short_term_average": 262417
    }, 
    {
        "accumulated_operating_revenue_yoy": 4.861768672182408, 
        "accumulated_operating_revenue": 2271351, 
        "long_term_average": 219496, 
        "date": "2013-10-31", 
        "operating_revenue": 226135, 
        "short_term_average": 236862
    }, 
    {
        "accumulated_operating_revenue_yoy": 5.229051249663583, 
        "accumulated_operating_revenue": 2447613, 
        "long_term_average": 220856, 
        "date": "2013-11-30", 
        "operating_revenue": 176262, 
        "short_term_average": 208837
    }, 
    {
        "accumulated_operating_revenue_yoy": 6.9629957135281115, 
        "accumulated_operating_revenue": 2704723, 
        "long_term_average": 225393, 
        "date": "2013-12-31", 
        "operating_revenue": 257110, 
        "short_term_average": 219835
    }, 
    {
        "accumulated_operating_revenue_yoy": 41.408813367810346, 
        "accumulated_operating_revenue": 260311, 
        "long_term_average": 231745, 
        "date": "2014-01-31", 
        "operating_revenue": 260311, 
        "short_term_average": 231227
    }, 
    {
        "accumulated_operating_revenue_yoy": 38.611396356466, 
        "accumulated_operating_revenue": 473789, 
        "long_term_average": 236391, 
        "date": "2014-02-28", 
        "operating_revenue": 213478, 
        "short_term_average": 243633
    }, 
    {
        "accumulated_operating_revenue_yoy": 33.24307685501947, 
        "accumulated_operating_revenue": 722881, 
        "long_term_average": 240423, 
        "date": "2014-03-31", 
        "operating_revenue": 249092, 
        "short_term_average": 240960
    }, 
    {
        "accumulated_operating_revenue_yoy": 30.344141225207462, 
        "accumulated_operating_revenue": 999299, 
        "long_term_average": 244780, 
        "date": "2014-04-30", 
        "operating_revenue": 276418, 
        "short_term_average": 246329
    }, 
    {
        "accumulated_operating_revenue_yoy": 26.68701733512403, 
        "accumulated_operating_revenue": 1264961, 
        "long_term_average": 247599, 
        "date": "2014-05-31", 
        "operating_revenue": 265662, 
        "short_term_average": 263724
    }, 
    {
        "accumulated_operating_revenue_yoy": 20.645264888343387, 
        "accumulated_operating_revenue": 1517674, 
        "long_term_average": 247036, 
        "date": "2014-06-30", 
        "operating_revenue": 252713, 
        "short_term_average": 264931
    }, 
    {
        "accumulated_operating_revenue_yoy": 19.07481267199098, 
        "accumulated_operating_revenue": 1858478, 
        "long_term_average": 250203, 
        "date": "2014-07-31", 
        "operating_revenue": 340804, 
        "short_term_average": 286393
    }, 
    {
        "accumulated_operating_revenue_yoy": 16.068631009482726, 
        "accumulated_operating_revenue": 2113727, 
        "long_term_average": 249779, 
        "date": "2014-08-31", 
        "operating_revenue": 255249, 
        "short_term_average": 282922
    }, 
    {
        "accumulated_operating_revenue_yoy": 17.502503403063542, 
        "accumulated_operating_revenue": 2403180, 
        "long_term_average": 255223, 
        "date": "2014-09-30", 
        "operating_revenue": 289453, 
        "short_term_average": 295168
    }, 
    {
        "accumulated_operating_revenue_yoy": 18.299241288554697, 
        "accumulated_operating_revenue": 2686991, 
        "long_term_average": 260030, 
        "date": "2014-10-31", 
        "operating_revenue": 283811, 
        "short_term_average": 276171
    }, 
    {
        "accumulated_operating_revenue_yoy": 17.911205733913, 
        "accumulated_operating_revenue": 2886010, 
        "long_term_average": 261926, 
        "date": "2014-11-30", 
        "operating_revenue": 199019, 
        "short_term_average": 257427
    }, 
    {
        "accumulated_operating_revenue_yoy": 16.21260291719337, 
        "accumulated_operating_revenue": 3143229, 
        "long_term_average": 261935, 
        "date": "2014-12-31", 
        "operating_revenue": 257219, 
        "short_term_average": 246683
    }, 
    {
        "accumulated_operating_revenue_yoy": 6.12843867527688, 
        "accumulated_operating_revenue": 276264, 
        "long_term_average": 263265, 
        "date": "2015-01-31", 
        "operating_revenue": 276264, 
        "short_term_average": 244167
    }, 
    {
        "accumulated_operating_revenue_yoy": 3.0344731515505847, 
        "accumulated_operating_revenue": 488166, 
        "long_term_average": 263133, 
        "date": "2015-02-28", 
        "operating_revenue": 211902, 
        "short_term_average": 248461
    }, 
    {
        "accumulated_operating_revenue_yoy": 16.445030371527263, 
        "accumulated_operating_revenue": 841759, 
        "long_term_average": 271842, 
        "date": "2015-03-31", 
        "operating_revenue": 353593, 
        "short_term_average": 280586
    }, 
    {
        "accumulated_operating_revenue_yoy": 11.429712228272018, 
        "accumulated_operating_revenue": 1113516, 
        "long_term_average": 271453, 
        "date": "2015-04-30", 
        "operating_revenue": 271757, 
        "short_term_average": 279084
    }, 
    {
        "accumulated_operating_revenue_yoy": 12.484416515607991, 
        "accumulated_operating_revenue": 1422884, 
        "long_term_average": 275096, 
        "date": "2015-05-31", 
        "operating_revenue": 309368, 
        "short_term_average": 311572
    }, 
    {
        "accumulated_operating_revenue_yoy": 11.790674413609246, 
        "accumulated_operating_revenue": 1696618, 
        "long_term_average": 276847, 
        "date": "2015-06-30", 
        "operating_revenue": 273734, 
        "short_term_average": 284953
    }, 
    {
        "accumulated_operating_revenue_yoy": 10.306444305501598, 
        "accumulated_operating_revenue": 2050021, 
        "long_term_average": 277897, 
        "date": "2015-07-31", 
        "operating_revenue": 353403, 
        "short_term_average": 312168
    }, 
    {
        "accumulated_operating_revenue_yoy": 10.11015140555048, 
        "accumulated_operating_revenue": 2327428, 
        "long_term_average": 279744, 
        "date": "2015-08-31", 
        "operating_revenue": 277407, 
        "short_term_average": 301514
    }, 
    {
        "accumulated_operating_revenue_yoy": 8.496117644121538, 
        "accumulated_operating_revenue": 2607357, 
        "long_term_average": 278950, 
        "date": "2015-09-30", 
        "operating_revenue": 279929, 
        "short_term_average": 303579
    }
]