[
    {
        "date": "2011-09-30", 
        "operating_revenue": 265329, 
        "accumulated_operating_revenue": 265329, 
        "long_term_average": 265329, 
        "short_term_average": 265329
    }, 
    {
        "date": "2011-10-31", 
        "operating_revenue": 295530, 
        "accumulated_operating_revenue": 560859, 
        "long_term_average": 280429, 
        "short_term_average": 280429
    }, 
    {
        "date": "2011-11-30", 
        "operating_revenue": 305029, 
        "accumulated_operating_revenue": 865888, 
        "long_term_average": 288629, 
        "short_term_average": 288629
    }, 
    {
        "date": "2011-12-31", 
        "operating_revenue": 238717, 
        "accumulated_operating_revenue": 1104605, 
        "long_term_average": 276151, 
        "short_term_average": 279758
    }, 
    {
        "date": "2012-01-31", 
        "operating_revenue": 151876, 
        "accumulated_operating_revenue": 151876, 
        "long_term_average": 251296, 
        "short_term_average": 231874
    }, 
    {
        "date": "2012-02-29", 
        "operating_revenue": 224689, 
        "accumulated_operating_revenue": 376565, 
        "long_term_average": 246861, 
        "short_term_average": 205094
    }, 
    {
        "date": "2012-03-31", 
        "operating_revenue": 353135, 
        "accumulated_operating_revenue": 729700, 
        "long_term_average": 262043, 
        "short_term_average": 243233
    }, 
    {
        "date": "2012-04-30", 
        "operating_revenue": 236311, 
        "accumulated_operating_revenue": 966011, 
        "long_term_average": 258827, 
        "short_term_average": 271378
    }, 
    {
        "date": "2012-05-31", 
        "operating_revenue": 285296, 
        "accumulated_operating_revenue": 1251307, 
        "long_term_average": 261768, 
        "short_term_average": 291580
    }, 
    {
        "date": "2012-06-30", 
        "operating_revenue": 316111, 
        "accumulated_operating_revenue": 1567418, 
        "long_term_average": 267202, 
        "short_term_average": 279239
    }, 
    {
        "date": "2012-07-31", 
        "operating_revenue": 275758, 
        "accumulated_operating_revenue": 1843176, 
        "long_term_average": 267980, 
        "short_term_average": 292388
    }, 
    {
        "date": "2012-08-31", 
        "operating_revenue": 280645, 
        "accumulated_operating_revenue": 2123821, 
        "long_term_average": 269035, 
        "short_term_average": 290838
    }, 
    {
        "accumulated_operating_revenue_yoy": 784.524119112498, 
        "accumulated_operating_revenue": 2346899, 
        "long_term_average": 265514, 
        "date": "2012-09-30", 
        "operating_revenue": 223078, 
        "short_term_average": 259827
    }, 
    {
        "accumulated_operating_revenue_yoy": 363.743828662819, 
        "accumulated_operating_revenue": 2600949, 
        "long_term_average": 262057, 
        "date": "2012-10-31", 
        "operating_revenue": 254050, 
        "short_term_average": 252591
    }, 
    {
        "accumulated_operating_revenue_yoy": 217.51184910750584, 
        "accumulated_operating_revenue": 2749297, 
        "long_term_average": 249001, 
        "date": "2012-11-30", 
        "operating_revenue": 148348, 
        "short_term_average": 208492
    }, 
    {
        "accumulated_operating_revenue_yoy": 164.6600368457503, 
        "accumulated_operating_revenue": 2923448, 
        "long_term_average": 243620, 
        "date": "2012-12-31", 
        "operating_revenue": 174151, 
        "short_term_average": 192183
    }, 
    {
        "accumulated_operating_revenue_yoy": 20.2230767204825, 
        "accumulated_operating_revenue": 182590, 
        "long_term_average": 246180, 
        "date": "2013-01-31", 
        "operating_revenue": 182590, 
        "short_term_average": 168363
    }, 
    {
        "accumulated_operating_revenue_yoy": 6.362779334245083, 
        "accumulated_operating_revenue": 400525, 
        "long_term_average": 245617, 
        "date": "2013-02-28", 
        "operating_revenue": 217935, 
        "short_term_average": 191558
    }, 
    {
        "accumulated_operating_revenue_yoy": -2.7054954090722214, 
        "accumulated_operating_revenue": 709958, 
        "long_term_average": 241975, 
        "date": "2013-03-31", 
        "operating_revenue": 309433, 
        "short_term_average": 236652
    }, 
    {
        "accumulated_operating_revenue_yoy": -2.1874492112408657, 
        "accumulated_operating_revenue": 944880, 
        "long_term_average": 241859, 
        "date": "2013-04-30", 
        "operating_revenue": 234922, 
        "short_term_average": 254096
    }, 
    {
        "accumulated_operating_revenue_yoy": 13.091191849801847, 
        "accumulated_operating_revenue": 1415118, 
        "long_term_average": 257271, 
        "date": "2013-05-31", 
        "operating_revenue": 470238, 
        "short_term_average": 338197
    }, 
    {
        "accumulated_operating_revenue_yoy": 19.17471918786182, 
        "accumulated_operating_revenue": 1867966, 
        "long_term_average": 268666, 
        "date": "2013-06-30", 
        "operating_revenue": 452848, 
        "short_term_average": 386002
    }, 
    {
        "accumulated_operating_revenue_yoy": 12.631240858170898, 
        "accumulated_operating_revenue": 2075992, 
        "long_term_average": 263022, 
        "date": "2013-07-31", 
        "operating_revenue": 208026, 
        "short_term_average": 377037
    }, 
    {
        "accumulated_operating_revenue_yoy": 7.8074376324558425, 
        "accumulated_operating_revenue": 2289637, 
        "long_term_average": 257438, 
        "date": "2013-08-31", 
        "operating_revenue": 213645, 
        "short_term_average": 291506
    }, 
    {
        "accumulated_operating_revenue_yoy": 6.230008193791041, 
        "accumulated_operating_revenue": 2493111, 
        "long_term_average": 255805, 
        "date": "2013-09-30", 
        "operating_revenue": 203474, 
        "short_term_average": 208381
    }, 
    {
        "accumulated_operating_revenue_yoy": 3.913994468941913, 
        "accumulated_operating_revenue": 2702750, 
        "long_term_average": 252104, 
        "date": "2013-10-31", 
        "operating_revenue": 209639, 
        "short_term_average": 208919
    }, 
    {
        "accumulated_operating_revenue_yoy": 7.264584364657583, 
        "accumulated_operating_revenue": 2949022, 
        "long_term_average": 260264, 
        "date": "2013-11-30", 
        "operating_revenue": 246272, 
        "short_term_average": 219795
    }, 
    {
        "accumulated_operating_revenue_yoy": 9.334970213255032, 
        "accumulated_operating_revenue": 3196351, 
        "long_term_average": 266362, 
        "date": "2013-12-31", 
        "operating_revenue": 247329, 
        "short_term_average": 234413
    }, 
    {
        "accumulated_operating_revenue_yoy": 23.21868667506435, 
        "accumulated_operating_revenue": 224985, 
        "long_term_average": 269895, 
        "date": "2014-01-31", 
        "operating_revenue": 224985, 
        "short_term_average": 239528
    }, 
    {
        "accumulated_operating_revenue_yoy": 4.671368828412708, 
        "accumulated_operating_revenue": 419235, 
        "long_term_average": 267921, 
        "date": "2014-02-28", 
        "operating_revenue": 194250, 
        "short_term_average": 222188
    }, 
    {
        "accumulated_operating_revenue_yoy": 12.283966093768928, 
        "accumulated_operating_revenue": 797169, 
        "long_term_average": 273630, 
        "date": "2014-03-31", 
        "operating_revenue": 377934, 
        "short_term_average": 265723
    }, 
    {
        "accumulated_operating_revenue_yoy": 20.706756413512828, 
        "accumulated_operating_revenue": 1140534, 
        "long_term_average": 282667, 
        "date": "2014-04-30", 
        "operating_revenue": 343365, 
        "short_term_average": 305183
    }, 
    {
        "accumulated_operating_revenue_yoy": 2.481983834563619, 
        "accumulated_operating_revenue": 1450241, 
        "long_term_average": 269289, 
        "date": "2014-05-31", 
        "operating_revenue": 309707, 
        "short_term_average": 343668
    }, 
    {
        "accumulated_operating_revenue_yoy": -7.120686350822231, 
        "accumulated_operating_revenue": 1734954, 
        "long_term_average": 255278, 
        "date": "2014-06-30", 
        "operating_revenue": 284713, 
        "short_term_average": 312595
    }, 
    {
        "accumulated_operating_revenue_yoy": -3.976653089221924, 
        "accumulated_operating_revenue": 1993437, 
        "long_term_average": 259483, 
        "date": "2014-07-31", 
        "operating_revenue": 258483, 
        "short_term_average": 284301
    }, 
    {
        "accumulated_operating_revenue_yoy": -2.530881532749514, 
        "accumulated_operating_revenue": 2231689, 
        "long_term_average": 261533, 
        "date": "2014-08-31", 
        "operating_revenue": 238252, 
        "short_term_average": 260482
    }, 
    {
        "accumulated_operating_revenue_yoy": -0.32056334435169553, 
        "accumulated_operating_revenue": 2485119, 
        "long_term_average": 265696, 
        "date": "2014-09-30", 
        "operating_revenue": 253430, 
        "short_term_average": 250055
    }, 
    {
        "accumulated_operating_revenue_yoy": 3.6787346221441126, 
        "accumulated_operating_revenue": 2802177, 
        "long_term_average": 274648, 
        "date": "2014-10-31", 
        "operating_revenue": 317058, 
        "short_term_average": 269580
    }, 
    {
        "accumulated_operating_revenue_yoy": 2.0690249174132984, 
        "accumulated_operating_revenue": 3010038, 
        "long_term_average": 271447, 
        "date": "2014-11-30", 
        "operating_revenue": 207861, 
        "short_term_average": 259449
    }, 
    {
        "accumulated_operating_revenue_yoy": 3.096124299239977, 
        "accumulated_operating_revenue": 3295314, 
        "long_term_average": 274609, 
        "date": "2014-12-31", 
        "operating_revenue": 285276, 
        "short_term_average": 270065
    }, 
    {
        "accumulated_operating_revenue_yoy": 10.466920016890015, 
        "accumulated_operating_revenue": 248534, 
        "long_term_average": 276571, 
        "date": "2015-01-31", 
        "operating_revenue": 248534, 
        "short_term_average": 247223
    }, 
    {
        "accumulated_operating_revenue_yoy": 2.8709435042398654, 
        "accumulated_operating_revenue": 431271, 
        "long_term_average": 275612, 
        "date": "2015-02-28", 
        "operating_revenue": 182737, 
        "short_term_average": 238849
    }, 
    {
        "accumulated_operating_revenue_yoy": -1.6853389933627627, 
        "accumulated_operating_revenue": 783734, 
        "long_term_average": 273489, 
        "date": "2015-03-31", 
        "operating_revenue": 352463, 
        "short_term_average": 261244
    }, 
    {
        "accumulated_operating_revenue_yoy": -11.287168992770054, 
        "accumulated_operating_revenue": 1011800, 
        "long_term_average": 263881, 
        "date": "2015-04-30", 
        "operating_revenue": 228066, 
        "short_term_average": 254422
    }, 
    {
        "accumulated_operating_revenue_yoy": -5.546388496808461, 
        "accumulated_operating_revenue": 1369805, 
        "long_term_average": 267906, 
        "date": "2015-05-31", 
        "operating_revenue": 358005, 
        "short_term_average": 312844
    }, 
    {
        "accumulated_operating_revenue_yoy": -1.7808541321556652, 
        "accumulated_operating_revenue": 1704057, 
        "long_term_average": 272034, 
        "date": "2015-06-30", 
        "operating_revenue": 334252, 
        "short_term_average": 306774
    }, 
    {
        "accumulated_operating_revenue_yoy": -2.8336486179397693, 
        "accumulated_operating_revenue": 1936950, 
        "long_term_average": 269902, 
        "date": "2015-07-31", 
        "operating_revenue": 232893, 
        "short_term_average": 308383
    }, 
    {
        "accumulated_operating_revenue_yoy": -2.3660106762187745, 
        "accumulated_operating_revenue": 2178887, 
        "long_term_average": 270209, 
        "date": "2015-08-31", 
        "operating_revenue": 241937, 
        "short_term_average": 269694
    }
]