[
    {
        "date": "2012-01-31", 
        "operating_revenue": 3825, 
        "accumulated_operating_revenue": 3825, 
        "long_term_average": 3825, 
        "short_term_average": 3825
    }, 
    {
        "date": "2012-02-29", 
        "operating_revenue": 9646, 
        "accumulated_operating_revenue": 13471, 
        "long_term_average": 6735, 
        "short_term_average": 6735
    }, 
    {
        "date": "2012-03-31", 
        "operating_revenue": 8270, 
        "accumulated_operating_revenue": 21741, 
        "long_term_average": 7247, 
        "short_term_average": 7247
    }, 
    {
        "date": "2012-04-30", 
        "operating_revenue": 8580, 
        "accumulated_operating_revenue": 30321, 
        "long_term_average": 7580, 
        "short_term_average": 8832
    }, 
    {
        "date": "2012-05-31", 
        "operating_revenue": 5986, 
        "accumulated_operating_revenue": 36307, 
        "long_term_average": 7261, 
        "short_term_average": 7612
    }, 
    {
        "date": "2012-06-30", 
        "operating_revenue": 4434, 
        "accumulated_operating_revenue": 40741, 
        "long_term_average": 6790, 
        "short_term_average": 6333
    }, 
    {
        "date": "2012-07-31", 
        "operating_revenue": 6291, 
        "accumulated_operating_revenue": 47032, 
        "long_term_average": 6718, 
        "short_term_average": 5570
    }, 
    {
        "date": "2012-08-31", 
        "operating_revenue": 6719, 
        "accumulated_operating_revenue": 53751, 
        "long_term_average": 6718, 
        "short_term_average": 5814
    }, 
    {
        "date": "2012-09-30", 
        "operating_revenue": 8566, 
        "accumulated_operating_revenue": 62317, 
        "long_term_average": 6924, 
        "short_term_average": 7192
    }, 
    {
        "date": "2012-10-31", 
        "operating_revenue": 5671, 
        "accumulated_operating_revenue": 67988, 
        "long_term_average": 6798, 
        "short_term_average": 6985
    }, 
    {
        "date": "2012-11-30", 
        "operating_revenue": 6430, 
        "accumulated_operating_revenue": 74418, 
        "long_term_average": 6765, 
        "short_term_average": 6889
    }, 
    {
        "date": "2012-12-31", 
        "operating_revenue": 8027, 
        "accumulated_operating_revenue": 82445, 
        "long_term_average": 6870, 
        "short_term_average": 6709
    }, 
    {
        "accumulated_operating_revenue_yoy": 45.59477124183007, 
        "accumulated_operating_revenue": 5569, 
        "long_term_average": 7015, 
        "date": "2013-01-31", 
        "operating_revenue": 5569, 
        "short_term_average": 6675
    }, 
    {
        "accumulated_operating_revenue_yoy": -32.4103630020043, 
        "accumulated_operating_revenue": 9105, 
        "long_term_average": 6506, 
        "date": "2013-02-28", 
        "operating_revenue": 3536, 
        "short_term_average": 5710
    }, 
    {
        "accumulated_operating_revenue_yoy": -20.997194241295247, 
        "accumulated_operating_revenue": 17176, 
        "long_term_average": 6490, 
        "date": "2013-03-31", 
        "operating_revenue": 8071, 
        "short_term_average": 5725
    }, 
    {
        "accumulated_operating_revenue_yoy": -17.459846311137493, 
        "accumulated_operating_revenue": 25027, 
        "long_term_average": 6429, 
        "date": "2013-04-30", 
        "operating_revenue": 7851, 
        "short_term_average": 6486
    }, 
    {
        "accumulated_operating_revenue_yoy": -9.108436389676921, 
        "accumulated_operating_revenue": 33000, 
        "long_term_average": 6594, 
        "date": "2013-05-31", 
        "operating_revenue": 7973, 
        "short_term_average": 7965
    }, 
    {
        "accumulated_operating_revenue_yoy": 26.58010358115903, 
        "accumulated_operating_revenue": 51570, 
        "long_term_average": 7772, 
        "date": "2013-06-30", 
        "operating_revenue": 18570, 
        "short_term_average": 11464
    }, 
    {
        "accumulated_operating_revenue_yoy": 39.58368770199014, 
        "accumulated_operating_revenue": 65649, 
        "long_term_average": 8421, 
        "date": "2013-07-31", 
        "operating_revenue": 14079, 
        "short_term_average": 13540
    }, 
    {
        "accumulated_operating_revenue_yoy": 57.100333017060144, 
        "accumulated_operating_revenue": 84443, 
        "long_term_average": 9428, 
        "date": "2013-08-31", 
        "operating_revenue": 18794, 
        "short_term_average": 17147
    }, 
    {
        "accumulated_operating_revenue_yoy": 45.096843557937646, 
        "accumulated_operating_revenue": 90420, 
        "long_term_average": 9212, 
        "date": "2013-09-30", 
        "operating_revenue": 5977, 
        "short_term_average": 12950
    }, 
    {
        "accumulated_operating_revenue_yoy": 43.50326528210861, 
        "accumulated_operating_revenue": 97565, 
        "long_term_average": 9335, 
        "date": "2013-10-31", 
        "operating_revenue": 7145, 
        "short_term_average": 10638
    }, 
    {
        "accumulated_operating_revenue_yoy": 44.22451557418904, 
        "accumulated_operating_revenue": 107329, 
        "long_term_average": 9613, 
        "date": "2013-11-30", 
        "operating_revenue": 9764, 
        "short_term_average": 7628
    }, 
    {
        "accumulated_operating_revenue_yoy": 52.444660076414586, 
        "accumulated_operating_revenue": 125683, 
        "long_term_average": 10473, 
        "date": "2013-12-31", 
        "operating_revenue": 18354, 
        "short_term_average": 11754
    }, 
    {
        "accumulated_operating_revenue_yoy": 47.207757227509425, 
        "accumulated_operating_revenue": 8198, 
        "long_term_average": 10692, 
        "date": "2014-01-31", 
        "operating_revenue": 8198, 
        "short_term_average": 12105
    }, 
    {
        "accumulated_operating_revenue_yoy": 19.83525535420099, 
        "accumulated_operating_revenue": 10911, 
        "long_term_average": 10624, 
        "date": "2014-02-28", 
        "operating_revenue": 2713, 
        "short_term_average": 9755
    }, 
    {
        "accumulated_operating_revenue_yoy": -9.34443409408477, 
        "accumulated_operating_revenue": 15571, 
        "long_term_average": 10339, 
        "date": "2014-03-31", 
        "operating_revenue": 4660, 
        "short_term_average": 5190
    }, 
    {
        "accumulated_operating_revenue_yoy": -10.428736964078796, 
        "accumulated_operating_revenue": 22417, 
        "long_term_average": 10256, 
        "date": "2014-04-30", 
        "operating_revenue": 6846, 
        "short_term_average": 4739
    }, 
    {
        "accumulated_operating_revenue_yoy": 28.939393939393938, 
        "accumulated_operating_revenue": 42550, 
        "long_term_average": 11269, 
        "date": "2014-05-31", 
        "operating_revenue": 20133, 
        "short_term_average": 10546
    }, 
    {
        "accumulated_operating_revenue_yoy": 19.839053713399263, 
        "accumulated_operating_revenue": 61801, 
        "long_term_average": 11326, 
        "date": "2014-06-30", 
        "operating_revenue": 19251, 
        "short_term_average": 15410
    }, 
    {
        "accumulated_operating_revenue_yoy": 12.822739112553123, 
        "accumulated_operating_revenue": 74067, 
        "long_term_average": 11175, 
        "date": "2014-07-31", 
        "operating_revenue": 12266, 
        "short_term_average": 17216
    }, 
    {
        "accumulated_operating_revenue_yoy": -2.039245408145139, 
        "accumulated_operating_revenue": 82721, 
        "long_term_average": 10330, 
        "date": "2014-08-31", 
        "operating_revenue": 8654, 
        "short_term_average": 13390
    }, 
    {
        "accumulated_operating_revenue_yoy": -5.978765759787658, 
        "accumulated_operating_revenue": 85014, 
        "long_term_average": 10023, 
        "date": "2014-09-30", 
        "operating_revenue": 2293, 
        "short_term_average": 7737
    }, 
    {
        "accumulated_operating_revenue_yoy": -0.7666683749295342, 
        "accumulated_operating_revenue": 96817, 
        "long_term_average": 10411, 
        "date": "2014-10-31", 
        "operating_revenue": 11803, 
        "short_term_average": 7583
    }, 
    {
        "accumulated_operating_revenue_yoy": -4.014758359809558, 
        "accumulated_operating_revenue": 103020, 
        "long_term_average": 10114, 
        "date": "2014-11-30", 
        "operating_revenue": 6203, 
        "short_term_average": 6766
    }, 
    {
        "accumulated_operating_revenue_yoy": -16.045925065442425, 
        "accumulated_operating_revenue": 105516, 
        "long_term_average": 8793, 
        "date": "2014-12-31", 
        "operating_revenue": 2496, 
        "short_term_average": 6834
    }, 
    {
        "accumulated_operating_revenue_yoy": -15.528177604293731, 
        "accumulated_operating_revenue": 6925, 
        "long_term_average": 8686, 
        "date": "2015-01-31", 
        "operating_revenue": 6925, 
        "short_term_average": 5208
    }, 
    {
        "accumulated_operating_revenue_yoy": 14.114196682247274, 
        "accumulated_operating_revenue": 12451, 
        "long_term_average": 8921, 
        "date": "2015-02-28", 
        "operating_revenue": 5526, 
        "short_term_average": 4982
    }, 
    {
        "accumulated_operating_revenue_yoy": 74.07359835591805, 
        "accumulated_operating_revenue": 27105, 
        "long_term_average": 9754, 
        "date": "2015-03-31", 
        "operating_revenue": 14654, 
        "short_term_average": 9035
    }, 
    {
        "accumulated_operating_revenue_yoy": 81.41142882633716, 
        "accumulated_operating_revenue": 40667, 
        "long_term_average": 10313, 
        "date": "2015-04-30", 
        "operating_revenue": 13562, 
        "short_term_average": 11247
    }, 
    {
        "accumulated_operating_revenue_yoy": 8.871915393654524, 
        "accumulated_operating_revenue": 46325, 
        "long_term_average": 9107, 
        "date": "2015-05-31", 
        "operating_revenue": 5658, 
        "short_term_average": 11291
    }, 
    {
        "accumulated_operating_revenue_yoy": -16.598436918496464, 
        "accumulated_operating_revenue": 51543, 
        "long_term_average": 7938, 
        "date": "2015-06-30", 
        "operating_revenue": 5218, 
        "short_term_average": 8146
    }, 
    {
        "accumulated_operating_revenue_yoy": -26.702850122186668, 
        "accumulated_operating_revenue": 54289, 
        "long_term_average": 7144, 
        "date": "2015-07-31", 
        "operating_revenue": 2746, 
        "short_term_average": 4540
    }, 
    {
        "accumulated_operating_revenue_yoy": -28.652941816467404, 
        "accumulated_operating_revenue": 59019, 
        "long_term_average": 6817, 
        "date": "2015-08-31", 
        "operating_revenue": 4730, 
        "short_term_average": 4231
    }
]