[
    {
        "date": "2012-01-31", 
        "operating_revenue": 268005, 
        "accumulated_operating_revenue": 268005, 
        "long_term_average": 268005, 
        "short_term_average": 268005
    }, 
    {
        "date": "2012-02-29", 
        "operating_revenue": 274993, 
        "accumulated_operating_revenue": 542998, 
        "long_term_average": 271499, 
        "short_term_average": 271499
    }, 
    {
        "date": "2012-03-31", 
        "operating_revenue": 376373, 
        "accumulated_operating_revenue": 919371, 
        "long_term_average": 306457, 
        "short_term_average": 306457
    }, 
    {
        "date": "2012-04-30", 
        "operating_revenue": 196254, 
        "accumulated_operating_revenue": 1115625, 
        "long_term_average": 278906, 
        "short_term_average": 282540
    }, 
    {
        "date": "2012-05-31", 
        "operating_revenue": 335978, 
        "accumulated_operating_revenue": 1451603, 
        "long_term_average": 290320, 
        "short_term_average": 302868
    }, 
    {
        "date": "2012-06-30", 
        "operating_revenue": 446071, 
        "accumulated_operating_revenue": 1897674, 
        "long_term_average": 316279, 
        "short_term_average": 326101
    }, 
    {
        "date": "2012-07-31", 
        "operating_revenue": 349451, 
        "accumulated_operating_revenue": 2247125, 
        "long_term_average": 321017, 
        "short_term_average": 377166
    }, 
    {
        "date": "2012-08-31", 
        "operating_revenue": 330356, 
        "accumulated_operating_revenue": 2577481, 
        "long_term_average": 322185, 
        "short_term_average": 375292
    }, 
    {
        "date": "2012-09-30", 
        "operating_revenue": 297685, 
        "accumulated_operating_revenue": 2875166, 
        "long_term_average": 319462, 
        "short_term_average": 325830
    }, 
    {
        "date": "2012-10-31", 
        "operating_revenue": 267822, 
        "accumulated_operating_revenue": 3142988, 
        "long_term_average": 314298, 
        "short_term_average": 298621
    }, 
    {
        "date": "2012-11-30", 
        "operating_revenue": 266574, 
        "accumulated_operating_revenue": 3409562, 
        "long_term_average": 309960, 
        "short_term_average": 277360
    }, 
    {
        "date": "2012-12-31", 
        "operating_revenue": 260728, 
        "accumulated_operating_revenue": 3670290, 
        "long_term_average": 305857, 
        "short_term_average": 265041
    }, 
    {
        "accumulated_operating_revenue_yoy": -16.29223335385534, 
        "accumulated_operating_revenue": 224341, 
        "long_term_average": 302218, 
        "date": "2013-01-31", 
        "operating_revenue": 224341, 
        "short_term_average": 250547
    }, 
    {
        "accumulated_operating_revenue_yoy": -35.649670901181956, 
        "accumulated_operating_revenue": 349421, 
        "long_term_average": 289726, 
        "date": "2013-02-28", 
        "operating_revenue": 125080, 
        "short_term_average": 203383
    }, 
    {
        "accumulated_operating_revenue_yoy": -28.637405356488294, 
        "accumulated_operating_revenue": 656087, 
        "long_term_average": 283917, 
        "date": "2013-03-31", 
        "operating_revenue": 306666, 
        "short_term_average": 218695
    }, 
    {
        "accumulated_operating_revenue_yoy": -18.560358543417365, 
        "accumulated_operating_revenue": 908561, 
        "long_term_average": 288602, 
        "date": "2013-04-30", 
        "operating_revenue": 252474, 
        "short_term_average": 228073
    }, 
    {
        "accumulated_operating_revenue_yoy": -16.969722437884187, 
        "accumulated_operating_revenue": 1205270, 
        "long_term_average": 285329, 
        "date": "2013-05-31", 
        "operating_revenue": 296709, 
        "short_term_average": 285283
    }, 
    {
        "accumulated_operating_revenue_yoy": -23.401595848391242, 
        "accumulated_operating_revenue": 1453588, 
        "long_term_average": 268850, 
        "date": "2013-06-30", 
        "operating_revenue": 248318, 
        "short_term_average": 265833
    }, 
    {
        "accumulated_operating_revenue_yoy": -25.13767591923013, 
        "accumulated_operating_revenue": 1682250, 
        "long_term_average": 258784, 
        "date": "2013-07-31", 
        "operating_revenue": 228662, 
        "short_term_average": 257896
    }, 
    {
        "accumulated_operating_revenue_yoy": -24.331042595464332, 
        "accumulated_operating_revenue": 1950353, 
        "long_term_average": 253596, 
        "date": "2013-08-31", 
        "operating_revenue": 268103, 
        "short_term_average": 248361
    }, 
    {
        "accumulated_operating_revenue_yoy": -24.40092154679069, 
        "accumulated_operating_revenue": 2173599, 
        "long_term_average": 247393, 
        "date": "2013-09-30", 
        "operating_revenue": 223246, 
        "short_term_average": 240003
    }, 
    {
        "accumulated_operating_revenue_yoy": -23.743965933054785, 
        "accumulated_operating_revenue": 2396718, 
        "long_term_average": 243668, 
        "date": "2013-10-31", 
        "operating_revenue": 223119, 
        "short_term_average": 238156
    }, 
    {
        "accumulated_operating_revenue_yoy": -22.829677243000717, 
        "accumulated_operating_revenue": 2631170, 
        "long_term_average": 240991, 
        "date": "2013-11-30", 
        "operating_revenue": 234452, 
        "short_term_average": 226939
    }, 
    {
        "accumulated_operating_revenue_yoy": -18.462355835642416, 
        "accumulated_operating_revenue": 2992668, 
        "long_term_average": 249389, 
        "date": "2013-12-31", 
        "operating_revenue": 361498, 
        "short_term_average": 273023
    }, 
    {
        "accumulated_operating_revenue_yoy": -0.5714514957141138, 
        "accumulated_operating_revenue": 223059, 
        "long_term_average": 249282, 
        "date": "2014-01-31", 
        "operating_revenue": 223059, 
        "short_term_average": 273003
    }, 
    {
        "accumulated_operating_revenue_yoy": 36.6280217846094, 
        "accumulated_operating_revenue": 477407, 
        "long_term_average": 260054, 
        "date": "2014-02-28", 
        "operating_revenue": 254348, 
        "short_term_average": 279635
    }, 
    {
        "accumulated_operating_revenue_yoy": 30.339421448679825, 
        "accumulated_operating_revenue": 855140, 
        "long_term_average": 265976, 
        "date": "2014-03-31", 
        "operating_revenue": 377733, 
        "short_term_average": 285046
    }, 
    {
        "accumulated_operating_revenue_yoy": 25.030680383595598, 
        "accumulated_operating_revenue": 1135980, 
        "long_term_average": 268340, 
        "date": "2014-04-30", 
        "operating_revenue": 280840, 
        "short_term_average": 304307
    }, 
    {
        "accumulated_operating_revenue_yoy": 27.523708380694785, 
        "accumulated_operating_revenue": 1537005, 
        "long_term_average": 277033, 
        "date": "2014-05-31", 
        "operating_revenue": 401025, 
        "short_term_average": 353199
    }, 
    {
        "accumulated_operating_revenue_yoy": 27.595508493465825, 
        "accumulated_operating_revenue": 1854713, 
        "long_term_average": 282816, 
        "date": "2014-06-30", 
        "operating_revenue": 317708, 
        "short_term_average": 333191
    }, 
    {
        "accumulated_operating_revenue_yoy": 28.37330955565463, 
        "accumulated_operating_revenue": 2159560, 
        "long_term_average": 289164, 
        "date": "2014-07-31", 
        "operating_revenue": 304847, 
        "short_term_average": 341193
    }, 
    {
        "accumulated_operating_revenue_yoy": 27.564702389772517, 
        "accumulated_operating_revenue": 2487962, 
        "long_term_average": 294189, 
        "date": "2014-08-31", 
        "operating_revenue": 328402, 
        "short_term_average": 316985
    }, 
    {
        "accumulated_operating_revenue_yoy": 29.462840201895567, 
        "accumulated_operating_revenue": 2814003, 
        "long_term_average": 302756, 
        "date": "2014-09-30", 
        "operating_revenue": 326041, 
        "short_term_average": 319763
    }, 
    {
        "accumulated_operating_revenue_yoy": 31.74895836723386, 
        "accumulated_operating_revenue": 3157651, 
        "long_term_average": 312800, 
        "date": "2014-10-31", 
        "operating_revenue": 343648, 
        "short_term_average": 332697
    }, 
    {
        "accumulated_operating_revenue_yoy": 32.81490743661565, 
        "accumulated_operating_revenue": 3494586, 
        "long_term_average": 321340, 
        "date": "2014-11-30", 
        "operating_revenue": 336935, 
        "short_term_average": 335541
    }, 
    {
        "accumulated_operating_revenue_yoy": 30.76315180968955, 
        "accumulated_operating_revenue": 3913307, 
        "long_term_average": 326108, 
        "date": "2014-12-31", 
        "operating_revenue": 418721, 
        "short_term_average": 366434
    }, 
    {
        "accumulated_operating_revenue_yoy": 0.9427998870254058, 
        "accumulated_operating_revenue": 225162, 
        "long_term_average": 326284, 
        "date": "2015-01-31", 
        "operating_revenue": 225162, 
        "short_term_average": 326939
    }, 
    {
        "accumulated_operating_revenue_yoy": 0.8692792522941641, 
        "accumulated_operating_revenue": 481557, 
        "long_term_average": 326454, 
        "date": "2015-02-28", 
        "operating_revenue": 256395, 
        "short_term_average": 300092
    }, 
    {
        "accumulated_operating_revenue_yoy": 6.643005823607831, 
        "accumulated_operating_revenue": 911947, 
        "long_term_average": 330842, 
        "date": "2015-03-31", 
        "operating_revenue": 430390, 
        "short_term_average": 303982
    }, 
    {
        "accumulated_operating_revenue_yoy": 5.708023028574447, 
        "accumulated_operating_revenue": 1200822, 
        "long_term_average": 331512, 
        "date": "2015-04-30", 
        "operating_revenue": 288875, 
        "short_term_average": 325220
    }, 
    {
        "accumulated_operating_revenue_yoy": 1.1821041571107445, 
        "accumulated_operating_revenue": 1555174, 
        "long_term_average": 327623, 
        "date": "2015-05-31", 
        "operating_revenue": 354352, 
        "short_term_average": 357872
    }, 
    {
        "accumulated_operating_revenue_yoy": 1.443080411902003, 
        "accumulated_operating_revenue": 1881478, 
        "long_term_average": 328339, 
        "date": "2015-06-30", 
        "operating_revenue": 326304, 
        "short_term_average": 323177
    }, 
    {
        "accumulated_operating_revenue_yoy": 4.601168756598566, 
        "accumulated_operating_revenue": 2258925, 
        "long_term_average": 334389, 
        "date": "2015-07-31", 
        "operating_revenue": 377447, 
        "short_term_average": 352701
    }, 
    {
        "accumulated_operating_revenue_yoy": 3.164196237723888, 
        "accumulated_operating_revenue": 2566686, 
        "long_term_average": 332669, 
        "date": "2015-08-31", 
        "operating_revenue": 307761, 
        "short_term_average": 337170
    }
]