[
    {
        "date": "2012-01-31", 
        "operating_revenue": 274396, 
        "accumulated_operating_revenue": 274396, 
        "long_term_average": 274396, 
        "short_term_average": 274396
    }, 
    {
        "date": "2012-02-29", 
        "operating_revenue": 246109, 
        "accumulated_operating_revenue": 520505, 
        "long_term_average": 260252, 
        "short_term_average": 260252
    }, 
    {
        "date": "2012-03-31", 
        "operating_revenue": 306589, 
        "accumulated_operating_revenue": 827094, 
        "long_term_average": 275698, 
        "short_term_average": 275698
    }, 
    {
        "date": "2012-04-30", 
        "operating_revenue": 239997, 
        "accumulated_operating_revenue": 1067091, 
        "long_term_average": 266772, 
        "short_term_average": 264231
    }, 
    {
        "date": "2012-05-31", 
        "operating_revenue": 224055, 
        "accumulated_operating_revenue": 1291146, 
        "long_term_average": 258229, 
        "short_term_average": 256880
    }, 
    {
        "date": "2012-06-30", 
        "operating_revenue": 235271, 
        "accumulated_operating_revenue": 1526417, 
        "long_term_average": 254402, 
        "short_term_average": 233107
    }, 
    {
        "date": "2012-07-31", 
        "operating_revenue": 200504, 
        "accumulated_operating_revenue": 1726921, 
        "long_term_average": 246703, 
        "short_term_average": 219943
    }, 
    {
        "date": "2012-08-31", 
        "operating_revenue": 208754, 
        "accumulated_operating_revenue": 1935675, 
        "long_term_average": 241959, 
        "short_term_average": 214843
    }, 
    {
        "date": "2012-09-30", 
        "operating_revenue": 235558, 
        "accumulated_operating_revenue": 2171233, 
        "long_term_average": 241248, 
        "short_term_average": 214938
    }, 
    {
        "date": "2012-10-31", 
        "operating_revenue": 184928, 
        "accumulated_operating_revenue": 2356161, 
        "long_term_average": 235616, 
        "short_term_average": 209746
    }, 
    {
        "date": "2012-11-30", 
        "operating_revenue": 194083, 
        "accumulated_operating_revenue": 2550244, 
        "long_term_average": 231840, 
        "short_term_average": 204856
    }, 
    {
        "date": "2012-12-31", 
        "operating_revenue": 169137, 
        "accumulated_operating_revenue": 2719381, 
        "long_term_average": 226615, 
        "short_term_average": 182716
    }, 
    {
        "accumulated_operating_revenue_yoy": 1.9369815886528956, 
        "accumulated_operating_revenue": 279711, 
        "long_term_average": 227058, 
        "date": "2013-01-31", 
        "operating_revenue": 279711, 
        "short_term_average": 214310
    }, 
    {
        "accumulated_operating_revenue_yoy": -13.29362830328239, 
        "accumulated_operating_revenue": 451311, 
        "long_term_average": 220848, 
        "date": "2013-02-28", 
        "operating_revenue": 171600, 
        "short_term_average": 206816
    }, 
    {
        "accumulated_operating_revenue_yoy": -1.536463811852099, 
        "accumulated_operating_revenue": 814386, 
        "long_term_average": 225556, 
        "date": "2013-03-31", 
        "operating_revenue": 363075, 
        "short_term_average": 271462
    }, 
    {
        "accumulated_operating_revenue_yoy": 5.339563354952858, 
        "accumulated_operating_revenue": 1124069, 
        "long_term_average": 231363, 
        "date": "2013-04-30", 
        "operating_revenue": 309683, 
        "short_term_average": 281452
    }, 
    {
        "accumulated_operating_revenue_yoy": 8.208754083581562, 
        "accumulated_operating_revenue": 1397133, 
        "long_term_average": 235447, 
        "date": "2013-05-31", 
        "operating_revenue": 273064, 
        "short_term_average": 315274
    }, 
    {
        "accumulated_operating_revenue_yoy": 9.696236349568958, 
        "accumulated_operating_revenue": 1674422, 
        "long_term_average": 238948, 
        "date": "2013-06-30", 
        "operating_revenue": 277289, 
        "short_term_average": 286678
    }, 
    {
        "accumulated_operating_revenue_yoy": 10.196355247286935, 
        "accumulated_operating_revenue": 1903004, 
        "long_term_average": 241288, 
        "date": "2013-07-31", 
        "operating_revenue": 228582, 
        "short_term_average": 259645
    }, 
    {
        "accumulated_operating_revenue_yoy": 12.194764100378421, 
        "accumulated_operating_revenue": 2171726, 
        "long_term_average": 246286, 
        "date": "2013-08-31", 
        "operating_revenue": 268722, 
        "short_term_average": 258197
    }, 
    {
        "accumulated_operating_revenue_yoy": 11.222333116712946, 
        "accumulated_operating_revenue": 2414896, 
        "long_term_average": 246920, 
        "date": "2013-09-30", 
        "operating_revenue": 243170, 
        "short_term_average": 246824
    }, 
    {
        "accumulated_operating_revenue_yoy": 9.232094071669975, 
        "accumulated_operating_revenue": 2573684, 
        "long_term_average": 244742, 
        "date": "2013-10-31", 
        "operating_revenue": 158788, 
        "short_term_average": 223560
    }, 
    {
        "accumulated_operating_revenue_yoy": 9.40580587582992, 
        "accumulated_operating_revenue": 2790115, 
        "long_term_average": 246604, 
        "date": "2013-11-30", 
        "operating_revenue": 216431, 
        "short_term_average": 206129
    }, 
    {
        "accumulated_operating_revenue_yoy": 11.034091949601766, 
        "accumulated_operating_revenue": 3019440, 
        "long_term_average": 251620, 
        "date": "2013-12-31", 
        "operating_revenue": 229325, 
        "short_term_average": 201514
    }, 
    {
        "accumulated_operating_revenue_yoy": -16.953927446543037, 
        "accumulated_operating_revenue": 232289, 
        "long_term_average": 247668, 
        "date": "2014-01-31", 
        "operating_revenue": 232289, 
        "short_term_average": 226015
    }, 
    {
        "accumulated_operating_revenue_yoy": -1.6946185667976184, 
        "accumulated_operating_revenue": 443663, 
        "long_term_average": 250982, 
        "date": "2014-02-28", 
        "operating_revenue": 211374, 
        "short_term_average": 224329
    }, 
    {
        "accumulated_operating_revenue_yoy": -6.44350467714327, 
        "accumulated_operating_revenue": 761911, 
        "long_term_average": 247247, 
        "date": "2014-03-31", 
        "operating_revenue": 318248, 
        "short_term_average": 253970
    }, 
    {
        "accumulated_operating_revenue_yoy": -8.624648486881144, 
        "accumulated_operating_revenue": 1027122, 
        "long_term_average": 243541, 
        "date": "2014-04-30", 
        "operating_revenue": 265211, 
        "short_term_average": 264944
    }, 
    {
        "accumulated_operating_revenue_yoy": -6.714321399609056, 
        "accumulated_operating_revenue": 1303325, 
        "long_term_average": 243802, 
        "date": "2014-05-31", 
        "operating_revenue": 276203, 
        "short_term_average": 286554
    }, 
    {
        "accumulated_operating_revenue_yoy": -11.084003912992065, 
        "accumulated_operating_revenue": 1488829, 
        "long_term_average": 236153, 
        "date": "2014-06-30", 
        "operating_revenue": 185504, 
        "short_term_average": 242306
    }, 
    {
        "accumulated_operating_revenue_yoy": -10.16640007062518, 
        "accumulated_operating_revenue": 1709537, 
        "long_term_average": 235497, 
        "date": "2014-07-31", 
        "operating_revenue": 220708, 
        "short_term_average": 227471
    }, 
    {
        "accumulated_operating_revenue_yoy": -12.907291251290449, 
        "accumulated_operating_revenue": 1891415, 
        "long_term_average": 228260, 
        "date": "2014-08-31", 
        "operating_revenue": 181878, 
        "short_term_average": 196030
    }, 
    {
        "accumulated_operating_revenue_yoy": -11.644559434443554, 
        "accumulated_operating_revenue": 2133692, 
        "long_term_average": 228186, 
        "date": "2014-09-30", 
        "operating_revenue": 242277, 
        "short_term_average": 214954
    }, 
    {
        "accumulated_operating_revenue_yoy": -8.77438722080877, 
        "accumulated_operating_revenue": 2347859, 
        "long_term_average": 232801, 
        "date": "2014-10-31", 
        "operating_revenue": 214167, 
        "short_term_average": 212774
    }, 
    {
        "accumulated_operating_revenue_yoy": -8.30736367497397, 
        "accumulated_operating_revenue": 2558330, 
        "long_term_average": 232304, 
        "date": "2014-11-30", 
        "operating_revenue": 210471, 
        "short_term_average": 222305
    }, 
    {
        "accumulated_operating_revenue_yoy": -8.000920700527251, 
        "accumulated_operating_revenue": 2777857, 
        "long_term_average": 231488, 
        "date": "2014-12-31", 
        "operating_revenue": 219527, 
        "short_term_average": 214721
    }, 
    {
        "accumulated_operating_revenue_yoy": -12.654925545333615, 
        "accumulated_operating_revenue": 202893, 
        "long_term_average": 229038, 
        "date": "2015-01-31", 
        "operating_revenue": 202893, 
        "short_term_average": 210963
    }, 
    {
        "accumulated_operating_revenue_yoy": -10.515864518790163, 
        "accumulated_operating_revenue": 397008, 
        "long_term_average": 227600, 
        "date": "2015-02-28", 
        "operating_revenue": 194115, 
        "short_term_average": 205511
    }, 
    {
        "accumulated_operating_revenue_yoy": -15.051495515880465, 
        "accumulated_operating_revenue": 647232, 
        "long_term_average": 221931, 
        "date": "2015-03-31", 
        "operating_revenue": 250224, 
        "short_term_average": 215744
    }, 
    {
        "accumulated_operating_revenue_yoy": -11.380731792328467, 
        "accumulated_operating_revenue": 910228, 
        "long_term_average": 221746, 
        "date": "2015-04-30", 
        "operating_revenue": 262996, 
        "short_term_average": 235778
    }, 
    {
        "accumulated_operating_revenue_yoy": -14.180423148485605, 
        "accumulated_operating_revenue": 1118508, 
        "long_term_average": 216086, 
        "date": "2015-05-31", 
        "operating_revenue": 208280, 
        "short_term_average": 240500
    }, 
    {
        "accumulated_operating_revenue_yoy": -12.047992079681414, 
        "accumulated_operating_revenue": 1309455, 
        "long_term_average": 216540, 
        "date": "2015-06-30", 
        "operating_revenue": 190947, 
        "short_term_average": 220741
    }, 
    {
        "accumulated_operating_revenue_yoy": -11.645375326769763, 
        "accumulated_operating_revenue": 1510455, 
        "long_term_average": 214897, 
        "date": "2015-07-31", 
        "operating_revenue": 201000, 
        "short_term_average": 200075
    }, 
    {
        "accumulated_operating_revenue_yoy": -7.482969099853813, 
        "accumulated_operating_revenue": 1749881, 
        "long_term_average": 219693, 
        "date": "2015-08-31", 
        "operating_revenue": 239426, 
        "short_term_average": 210457
    }, 
    {
        "accumulated_operating_revenue_yoy": -7.185573175509867, 
        "accumulated_operating_revenue": 1980374, 
        "long_term_average": 218711, 
        "date": "2015-09-30", 
        "operating_revenue": 230493, 
        "short_term_average": 223639
    }
]