[
    {
        "date": "2012-01-31", 
        "operating_revenue": 968524, 
        "accumulated_operating_revenue": 968524, 
        "long_term_average": 968524, 
        "short_term_average": 968524
    }, 
    {
        "date": "2012-02-29", 
        "operating_revenue": 1104261, 
        "accumulated_operating_revenue": 2072785, 
        "long_term_average": 1036392, 
        "short_term_average": 1036392
    }, 
    {
        "date": "2012-03-31", 
        "operating_revenue": 1288511, 
        "accumulated_operating_revenue": 3361296, 
        "long_term_average": 1120432, 
        "short_term_average": 1120432
    }, 
    {
        "date": "2012-04-30", 
        "operating_revenue": 1330729, 
        "accumulated_operating_revenue": 4692025, 
        "long_term_average": 1173006, 
        "short_term_average": 1241167
    }, 
    {
        "date": "2012-05-31", 
        "operating_revenue": 1228536, 
        "accumulated_operating_revenue": 5920561, 
        "long_term_average": 1184112, 
        "short_term_average": 1282592
    }, 
    {
        "date": "2012-06-30", 
        "operating_revenue": 1131008, 
        "accumulated_operating_revenue": 7051569, 
        "long_term_average": 1175261, 
        "short_term_average": 1230091
    }, 
    {
        "date": "2012-07-31", 
        "operating_revenue": 957288, 
        "accumulated_operating_revenue": 8008857, 
        "long_term_average": 1144122, 
        "short_term_average": 1105610
    }, 
    {
        "date": "2012-08-31", 
        "operating_revenue": 1098648, 
        "accumulated_operating_revenue": 9107505, 
        "long_term_average": 1138438, 
        "short_term_average": 1062314
    }, 
    {
        "date": "2012-09-30", 
        "operating_revenue": 948100, 
        "accumulated_operating_revenue": 10055605, 
        "long_term_average": 1117289, 
        "short_term_average": 1001345
    }, 
    {
        "date": "2012-10-31", 
        "operating_revenue": 1099476, 
        "accumulated_operating_revenue": 11155081, 
        "long_term_average": 1115508, 
        "short_term_average": 1048741
    }, 
    {
        "date": "2012-11-30", 
        "operating_revenue": 1064293, 
        "accumulated_operating_revenue": 12219374, 
        "long_term_average": 1110852, 
        "short_term_average": 1037289
    }, 
    {
        "date": "2012-12-31", 
        "operating_revenue": 1803023, 
        "accumulated_operating_revenue": 14022397, 
        "long_term_average": 1168533, 
        "short_term_average": 1322264
    }, 
    {
        "accumulated_operating_revenue_yoy": 12.936695425203713, 
        "accumulated_operating_revenue": 1093819, 
        "long_term_average": 1178974, 
        "date": "2013-01-31", 
        "operating_revenue": 1093819, 
        "short_term_average": 1320378
    }, 
    {
        "accumulated_operating_revenue_yoy": -5.775128631285927, 
        "accumulated_operating_revenue": 1953079, 
        "long_term_average": 1158557, 
        "date": "2013-02-28", 
        "operating_revenue": 859260, 
        "short_term_average": 1252034
    }, 
    {
        "accumulated_operating_revenue_yoy": -9.230398036947655, 
        "accumulated_operating_revenue": 3051035, 
        "long_term_average": 1142678, 
        "date": "2013-03-31", 
        "operating_revenue": 1097956, 
        "short_term_average": 1017011
    }, 
    {
        "accumulated_operating_revenue_yoy": -9.850459023555928, 
        "accumulated_operating_revenue": 4229839, 
        "long_term_average": 1130017, 
        "date": "2013-04-30", 
        "operating_revenue": 1178804, 
        "short_term_average": 1045340
    }, 
    {
        "accumulated_operating_revenue_yoy": -0.13677757901658308, 
        "accumulated_operating_revenue": 5912463, 
        "long_term_average": 1167858, 
        "date": "2013-05-31", 
        "operating_revenue": 1682624, 
        "short_term_average": 1319794
    }, 
    {
        "accumulated_operating_revenue_yoy": 2.199453766955978, 
        "accumulated_operating_revenue": 7206665, 
        "long_term_average": 1181457, 
        "date": "2013-06-30", 
        "operating_revenue": 1294202, 
        "short_term_average": 1385210
    }, 
    {
        "accumulated_operating_revenue_yoy": 6.453005716046622, 
        "accumulated_operating_revenue": 8525669, 
        "long_term_average": 1211600, 
        "date": "2013-07-31", 
        "operating_revenue": 1319004, 
        "short_term_average": 1431943
    }, 
    {
        "accumulated_operating_revenue_yoy": 6.8257662224725655, 
        "accumulated_operating_revenue": 9729162, 
        "long_term_average": 1220337, 
        "date": "2013-08-31", 
        "operating_revenue": 1203493, 
        "short_term_average": 1272233
    }, 
    {
        "accumulated_operating_revenue_yoy": 9.226207672238518, 
        "accumulated_operating_revenue": 10983356, 
        "long_term_average": 1245845, 
        "date": "2013-09-30", 
        "operating_revenue": 1254194, 
        "short_term_average": 1258897
    }, 
    {
        "accumulated_operating_revenue_yoy": 10.202176030815016, 
        "accumulated_operating_revenue": 12293142, 
        "long_term_average": 1263371, 
        "date": "2013-10-31", 
        "operating_revenue": 1309786, 
        "short_term_average": 1255824
    }, 
    {
        "accumulated_operating_revenue_yoy": 10.405451212148838, 
        "accumulated_operating_revenue": 13490855, 
        "long_term_average": 1274489, 
        "date": "2013-11-30", 
        "operating_revenue": 1197713, 
        "short_term_average": 1253897
    }, 
    {
        "accumulated_operating_revenue_yoy": 5.782149799353134, 
        "accumulated_operating_revenue": 14833193, 
        "long_term_average": 1236099, 
        "date": "2013-12-31", 
        "operating_revenue": 1342338, 
        "short_term_average": 1283279
    }, 
    {
        "accumulated_operating_revenue_yoy": 6.4789512707312635, 
        "accumulated_operating_revenue": 1164687, 
        "long_term_average": 1242005, 
        "date": "2014-01-31", 
        "operating_revenue": 1164687, 
        "short_term_average": 1234912
    }, 
    {
        "accumulated_operating_revenue_yoy": 17.36755144057153, 
        "accumulated_operating_revenue": 2292281, 
        "long_term_average": 1264366, 
        "date": "2014-02-28", 
        "operating_revenue": 1127594, 
        "short_term_average": 1211539
    }, 
    {
        "accumulated_operating_revenue_yoy": 18.078389792316376, 
        "accumulated_operating_revenue": 3602613, 
        "long_term_average": 1282064, 
        "date": "2014-03-31", 
        "operating_revenue": 1310332, 
        "short_term_average": 1200871
    }, 
    {
        "accumulated_operating_revenue_yoy": 19.112760556607476, 
        "accumulated_operating_revenue": 5038278, 
        "long_term_average": 1303469, 
        "date": "2014-04-30", 
        "operating_revenue": 1435665, 
        "short_term_average": 1291197
    }, 
    {
        "accumulated_operating_revenue_yoy": 8.162283637123819, 
        "accumulated_operating_revenue": 6395055, 
        "long_term_average": 1276315, 
        "date": "2014-05-31", 
        "operating_revenue": 1356777, 
        "short_term_average": 1367591
    }, 
    {
        "accumulated_operating_revenue_yoy": 5.216213047227809, 
        "accumulated_operating_revenue": 7582580, 
        "long_term_average": 1267425, 
        "date": "2014-06-30", 
        "operating_revenue": 1187525, 
        "short_term_average": 1326655
    }, 
    {
        "accumulated_operating_revenue_yoy": 3.0898337714025725, 
        "accumulated_operating_revenue": 8789098, 
        "long_term_average": 1258051, 
        "date": "2014-07-31", 
        "operating_revenue": 1206518, 
        "short_term_average": 1250273
    }, 
    {
        "accumulated_operating_revenue_yoy": 2.136617727199938, 
        "accumulated_operating_revenue": 9937037, 
        "long_term_average": 1253422, 
        "date": "2014-08-31", 
        "operating_revenue": 1147939, 
        "short_term_average": 1180660
    }, 
    {
        "accumulated_operating_revenue_yoy": 1.768348399159601, 
        "accumulated_operating_revenue": 11177580, 
        "long_term_average": 1252284, 
        "date": "2014-09-30", 
        "operating_revenue": 1240543, 
        "short_term_average": 1198333
    }, 
    {
        "accumulated_operating_revenue_yoy": 2.146554558631146, 
        "accumulated_operating_revenue": 12557021, 
        "long_term_average": 1258089, 
        "date": "2014-10-31", 
        "operating_revenue": 1379441, 
        "short_term_average": 1255974
    }, 
    {
        "accumulated_operating_revenue_yoy": 2.6328575913090755, 
        "accumulated_operating_revenue": 13846050, 
        "long_term_average": 1265699, 
        "date": "2014-11-30", 
        "operating_revenue": 1289029, 
        "short_term_average": 1303004
    }, 
    {
        "accumulated_operating_revenue_yoy": 15.439285391891012, 
        "accumulated_operating_revenue": 17123332, 
        "long_term_average": 1426944, 
        "date": "2014-12-31", 
        "operating_revenue": 3277282, 
        "short_term_average": 1981917
    }, 
    {
        "accumulated_operating_revenue_yoy": 16.630047386121767, 
        "accumulated_operating_revenue": 1358375, 
        "long_term_average": 1443085, 
        "date": "2015-01-31", 
        "operating_revenue": 1358375, 
        "short_term_average": 1974895
    }, 
    {
        "accumulated_operating_revenue_yoy": 14.982325465333437, 
        "accumulated_operating_revenue": 2635718, 
        "long_term_average": 1455564, 
        "date": "2015-02-28", 
        "operating_revenue": 1277343, 
        "short_term_average": 1971000
    }, 
    {
        "accumulated_operating_revenue_yoy": 28.219017696322084, 
        "accumulated_operating_revenue": 4619235, 
        "long_term_average": 1511662, 
        "date": "2015-03-31", 
        "operating_revenue": 1983517, 
        "short_term_average": 1539745
    }, 
    {
        "accumulated_operating_revenue_yoy": 15.041528077648753, 
        "accumulated_operating_revenue": 5796112, 
        "long_term_average": 1490097, 
        "date": "2015-04-30", 
        "operating_revenue": 1176877, 
        "short_term_average": 1479245
    }, 
    {
        "accumulated_operating_revenue_yoy": 9.159671027067006, 
        "accumulated_operating_revenue": 6980821, 
        "long_term_average": 1475758, 
        "date": "2015-05-31", 
        "operating_revenue": 1184709, 
        "short_term_average": 1448367
    }, 
    {
        "accumulated_operating_revenue_yoy": 9.21282729625009, 
        "accumulated_operating_revenue": 8281150, 
        "long_term_average": 1485158, 
        "date": "2015-06-30", 
        "operating_revenue": 1300329, 
        "short_term_average": 1220638
    }, 
    {
        "accumulated_operating_revenue_yoy": 7.490529744918079, 
        "accumulated_operating_revenue": 9447448, 
        "long_term_average": 1481806, 
        "date": "2015-07-31", 
        "operating_revenue": 1166298, 
        "short_term_average": 1217112
    }, 
    {
        "accumulated_operating_revenue_yoy": 6.244386530914597, 
        "accumulated_operating_revenue": 10557544, 
        "long_term_average": 1478653, 
        "date": "2015-08-31", 
        "operating_revenue": 1110096, 
        "short_term_average": 1192241
    }
]