[
    {
        "date": "2011-09-30", 
        "operating_revenue": 194684, 
        "accumulated_operating_revenue": 194684, 
        "long_term_average": 194684, 
        "short_term_average": 194684
    }, 
    {
        "date": "2011-10-31", 
        "operating_revenue": 162413, 
        "accumulated_operating_revenue": 357097, 
        "long_term_average": 178548, 
        "short_term_average": 178548
    }, 
    {
        "date": "2011-11-30", 
        "operating_revenue": 156661, 
        "accumulated_operating_revenue": 513758, 
        "long_term_average": 171252, 
        "short_term_average": 171252
    }, 
    {
        "date": "2011-12-31", 
        "operating_revenue": 173452, 
        "accumulated_operating_revenue": 687210, 
        "long_term_average": 171802, 
        "short_term_average": 164175
    }, 
    {
        "date": "2012-01-31", 
        "operating_revenue": 174742, 
        "accumulated_operating_revenue": 174742, 
        "long_term_average": 172390, 
        "short_term_average": 168285
    }, 
    {
        "date": "2012-02-29", 
        "operating_revenue": 159776, 
        "accumulated_operating_revenue": 334518, 
        "long_term_average": 170288, 
        "short_term_average": 169323
    }, 
    {
        "date": "2012-03-31", 
        "operating_revenue": 167724, 
        "accumulated_operating_revenue": 502242, 
        "long_term_average": 169921, 
        "short_term_average": 167414
    }, 
    {
        "date": "2012-04-30", 
        "operating_revenue": 178164, 
        "accumulated_operating_revenue": 680406, 
        "long_term_average": 170952, 
        "short_term_average": 168554
    }, 
    {
        "date": "2012-05-31", 
        "operating_revenue": 169723, 
        "accumulated_operating_revenue": 850129, 
        "long_term_average": 170815, 
        "short_term_average": 171870
    }, 
    {
        "date": "2012-06-30", 
        "operating_revenue": 174838, 
        "accumulated_operating_revenue": 1024967, 
        "long_term_average": 171217, 
        "short_term_average": 174241
    }, 
    {
        "date": "2012-07-31", 
        "operating_revenue": 180531, 
        "accumulated_operating_revenue": 1205498, 
        "long_term_average": 172064, 
        "short_term_average": 175030
    }, 
    {
        "date": "2012-08-31", 
        "operating_revenue": 171668, 
        "accumulated_operating_revenue": 1377166, 
        "long_term_average": 172031, 
        "short_term_average": 175679
    }, 
    {
        "accumulated_operating_revenue_yoy": 688.2856321012513, 
        "accumulated_operating_revenue": 1534666, 
        "long_term_average": 168932, 
        "date": "2012-09-30", 
        "operating_revenue": 157500, 
        "short_term_average": 169899
    }, 
    {
        "accumulated_operating_revenue_yoy": 385.6033514703288, 
        "accumulated_operating_revenue": 1734075, 
        "long_term_average": 172015, 
        "date": "2012-10-31", 
        "operating_revenue": 199409, 
        "short_term_average": 176192
    }, 
    {
        "accumulated_operating_revenue_yoy": 265.396353925389, 
        "accumulated_operating_revenue": 1877253, 
        "long_term_average": 170892, 
        "date": "2012-11-30", 
        "operating_revenue": 143178, 
        "short_term_average": 166695
    }, 
    {
        "accumulated_operating_revenue_yoy": 194.39370789132872, 
        "accumulated_operating_revenue": 2023103, 
        "long_term_average": 168591, 
        "date": "2012-12-31", 
        "operating_revenue": 145850, 
        "short_term_average": 162812
    }, 
    {
        "accumulated_operating_revenue_yoy": 5.300957983770359, 
        "accumulated_operating_revenue": 184005, 
        "long_term_average": 169363, 
        "date": "2013-01-31", 
        "operating_revenue": 184005, 
        "short_term_average": 157677
    }, 
    {
        "accumulated_operating_revenue_yoy": -4.83561422703711, 
        "accumulated_operating_revenue": 318342, 
        "long_term_average": 167243, 
        "date": "2013-02-28", 
        "operating_revenue": 134337, 
        "short_term_average": 154730
    }, 
    {
        "accumulated_operating_revenue_yoy": -1.8309898415504875, 
        "accumulated_operating_revenue": 493046, 
        "long_term_average": 167825, 
        "date": "2013-03-31", 
        "operating_revenue": 174704, 
        "short_term_average": 164348
    }, 
    {
        "accumulated_operating_revenue_yoy": 0.29879219172082555, 
        "accumulated_operating_revenue": 682439, 
        "long_term_average": 168761, 
        "date": "2013-04-30", 
        "operating_revenue": 189393, 
        "short_term_average": 166144
    }, 
    {
        "accumulated_operating_revenue_yoy": 2.2922403541109646, 
        "accumulated_operating_revenue": 869616, 
        "long_term_average": 170215, 
        "date": "2013-05-31", 
        "operating_revenue": 187177, 
        "short_term_average": 183758
    }, 
    {
        "accumulated_operating_revenue_yoy": 5.013137008313438, 
        "accumulated_operating_revenue": 1076350, 
        "long_term_average": 172873, 
        "date": "2013-06-30", 
        "operating_revenue": 206734, 
        "short_term_average": 194434
    }, 
    {
        "accumulated_operating_revenue_yoy": 6.012950664372732, 
        "accumulated_operating_revenue": 1277984, 
        "long_term_average": 174632, 
        "date": "2013-07-31", 
        "operating_revenue": 201634, 
        "short_term_average": 198515
    }, 
    {
        "accumulated_operating_revenue_yoy": 6.895029357390467, 
        "accumulated_operating_revenue": 1472122, 
        "long_term_average": 176504, 
        "date": "2013-08-31", 
        "operating_revenue": 194138, 
        "short_term_average": 200835
    }, 
    {
        "accumulated_operating_revenue_yoy": 10.698223587412507, 
        "accumulated_operating_revenue": 1698848, 
        "long_term_average": 182273, 
        "date": "2013-09-30", 
        "operating_revenue": 226726, 
        "short_term_average": 207499
    }, 
    {
        "accumulated_operating_revenue_yoy": 10.15163703992042, 
        "accumulated_operating_revenue": 1910112, 
        "long_term_average": 183261, 
        "date": "2013-10-31", 
        "operating_revenue": 211264, 
        "short_term_average": 210709
    }, 
    {
        "accumulated_operating_revenue_yoy": 13.275887693347673, 
        "accumulated_operating_revenue": 2126475, 
        "long_term_average": 189360, 
        "date": "2013-11-30", 
        "operating_revenue": 216363, 
        "short_term_average": 218117
    }, 
    {
        "accumulated_operating_revenue_yoy": 15.467082002250997, 
        "accumulated_operating_revenue": 2336018, 
        "long_term_average": 194668, 
        "date": "2013-12-31", 
        "operating_revenue": 209543, 
        "short_term_average": 212390
    }, 
    {
        "accumulated_operating_revenue_yoy": 10.73992554550148, 
        "accumulated_operating_revenue": 203767, 
        "long_term_average": 196315, 
        "date": "2014-01-31", 
        "operating_revenue": 203767, 
        "short_term_average": 209891
    }, 
    {
        "accumulated_operating_revenue_yoy": 29.00182822247771, 
        "accumulated_operating_revenue": 410667, 
        "long_term_average": 202361, 
        "date": "2014-02-28", 
        "operating_revenue": 206900, 
        "short_term_average": 206736
    }, 
    {
        "accumulated_operating_revenue_yoy": 31.947931835974735, 
        "accumulated_operating_revenue": 650564, 
        "long_term_average": 207794, 
        "date": "2014-03-31", 
        "operating_revenue": 239897, 
        "short_term_average": 216854
    }, 
    {
        "accumulated_operating_revenue_yoy": 26.209961622943588, 
        "accumulated_operating_revenue": 861306, 
        "long_term_average": 209573, 
        "date": "2014-04-30", 
        "operating_revenue": 210742, 
        "short_term_average": 219179
    }, 
    {
        "accumulated_operating_revenue_yoy": 25.92707585876985, 
        "accumulated_operating_revenue": 1095082, 
        "long_term_average": 213457, 
        "date": "2014-05-31", 
        "operating_revenue": 233776, 
        "short_term_average": 228138
    }, 
    {
        "accumulated_operating_revenue_yoy": 21.905421099084872, 
        "accumulated_operating_revenue": 1312129, 
        "long_term_average": 214316, 
        "date": "2014-06-30", 
        "operating_revenue": 217047, 
        "short_term_average": 220521
    }, 
    {
        "accumulated_operating_revenue_yoy": 20.4375798132058, 
        "accumulated_operating_revenue": 1539173, 
        "long_term_average": 216433, 
        "date": "2014-07-31", 
        "operating_revenue": 227044, 
        "short_term_average": 225955
    }, 
    {
        "accumulated_operating_revenue_yoy": 19.374277403639102, 
        "accumulated_operating_revenue": 1757335, 
        "long_term_average": 218435, 
        "date": "2014-08-31", 
        "operating_revenue": 218162, 
        "short_term_average": 220751
    }, 
    {
        "accumulated_operating_revenue_yoy": 18.015384542937333, 
        "accumulated_operating_revenue": 2004902, 
        "long_term_average": 220172, 
        "date": "2014-09-30", 
        "operating_revenue": 247567, 
        "short_term_average": 230924
    }, 
    {
        "accumulated_operating_revenue_yoy": 16.917542008007906, 
        "accumulated_operating_revenue": 2233256, 
        "long_term_average": 221596, 
        "date": "2014-10-31", 
        "operating_revenue": 228354, 
        "short_term_average": 231361
    }, 
    {
        "accumulated_operating_revenue_yoy": 14.833045297969644, 
        "accumulated_operating_revenue": 2441896, 
        "long_term_average": 220953, 
        "date": "2014-11-30", 
        "operating_revenue": 208640, 
        "short_term_average": 228187
    }, 
    {
        "accumulated_operating_revenue_yoy": 13.763506959278567, 
        "accumulated_operating_revenue": 2657536, 
        "long_term_average": 221461, 
        "date": "2014-12-31", 
        "operating_revenue": 215640, 
        "short_term_average": 217544
    }, 
    {
        "accumulated_operating_revenue_yoy": -15.318476495212668, 
        "accumulated_operating_revenue": 172553, 
        "long_term_average": 218860, 
        "date": "2015-01-31", 
        "operating_revenue": 172553, 
        "short_term_average": 198944
    }, 
    {
        "accumulated_operating_revenue_yoy": -19.438133572943528, 
        "accumulated_operating_revenue": 330841, 
        "long_term_average": 214809, 
        "date": "2015-02-28", 
        "operating_revenue": 158288, 
        "short_term_average": 182160
    }, 
    {
        "accumulated_operating_revenue_yoy": -11.671872406096865, 
        "accumulated_operating_revenue": 574631, 
        "long_term_average": 215133, 
        "date": "2015-03-31", 
        "operating_revenue": 243790, 
        "short_term_average": 191543
    }, 
    {
        "accumulated_operating_revenue_yoy": -11.64800895384451, 
        "accumulated_operating_revenue": 760981, 
        "long_term_average": 213100, 
        "date": "2015-04-30", 
        "operating_revenue": 186350, 
        "short_term_average": 196142
    }, 
    {
        "accumulated_operating_revenue_yoy": -10.941829013717694, 
        "accumulated_operating_revenue": 975260, 
        "long_term_average": 211476, 
        "date": "2015-05-31", 
        "operating_revenue": 214279, 
        "short_term_average": 214806
    }, 
    {
        "accumulated_operating_revenue_yoy": -8.042197070562422, 
        "accumulated_operating_revenue": 1206605, 
        "long_term_average": 212667, 
        "date": "2015-06-30", 
        "operating_revenue": 231345, 
        "short_term_average": 210658
    }, 
    {
        "accumulated_operating_revenue_yoy": -8.229094455269161, 
        "accumulated_operating_revenue": 1412513, 
        "long_term_average": 210906, 
        "date": "2015-07-31", 
        "operating_revenue": 205908, 
        "short_term_average": 217177
    }, 
    {
        "accumulated_operating_revenue_yoy": -6.507125846807808, 
        "accumulated_operating_revenue": 1642983, 
        "long_term_average": 211932, 
        "date": "2015-08-31", 
        "operating_revenue": 230470, 
        "short_term_average": 222574
    }, 
    {
        "accumulated_operating_revenue_yoy": -7.376619904613792, 
        "accumulated_operating_revenue": 1857008, 
        "long_term_average": 209136, 
        "date": "2015-09-30", 
        "operating_revenue": 214025, 
        "short_term_average": 216801
    }, 
    {
        "accumulated_operating_revenue_yoy": -7.917811482427452, 
        "accumulated_operating_revenue": 2056431, 
        "long_term_average": 206725, 
        "date": "2015-10-31", 
        "operating_revenue": 199423, 
        "short_term_average": 214639
    }
]