[
    {
        "date": "2012-01-31", 
        "operating_revenue": 553596, 
        "accumulated_operating_revenue": 553596, 
        "long_term_average": 553596, 
        "short_term_average": 553596
    }, 
    {
        "date": "2012-02-29", 
        "operating_revenue": 773673, 
        "accumulated_operating_revenue": 1327269, 
        "long_term_average": 663634, 
        "short_term_average": 663634
    }, 
    {
        "date": "2012-03-31", 
        "operating_revenue": 832489, 
        "accumulated_operating_revenue": 2159758, 
        "long_term_average": 719919, 
        "short_term_average": 719919
    }, 
    {
        "date": "2012-04-30", 
        "operating_revenue": 566297, 
        "accumulated_operating_revenue": 2726055, 
        "long_term_average": 681513, 
        "short_term_average": 724153
    }, 
    {
        "date": "2012-05-31", 
        "operating_revenue": 729653, 
        "accumulated_operating_revenue": 3455708, 
        "long_term_average": 691141, 
        "short_term_average": 709479
    }, 
    {
        "date": "2012-06-30", 
        "operating_revenue": 949620, 
        "accumulated_operating_revenue": 4405328, 
        "long_term_average": 734221, 
        "short_term_average": 748523
    }, 
    {
        "date": "2012-07-31", 
        "operating_revenue": 676885, 
        "accumulated_operating_revenue": 5082213, 
        "long_term_average": 726030, 
        "short_term_average": 785386
    }, 
    {
        "date": "2012-08-31", 
        "operating_revenue": 827321, 
        "accumulated_operating_revenue": 5909534, 
        "long_term_average": 738691, 
        "short_term_average": 817942
    }, 
    {
        "date": "2012-09-30", 
        "operating_revenue": 1094584, 
        "accumulated_operating_revenue": 7004118, 
        "long_term_average": 778235, 
        "short_term_average": 866263
    }, 
    {
        "date": "2012-10-31", 
        "operating_revenue": 648182, 
        "accumulated_operating_revenue": 7652300, 
        "long_term_average": 765230, 
        "short_term_average": 856695
    }, 
    {
        "date": "2012-11-30", 
        "operating_revenue": 961379, 
        "accumulated_operating_revenue": 8613679, 
        "long_term_average": 783061, 
        "short_term_average": 901381
    }, 
    {
        "date": "2012-12-31", 
        "operating_revenue": 1271901, 
        "accumulated_operating_revenue": 9885580, 
        "long_term_average": 823798, 
        "short_term_average": 960487
    }, 
    {
        "accumulated_operating_revenue_yoy": 81.78039581210847, 
        "accumulated_operating_revenue": 1006329, 
        "long_term_average": 861526, 
        "date": "2013-01-31", 
        "operating_revenue": 1006329, 
        "short_term_average": 1079869
    }, 
    {
        "accumulated_operating_revenue_yoy": 43.40551915248529, 
        "accumulated_operating_revenue": 1903377, 
        "long_term_average": 871807, 
        "date": "2013-02-28", 
        "operating_revenue": 897048, 
        "short_term_average": 1058426
    }, 
    {
        "accumulated_operating_revenue_yoy": 26.214927783575753, 
        "accumulated_operating_revenue": 2725937, 
        "long_term_average": 870979, 
        "date": "2013-03-31", 
        "operating_revenue": 822560, 
        "short_term_average": 908645
    }, 
    {
        "accumulated_operating_revenue_yoy": 26.255853238470976, 
        "accumulated_operating_revenue": 3441804, 
        "long_term_average": 883444, 
        "date": "2013-04-30", 
        "operating_revenue": 715867, 
        "short_term_average": 811825
    }, 
    {
        "accumulated_operating_revenue_yoy": 25.715077778562307, 
        "accumulated_operating_revenue": 4344346, 
        "long_term_average": 897851, 
        "date": "2013-05-31", 
        "operating_revenue": 902542, 
        "short_term_average": 813656
    }, 
    {
        "accumulated_operating_revenue_yoy": 16.56076460140993, 
        "accumulated_operating_revenue": 5134884, 
        "long_term_average": 884594, 
        "date": "2013-06-30", 
        "operating_revenue": 790538, 
        "short_term_average": 802982
    }, 
    {
        "accumulated_operating_revenue_yoy": 16.319052349832642, 
        "accumulated_operating_revenue": 5911582, 
        "long_term_average": 892912, 
        "date": "2013-07-31", 
        "operating_revenue": 776698, 
        "short_term_average": 823259
    }, 
    {
        "accumulated_operating_revenue_yoy": 15.213619212614734, 
        "accumulated_operating_revenue": 6808588, 
        "long_term_average": 898719, 
        "date": "2013-08-31", 
        "operating_revenue": 897006, 
        "short_term_average": 821414
    }, 
    {
        "accumulated_operating_revenue_yoy": 10.58734304590528, 
        "accumulated_operating_revenue": 7745668, 
        "long_term_average": 885594, 
        "date": "2013-09-30", 
        "operating_revenue": 937080, 
        "short_term_average": 870261
    }, 
    {
        "accumulated_operating_revenue_yoy": 9.965056257595755, 
        "accumulated_operating_revenue": 8414856, 
        "long_term_average": 887344, 
        "date": "2013-10-31", 
        "operating_revenue": 669188, 
        "short_term_average": 834424
    }, 
    {
        "accumulated_operating_revenue_yoy": 8.76271335395712, 
        "accumulated_operating_revenue": 9368471, 
        "long_term_average": 886697, 
        "date": "2013-11-30", 
        "operating_revenue": 953615, 
        "short_term_average": 853294
    }, 
    {
        "accumulated_operating_revenue_yoy": 3.794709061076841, 
        "accumulated_operating_revenue": 10260709, 
        "long_term_average": 855059, 
        "date": "2013-12-31", 
        "operating_revenue": 892238, 
        "short_term_average": 838347
    }, 
    {
        "accumulated_operating_revenue_yoy": -11.464441549433635, 
        "accumulated_operating_revenue": 890959, 
        "long_term_average": 845444, 
        "date": "2014-01-31", 
        "operating_revenue": 890959, 
        "short_term_average": 912270
    }, 
    {
        "accumulated_operating_revenue_yoy": -8.771620125702896, 
        "accumulated_operating_revenue": 1736420, 
        "long_term_average": 841146, 
        "date": "2014-02-28", 
        "operating_revenue": 845461, 
        "short_term_average": 876219
    }, 
    {
        "accumulated_operating_revenue_yoy": -9.008315305892983, 
        "accumulated_operating_revenue": 2480376, 
        "long_term_average": 834595, 
        "date": "2014-03-31", 
        "operating_revenue": 743956, 
        "short_term_average": 826792
    }, 
    {
        "accumulated_operating_revenue_yoy": -3.892987514687065, 
        "accumulated_operating_revenue": 3307815, 
        "long_term_average": 843893, 
        "date": "2014-04-30", 
        "operating_revenue": 827439, 
        "short_term_average": 805618
    }, 
    {
        "accumulated_operating_revenue_yoy": -5.668494176108441, 
        "accumulated_operating_revenue": 4098087, 
        "long_term_average": 834537, 
        "date": "2014-05-31", 
        "operating_revenue": 790272, 
        "short_term_average": 787222
    }, 
    {
        "accumulated_operating_revenue_yoy": -0.6487780444504686, 
        "accumulated_operating_revenue": 5101570, 
        "long_term_average": 852282, 
        "date": "2014-06-30", 
        "operating_revenue": 1003483, 
        "short_term_average": 873731
    }, 
    {
        "accumulated_operating_revenue_yoy": -2.507653619623309, 
        "accumulated_operating_revenue": 5763340, 
        "long_term_average": 842705, 
        "date": "2014-07-31", 
        "operating_revenue": 661770, 
        "short_term_average": 818508
    }, 
    {
        "accumulated_operating_revenue_yoy": -3.7132368708460555, 
        "accumulated_operating_revenue": 6555769, 
        "long_term_average": 833990, 
        "date": "2014-08-31", 
        "operating_revenue": 792429, 
        "short_term_average": 819227
    }, 
    {
        "accumulated_operating_revenue_yoy": -5.74127370292659, 
        "accumulated_operating_revenue": 7300968, 
        "long_term_average": 818000, 
        "date": "2014-09-30", 
        "operating_revenue": 745199, 
        "short_term_average": 733132
    }, 
    {
        "accumulated_operating_revenue_yoy": -4.321499975757161, 
        "accumulated_operating_revenue": 8051208, 
        "long_term_average": 824755, 
        "date": "2014-10-31", 
        "operating_revenue": 750240, 
        "short_term_average": 762622
    }, 
    {
        "accumulated_operating_revenue_yoy": -2.7221624531900668, 
        "accumulated_operating_revenue": 9113446, 
        "long_term_average": 833807, 
        "date": "2014-11-30", 
        "operating_revenue": 1062238, 
        "short_term_average": 852559
    }, 
    {
        "accumulated_operating_revenue_yoy": 0.885007069199604, 
        "accumulated_operating_revenue": 10351517, 
        "long_term_average": 862626, 
        "date": "2014-12-31", 
        "operating_revenue": 1238071, 
        "short_term_average": 1016849
    }, 
    {
        "accumulated_operating_revenue_yoy": -21.48247001264929, 
        "accumulated_operating_revenue": 699559, 
        "long_term_average": 846676, 
        "date": "2015-01-31", 
        "operating_revenue": 699559, 
        "short_term_average": 999956
    }, 
    {
        "accumulated_operating_revenue_yoy": 3.0000806256550834, 
        "accumulated_operating_revenue": 1788514, 
        "long_term_average": 866967, 
        "date": "2015-02-28", 
        "operating_revenue": 1088955, 
        "short_term_average": 1008861
    }, 
    {
        "accumulated_operating_revenue_yoy": 3.323205836534461, 
        "accumulated_operating_revenue": 2562804, 
        "long_term_average": 869495, 
        "date": "2015-03-31", 
        "operating_revenue": 774290, 
        "short_term_average": 854268
    }, 
    {
        "accumulated_operating_revenue_yoy": -2.259165037948011, 
        "accumulated_operating_revenue": 3233086, 
        "long_term_average": 856399, 
        "date": "2015-04-30", 
        "operating_revenue": 670282, 
        "short_term_average": 844509
    }, 
    {
        "accumulated_operating_revenue_yoy": 3.024118326428892, 
        "accumulated_operating_revenue": 4222018, 
        "long_term_average": 872954, 
        "date": "2015-05-31", 
        "operating_revenue": 988932, 
        "short_term_average": 811168
    }, 
    {
        "accumulated_operating_revenue_yoy": -1.3486828564539934, 
        "accumulated_operating_revenue": 5032766, 
        "long_term_average": 856892, 
        "date": "2015-06-30", 
        "operating_revenue": 810748, 
        "short_term_average": 823320
    }, 
    {
        "accumulated_operating_revenue_yoy": -2.0193845929617202, 
        "accumulated_operating_revenue": 5646956, 
        "long_term_average": 852927, 
        "date": "2015-07-31", 
        "operating_revenue": 614190, 
        "short_term_average": 804623
    }, 
    {
        "accumulated_operating_revenue_yoy": -2.5007592549401907, 
        "accumulated_operating_revenue": 6391825, 
        "long_term_average": 848964, 
        "date": "2015-08-31", 
        "operating_revenue": 744869, 
        "short_term_average": 723269
    }, 
    {
        "accumulated_operating_revenue_yoy": -2.463248708938322, 
        "accumulated_operating_revenue": 7121127, 
        "long_term_average": 847639, 
        "date": "2015-09-30", 
        "operating_revenue": 729302, 
        "short_term_average": 696120
    }
]