[
    {
        "date": "2012-01-31", 
        "operating_revenue": 290705, 
        "accumulated_operating_revenue": 290705, 
        "long_term_average": 290705, 
        "short_term_average": 290705
    }, 
    {
        "date": "2012-02-29", 
        "operating_revenue": 308000, 
        "accumulated_operating_revenue": 598705, 
        "long_term_average": 299352, 
        "short_term_average": 299352
    }, 
    {
        "date": "2012-03-31", 
        "operating_revenue": 317112, 
        "accumulated_operating_revenue": 915817, 
        "long_term_average": 305272, 
        "short_term_average": 305272
    }, 
    {
        "date": "2012-04-30", 
        "operating_revenue": 306772, 
        "accumulated_operating_revenue": 1222589, 
        "long_term_average": 305647, 
        "short_term_average": 310628
    }, 
    {
        "date": "2012-05-31", 
        "operating_revenue": 310487, 
        "accumulated_operating_revenue": 1533076, 
        "long_term_average": 306615, 
        "short_term_average": 311457
    }, 
    {
        "date": "2012-06-30", 
        "operating_revenue": 304915, 
        "accumulated_operating_revenue": 1837991, 
        "long_term_average": 306331, 
        "short_term_average": 307391
    }, 
    {
        "date": "2012-07-31", 
        "operating_revenue": 303331, 
        "accumulated_operating_revenue": 2141322, 
        "long_term_average": 305903, 
        "short_term_average": 306244
    }, 
    {
        "date": "2012-08-31", 
        "operating_revenue": 311748, 
        "accumulated_operating_revenue": 2453070, 
        "long_term_average": 306633, 
        "short_term_average": 306664
    }, 
    {
        "date": "2012-09-30", 
        "operating_revenue": 305839, 
        "accumulated_operating_revenue": 2758909, 
        "long_term_average": 306545, 
        "short_term_average": 306972
    }, 
    {
        "date": "2012-10-31", 
        "operating_revenue": 289930, 
        "accumulated_operating_revenue": 3048839, 
        "long_term_average": 304883, 
        "short_term_average": 302505
    }, 
    {
        "date": "2012-11-30", 
        "operating_revenue": 283080, 
        "accumulated_operating_revenue": 3331919, 
        "long_term_average": 302901, 
        "short_term_average": 292949
    }, 
    {
        "date": "2012-12-31", 
        "operating_revenue": 290801, 
        "accumulated_operating_revenue": 3622720, 
        "long_term_average": 301893, 
        "short_term_average": 287937
    }, 
    {
        "accumulated_operating_revenue_yoy": 9.66718838685265, 
        "accumulated_operating_revenue": 318808, 
        "long_term_average": 304235, 
        "date": "2013-01-31", 
        "operating_revenue": 318808, 
        "short_term_average": 297563
    }, 
    {
        "accumulated_operating_revenue_yoy": -3.389315272129012, 
        "accumulated_operating_revenue": 578413, 
        "long_term_average": 300202, 
        "date": "2013-02-28", 
        "operating_revenue": 259605, 
        "short_term_average": 289738
    }, 
    {
        "accumulated_operating_revenue_yoy": -4.285681528078208, 
        "accumulated_operating_revenue": 876568, 
        "long_term_average": 298622, 
        "date": "2013-03-31", 
        "operating_revenue": 298155, 
        "short_term_average": 292189
    }, 
    {
        "accumulated_operating_revenue_yoy": -2.428044093313452, 
        "accumulated_operating_revenue": 1192904, 
        "long_term_average": 299419, 
        "date": "2013-04-30", 
        "operating_revenue": 316336, 
        "short_term_average": 291365
    }, 
    {
        "accumulated_operating_revenue_yoy": -5.909948365247384, 
        "accumulated_operating_revenue": 1442472, 
        "long_term_average": 294343, 
        "date": "2013-05-31", 
        "operating_revenue": 249568, 
        "short_term_average": 288019
    }, 
    {
        "accumulated_operating_revenue_yoy": -5.990290485644381, 
        "accumulated_operating_revenue": 1727890, 
        "long_term_average": 292718, 
        "date": "2013-06-30", 
        "operating_revenue": 285418, 
        "short_term_average": 283774
    }, 
    {
        "accumulated_operating_revenue_yoy": -4.403447963454353, 
        "accumulated_operating_revenue": 2047030, 
        "long_term_average": 294035, 
        "date": "2013-07-31", 
        "operating_revenue": 319140, 
        "short_term_average": 284708
    }, 
    {
        "accumulated_operating_revenue_yoy": -2.5739583460724726, 
        "accumulated_operating_revenue": 2389929, 
        "long_term_average": 296631, 
        "date": "2013-08-31", 
        "operating_revenue": 342899, 
        "short_term_average": 315819
    }, 
    {
        "accumulated_operating_revenue_yoy": -2.4169698964336988, 
        "accumulated_operating_revenue": 2692227, 
        "long_term_average": 296336, 
        "date": "2013-09-30", 
        "operating_revenue": 302298, 
        "short_term_average": 321445
    }, 
    {
        "accumulated_operating_revenue_yoy": 0.1173889470713278, 
        "accumulated_operating_revenue": 3052418, 
        "long_term_average": 302191, 
        "date": "2013-10-31", 
        "operating_revenue": 360191, 
        "short_term_average": 335129
    }, 
    {
        "accumulated_operating_revenue_yoy": 1.0949846019666145, 
        "accumulated_operating_revenue": 3368403, 
        "long_term_average": 304933, 
        "date": "2013-11-30", 
        "operating_revenue": 315985, 
        "short_term_average": 326158
    }, 
    {
        "accumulated_operating_revenue_yoy": 3.006939537143362, 
        "accumulated_operating_revenue": 3731653, 
        "long_term_average": 310971, 
        "date": "2013-12-31", 
        "operating_revenue": 363250, 
        "short_term_average": 346475
    }, 
    {
        "accumulated_operating_revenue_yoy": 3.638867280620311, 
        "accumulated_operating_revenue": 330409, 
        "long_term_average": 311937, 
        "date": "2014-01-31", 
        "operating_revenue": 330409, 
        "short_term_average": 336548
    }, 
    {
        "accumulated_operating_revenue_yoy": 9.497711842576152, 
        "accumulated_operating_revenue": 633349, 
        "long_term_average": 315549, 
        "date": "2014-02-28", 
        "operating_revenue": 302940, 
        "short_term_average": 332199
    }, 
    {
        "accumulated_operating_revenue_yoy": 11.529966870796105, 
        "accumulated_operating_revenue": 977636, 
        "long_term_average": 319393, 
        "date": "2014-03-31", 
        "operating_revenue": 344287, 
        "short_term_average": 325878
    }, 
    {
        "accumulated_operating_revenue_yoy": 11.394797904944571, 
        "accumulated_operating_revenue": 1328833, 
        "long_term_average": 322298, 
        "date": "2014-04-30", 
        "operating_revenue": 351197, 
        "short_term_average": 332808
    }, 
    {
        "accumulated_operating_revenue_yoy": 17.409627361917597, 
        "accumulated_operating_revenue": 1693601, 
        "long_term_average": 331898, 
        "date": "2014-05-31", 
        "operating_revenue": 364768, 
        "short_term_average": 353417
    }, 
    {
        "accumulated_operating_revenue_yoy": 16.286337671958286, 
        "accumulated_operating_revenue": 2009300, 
        "long_term_average": 334421, 
        "date": "2014-06-30", 
        "operating_revenue": 315699, 
        "short_term_average": 343888
    }, 
    {
        "accumulated_operating_revenue_yoy": 15.056447633889098, 
        "accumulated_operating_revenue": 2355240, 
        "long_term_average": 336655, 
        "date": "2014-07-31", 
        "operating_revenue": 345940, 
        "short_term_average": 342135
    }, 
    {
        "accumulated_operating_revenue_yoy": 14.17987731016277, 
        "accumulated_operating_revenue": 2728818, 
        "long_term_average": 339211, 
        "date": "2014-08-31", 
        "operating_revenue": 373578, 
        "short_term_average": 345072
    }, 
    {
        "accumulated_operating_revenue_yoy": 15.195041131375623, 
        "accumulated_operating_revenue": 3101312, 
        "long_term_average": 345061, 
        "date": "2014-09-30", 
        "operating_revenue": 372494, 
        "short_term_average": 364004
    }, 
    {
        "accumulated_operating_revenue_yoy": 14.122279451896825, 
        "accumulated_operating_revenue": 3483489, 
        "long_term_average": 346893, 
        "date": "2014-10-31", 
        "operating_revenue": 382177, 
        "short_term_average": 376083
    }, 
    {
        "accumulated_operating_revenue_yoy": 14.677281786057073, 
        "accumulated_operating_revenue": 3862793, 
        "long_term_average": 352170, 
        "date": "2014-11-30", 
        "operating_revenue": 379304, 
        "short_term_average": 377991
    }, 
    {
        "accumulated_operating_revenue_yoy": 13.574038100541502, 
        "accumulated_operating_revenue": 4238189, 
        "long_term_average": 353182, 
        "date": "2014-12-31", 
        "operating_revenue": 375396, 
        "short_term_average": 378959
    }, 
    {
        "accumulated_operating_revenue_yoy": 30.725252641423207, 
        "accumulated_operating_revenue": 431928, 
        "long_term_average": 361642, 
        "date": "2015-01-31", 
        "operating_revenue": 431928, 
        "short_term_average": 395542
    }, 
    {
        "accumulated_operating_revenue_yoy": 18.84332334936978, 
        "accumulated_operating_revenue": 752693, 
        "long_term_average": 363127, 
        "date": "2015-02-28", 
        "operating_revenue": 320765, 
        "short_term_average": 376029
    }, 
    {
        "accumulated_operating_revenue_yoy": 23.24310888715227, 
        "accumulated_operating_revenue": 1204869, 
        "long_term_average": 372118, 
        "date": "2015-03-31", 
        "operating_revenue": 452176, 
        "short_term_average": 401623
    }, 
    {
        "accumulated_operating_revenue_yoy": 24.598576344807814, 
        "accumulated_operating_revenue": 1655707, 
        "long_term_average": 380421, 
        "date": "2015-04-30", 
        "operating_revenue": 450838, 
        "short_term_average": 407926
    }, 
    {
        "accumulated_operating_revenue_yoy": 25.089439602362066, 
        "accumulated_operating_revenue": 2118516, 
        "long_term_average": 388592, 
        "date": "2015-05-31", 
        "operating_revenue": 462809, 
        "short_term_average": 455274
    }, 
    {
        "accumulated_operating_revenue_yoy": 25.985616881501024, 
        "accumulated_operating_revenue": 2531429, 
        "long_term_average": 396693, 
        "date": "2015-06-30", 
        "operating_revenue": 412913, 
        "short_term_average": 442186
    }, 
    {
        "accumulated_operating_revenue_yoy": 27.358570676449105, 
        "accumulated_operating_revenue": 2999600, 
        "long_term_average": 406879, 
        "date": "2015-07-31", 
        "operating_revenue": 468171, 
        "short_term_average": 447964
    }, 
    {
        "accumulated_operating_revenue_yoy": 26.54577916152708, 
        "accumulated_operating_revenue": 3453204, 
        "long_term_average": 413547, 
        "date": "2015-08-31", 
        "operating_revenue": 453604, 
        "short_term_average": 444896
    }, 
    {
        "accumulated_operating_revenue_yoy": 24.45307018448966, 
        "accumulated_operating_revenue": 3859678, 
        "long_term_average": 416379, 
        "date": "2015-09-30", 
        "operating_revenue": 406474, 
        "short_term_average": 442749
    }, 
    {
        "accumulated_operating_revenue_yoy": 24.27101104668337, 
        "accumulated_operating_revenue": 4328967, 
        "long_term_average": 423638, 
        "date": "2015-10-31", 
        "operating_revenue": 469289, 
        "short_term_average": 443122
    }
]