[
    {
        "date": "2011-09-30", 
        "operating_revenue": 466944, 
        "accumulated_operating_revenue": 466944, 
        "long_term_average": 466944, 
        "short_term_average": 466944
    }, 
    {
        "date": "2011-10-31", 
        "operating_revenue": 416279, 
        "accumulated_operating_revenue": 883223, 
        "long_term_average": 441611, 
        "short_term_average": 441611
    }, 
    {
        "date": "2011-11-30", 
        "operating_revenue": 431931, 
        "accumulated_operating_revenue": 1315154, 
        "long_term_average": 438384, 
        "short_term_average": 438384
    }, 
    {
        "date": "2011-12-31", 
        "operating_revenue": 468934, 
        "accumulated_operating_revenue": 1784088, 
        "long_term_average": 446022, 
        "short_term_average": 439048
    }, 
    {
        "date": "2012-01-31", 
        "operating_revenue": 370686, 
        "accumulated_operating_revenue": 370686, 
        "long_term_average": 430954, 
        "short_term_average": 423850
    }, 
    {
        "date": "2012-02-29", 
        "operating_revenue": 404210, 
        "accumulated_operating_revenue": 774896, 
        "long_term_average": 426497, 
        "short_term_average": 414610
    }, 
    {
        "date": "2012-03-31", 
        "operating_revenue": 461090, 
        "accumulated_operating_revenue": 1235986, 
        "long_term_average": 431439, 
        "short_term_average": 411995
    }, 
    {
        "date": "2012-04-30", 
        "operating_revenue": 475085, 
        "accumulated_operating_revenue": 1711071, 
        "long_term_average": 436894, 
        "short_term_average": 446795
    }, 
    {
        "date": "2012-05-31", 
        "operating_revenue": 512894, 
        "accumulated_operating_revenue": 2223965, 
        "long_term_average": 445339, 
        "short_term_average": 483023
    }, 
    {
        "date": "2012-06-30", 
        "operating_revenue": 521292, 
        "accumulated_operating_revenue": 2745257, 
        "long_term_average": 452934, 
        "short_term_average": 503090
    }, 
    {
        "date": "2012-07-31", 
        "operating_revenue": 533705, 
        "accumulated_operating_revenue": 3278962, 
        "long_term_average": 460277, 
        "short_term_average": 522630
    }, 
    {
        "date": "2012-08-31", 
        "operating_revenue": 546918, 
        "accumulated_operating_revenue": 3825880, 
        "long_term_average": 467497, 
        "short_term_average": 533971
    }, 
    {
        "accumulated_operating_revenue_yoy": 837.3368112664474, 
        "accumulated_operating_revenue": 4376838, 
        "long_term_average": 474498, 
        "date": "2012-09-30", 
        "operating_revenue": 550958, 
        "short_term_average": 543860
    }, 
    {
        "accumulated_operating_revenue_yoy": 453.50924964589916, 
        "accumulated_operating_revenue": 4888721, 
        "long_term_average": 482465, 
        "date": "2012-10-31", 
        "operating_revenue": 511883, 
        "short_term_average": 536586
    }, 
    {
        "accumulated_operating_revenue_yoy": 309.48352816476245, 
        "accumulated_operating_revenue": 5385339, 
        "long_term_average": 487856, 
        "date": "2012-11-30", 
        "operating_revenue": 496618, 
        "short_term_average": 519819
    }, 
    {
        "accumulated_operating_revenue_yoy": 231.1965553268673, 
        "accumulated_operating_revenue": 5908838, 
        "long_term_average": 492403, 
        "date": "2012-12-31", 
        "operating_revenue": 523499, 
        "short_term_average": 510666
    }, 
    {
        "accumulated_operating_revenue_yoy": 32.18708017027889, 
        "accumulated_operating_revenue": 489999, 
        "long_term_average": 502345, 
        "date": "2013-01-31", 
        "operating_revenue": 489999, 
        "short_term_average": 503372
    }, 
    {
        "accumulated_operating_revenue_yoy": 16.49227767339101, 
        "accumulated_operating_revenue": 902694, 
        "long_term_average": 503053, 
        "date": "2013-02-28", 
        "operating_revenue": 412695, 
        "short_term_average": 475397
    }, 
    {
        "accumulated_operating_revenue_yoy": 9.194197992533896, 
        "accumulated_operating_revenue": 1349625, 
        "long_term_average": 501873, 
        "date": "2013-03-31", 
        "operating_revenue": 446931, 
        "short_term_average": 449875
    }, 
    {
        "accumulated_operating_revenue_yoy": 4.489410433582242, 
        "accumulated_operating_revenue": 1787888, 
        "long_term_average": 498804, 
        "date": "2013-04-30", 
        "operating_revenue": 438263, 
        "short_term_average": 432629
    }, 
    {
        "accumulated_operating_revenue_yoy": 1.5792065072966526, 
        "accumulated_operating_revenue": 2259086, 
        "long_term_average": 495329, 
        "date": "2013-05-31", 
        "operating_revenue": 471198, 
        "short_term_average": 452130
    }, 
    {
        "accumulated_operating_revenue_yoy": -2.8533576273551073, 
        "accumulated_operating_revenue": 2666925, 
        "long_term_average": 485875, 
        "date": "2013-06-30", 
        "operating_revenue": 407839, 
        "short_term_average": 439100
    }, 
    {
        "accumulated_operating_revenue_yoy": -2.6795674972750523, 
        "accumulated_operating_revenue": 3191100, 
        "long_term_average": 485081, 
        "date": "2013-07-31", 
        "operating_revenue": 524175, 
        "short_term_average": 467737
    }, 
    {
        "accumulated_operating_revenue_yoy": -3.1519023074429935, 
        "accumulated_operating_revenue": 3705292, 
        "long_term_average": 482354, 
        "date": "2013-08-31", 
        "operating_revenue": 514192, 
        "short_term_average": 482068
    }, 
    {
        "accumulated_operating_revenue_yoy": -4.011503281592785, 
        "accumulated_operating_revenue": 4201261, 
        "long_term_average": 477771, 
        "date": "2013-09-30", 
        "operating_revenue": 495969, 
        "short_term_average": 511445
    }, 
    {
        "accumulated_operating_revenue_yoy": -3.256741384914377, 
        "accumulated_operating_revenue": 4729508, 
        "long_term_average": 479135, 
        "date": "2013-10-31", 
        "operating_revenue": 528247, 
        "short_term_average": 512802
    }, 
    {
        "accumulated_operating_revenue_yoy": -2.5911832105648314, 
        "accumulated_operating_revenue": 5245795, 
        "long_term_average": 480774, 
        "date": "2013-11-30", 
        "operating_revenue": 516287, 
        "short_term_average": 513501
    }, 
    {
        "accumulated_operating_revenue_yoy": -3.622691974293423, 
        "accumulated_operating_revenue": 5694779, 
        "long_term_average": 474564, 
        "date": "2013-12-31", 
        "operating_revenue": 448984, 
        "short_term_average": 497839
    }, 
    {
        "accumulated_operating_revenue_yoy": 21.50759491345901, 
        "accumulated_operating_revenue": 595386, 
        "long_term_average": 483347, 
        "date": "2014-01-31", 
        "operating_revenue": 595386, 
        "short_term_average": 520219
    }, 
    {
        "accumulated_operating_revenue_yoy": 19.550589679337627, 
        "accumulated_operating_revenue": 1079176, 
        "long_term_average": 489271, 
        "date": "2014-02-28", 
        "operating_revenue": 483790, 
        "short_term_average": 509386
    }, 
    {
        "accumulated_operating_revenue_yoy": 15.904417893859405, 
        "accumulated_operating_revenue": 1564275, 
        "long_term_average": 492452, 
        "date": "2014-03-31", 
        "operating_revenue": 485099, 
        "short_term_average": 521425
    }, 
    {
        "accumulated_operating_revenue_yoy": 19.519735016958556, 
        "accumulated_operating_revenue": 2136879, 
        "long_term_average": 503647, 
        "date": "2014-04-30", 
        "operating_revenue": 572604, 
        "short_term_average": 513831
    }, 
    {
        "accumulated_operating_revenue_yoy": 19.087586749685492, 
        "accumulated_operating_revenue": 2690291, 
        "long_term_average": 510498, 
        "date": "2014-05-31", 
        "operating_revenue": 553412, 
        "short_term_average": 537038
    }, 
    {
        "accumulated_operating_revenue_yoy": 21.655652108701968, 
        "accumulated_operating_revenue": 3244465, 
        "long_term_average": 522693, 
        "date": "2014-06-30", 
        "operating_revenue": 554174, 
        "short_term_average": 560063
    }, 
    {
        "accumulated_operating_revenue_yoy": 19.7009808529974, 
        "accumulated_operating_revenue": 3819778, 
        "long_term_average": 526954, 
        "date": "2014-07-31", 
        "operating_revenue": 575313, 
        "short_term_average": 560966
    }, 
    {
        "accumulated_operating_revenue_yoy": 18.954295639857804, 
        "accumulated_operating_revenue": 4407604, 
        "long_term_average": 533090, 
        "date": "2014-08-31", 
        "operating_revenue": 587826, 
        "short_term_average": 572437
    }, 
    {
        "accumulated_operating_revenue_yoy": 18.953975961026938, 
        "accumulated_operating_revenue": 4997567, 
        "long_term_average": 540923, 
        "date": "2014-09-30", 
        "operating_revenue": 589963, 
        "short_term_average": 584367
    }, 
    {
        "accumulated_operating_revenue_yoy": 18.58394150089185, 
        "accumulated_operating_revenue": 5608437, 
        "long_term_average": 547809, 
        "date": "2014-10-31", 
        "operating_revenue": 610870, 
        "short_term_average": 596219
    }, 
    {
        "accumulated_operating_revenue_yoy": 18.3590666429016, 
        "accumulated_operating_revenue": 6208874, 
        "long_term_average": 554821, 
        "date": "2014-11-30", 
        "operating_revenue": 600437, 
        "short_term_average": 600423
    }, 
    {
        "accumulated_operating_revenue_yoy": 18.841942768981905, 
        "accumulated_operating_revenue": 6767786, 
        "long_term_average": 563982, 
        "date": "2014-12-31", 
        "operating_revenue": 558912, 
        "short_term_average": 590073
    }, 
    {
        "accumulated_operating_revenue_yoy": 9.119797912614674, 
        "accumulated_operating_revenue": 649684, 
        "long_term_average": 568507, 
        "date": "2015-01-31", 
        "operating_revenue": 649684, 
        "short_term_average": 603011
    }, 
    {
        "accumulated_operating_revenue_yoy": 5.18895898352076, 
        "accumulated_operating_revenue": 1135174, 
        "long_term_average": 568648, 
        "date": "2015-02-28", 
        "operating_revenue": 485490, 
        "short_term_average": 564695
    }, 
    {
        "accumulated_operating_revenue_yoy": 9.809016956737146, 
        "accumulated_operating_revenue": 1717715, 
        "long_term_average": 576768, 
        "date": "2015-03-31", 
        "operating_revenue": 582541, 
        "short_term_average": 572571
    }, 
    {
        "accumulated_operating_revenue_yoy": 8.180949880643688, 
        "accumulated_operating_revenue": 2311696, 
        "long_term_average": 578550, 
        "date": "2015-04-30", 
        "operating_revenue": 593981, 
        "short_term_average": 554004
    }, 
    {
        "accumulated_operating_revenue_yoy": 6.694963481645666, 
        "accumulated_operating_revenue": 2870405, 
        "long_term_average": 578991, 
        "date": "2015-05-31", 
        "operating_revenue": 558709, 
        "short_term_average": 578410
    }, 
    {
        "accumulated_operating_revenue_yoy": 6.5006711430081685, 
        "accumulated_operating_revenue": 3455377, 
        "long_term_average": 581558, 
        "date": "2015-06-30", 
        "operating_revenue": 584972, 
        "short_term_average": 579220
    }, 
    {
        "accumulated_operating_revenue_yoy": 6.013019604804258, 
        "accumulated_operating_revenue": 4049462, 
        "long_term_average": 583122, 
        "date": "2015-07-31", 
        "operating_revenue": 594085, 
        "short_term_average": 579255
    }, 
    {
        "accumulated_operating_revenue_yoy": 5.594014344301349, 
        "accumulated_operating_revenue": 4654166, 
        "long_term_average": 584529, 
        "date": "2015-08-31", 
        "operating_revenue": 604704, 
        "short_term_average": 594587
    }
]