[
    {
        "date": "2011-09-30", 
        "operating_revenue": 85522, 
        "accumulated_operating_revenue": 85522, 
        "long_term_average": 85522, 
        "short_term_average": 85522
    }, 
    {
        "date": "2011-10-31", 
        "operating_revenue": 74528, 
        "accumulated_operating_revenue": 160050, 
        "long_term_average": 80025, 
        "short_term_average": 80025
    }, 
    {
        "date": "2011-11-30", 
        "operating_revenue": 72426, 
        "accumulated_operating_revenue": 232476, 
        "long_term_average": 77492, 
        "short_term_average": 77492
    }, 
    {
        "date": "2011-12-31", 
        "operating_revenue": 83108, 
        "accumulated_operating_revenue": 315584, 
        "long_term_average": 78896, 
        "short_term_average": 76687
    }, 
    {
        "date": "2012-01-31", 
        "operating_revenue": 61535, 
        "accumulated_operating_revenue": 61535, 
        "long_term_average": 75423, 
        "short_term_average": 72356
    }, 
    {
        "date": "2012-02-29", 
        "operating_revenue": 61658, 
        "accumulated_operating_revenue": 123193, 
        "long_term_average": 73129, 
        "short_term_average": 68767
    }, 
    {
        "date": "2012-03-31", 
        "operating_revenue": 71177, 
        "accumulated_operating_revenue": 194370, 
        "long_term_average": 72850, 
        "short_term_average": 64790
    }, 
    {
        "date": "2012-04-30", 
        "operating_revenue": 84851, 
        "accumulated_operating_revenue": 279221, 
        "long_term_average": 74350, 
        "short_term_average": 72562
    }, 
    {
        "date": "2012-05-31", 
        "operating_revenue": 77666, 
        "accumulated_operating_revenue": 356887, 
        "long_term_average": 74719, 
        "short_term_average": 77898
    }, 
    {
        "date": "2012-06-30", 
        "operating_revenue": 67176, 
        "accumulated_operating_revenue": 424063, 
        "long_term_average": 73964, 
        "short_term_average": 76564
    }, 
    {
        "date": "2012-07-31", 
        "operating_revenue": 68301, 
        "accumulated_operating_revenue": 492364, 
        "long_term_average": 73449, 
        "short_term_average": 71047
    }, 
    {
        "date": "2012-08-31", 
        "operating_revenue": 49724, 
        "accumulated_operating_revenue": 542088, 
        "long_term_average": 71472, 
        "short_term_average": 61733
    }, 
    {
        "accumulated_operating_revenue_yoy": 604.1474708262202, 
        "accumulated_operating_revenue": 602201, 
        "long_term_average": 69355, 
        "date": "2012-09-30", 
        "operating_revenue": 60113, 
        "short_term_average": 59379
    }, 
    {
        "accumulated_operating_revenue_yoy": 309.4707903780069, 
        "accumulated_operating_revenue": 655358, 
        "long_term_average": 67574, 
        "date": "2012-10-31", 
        "operating_revenue": 53157, 
        "short_term_average": 54331
    }, 
    {
        "accumulated_operating_revenue_yoy": 206.56841996593198, 
        "accumulated_operating_revenue": 712698, 
        "long_term_average": 66317, 
        "date": "2012-11-30", 
        "operating_revenue": 57340, 
        "short_term_average": 56870
    }, 
    {
        "accumulated_operating_revenue_yoy": 145.6629613668627, 
        "accumulated_operating_revenue": 775273, 
        "long_term_average": 64606, 
        "date": "2012-12-31", 
        "operating_revenue": 62575, 
        "short_term_average": 57690
    }, 
    {
        "accumulated_operating_revenue_yoy": -6.984642886162347, 
        "accumulated_operating_revenue": 57237, 
        "long_term_average": 64247, 
        "date": "2013-01-31", 
        "operating_revenue": 57237, 
        "short_term_average": 59050
    }, 
    {
        "accumulated_operating_revenue_yoy": -19.818496180789495, 
        "accumulated_operating_revenue": 98778, 
        "long_term_average": 62571, 
        "date": "2013-02-28", 
        "operating_revenue": 41541, 
        "short_term_average": 53784
    }, 
    {
        "accumulated_operating_revenue_yoy": -17.1790914235736, 
        "accumulated_operating_revenue": 160979, 
        "long_term_average": 61823, 
        "date": "2013-03-31", 
        "operating_revenue": 62201, 
        "short_term_average": 53659
    }, 
    {
        "accumulated_operating_revenue_yoy": -17.757976656483574, 
        "accumulated_operating_revenue": 229637, 
        "long_term_average": 60474, 
        "date": "2013-04-30", 
        "operating_revenue": 68658, 
        "short_term_average": 57466
    }, 
    {
        "accumulated_operating_revenue_yoy": -14.723147662985763, 
        "accumulated_operating_revenue": 304342, 
        "long_term_average": 60227, 
        "date": "2013-05-31", 
        "operating_revenue": 74705, 
        "short_term_average": 68521
    }, 
    {
        "accumulated_operating_revenue_yoy": -13.386925999202948, 
        "accumulated_operating_revenue": 367294, 
        "long_term_average": 59875, 
        "date": "2013-06-30", 
        "operating_revenue": 62952, 
        "short_term_average": 68771
    }, 
    {
        "accumulated_operating_revenue_yoy": -9.810831011203094, 
        "accumulated_operating_revenue": 444059, 
        "long_term_average": 60580, 
        "date": "2013-07-31", 
        "operating_revenue": 76765, 
        "short_term_average": 71474
    }, 
    {
        "accumulated_operating_revenue_yoy": -4.362206874160653, 
        "accumulated_operating_revenue": 518441, 
        "long_term_average": 62635, 
        "date": "2013-08-31", 
        "operating_revenue": 74382, 
        "short_term_average": 71366
    }, 
    {
        "accumulated_operating_revenue_yoy": -1.282462167947247, 
        "accumulated_operating_revenue": 594478, 
        "long_term_average": 63962, 
        "date": "2013-09-30", 
        "operating_revenue": 76037, 
        "short_term_average": 75728
    }, 
    {
        "accumulated_operating_revenue_yoy": -1.6803029794402446, 
        "accumulated_operating_revenue": 644346, 
        "long_term_average": 63688, 
        "date": "2013-10-31", 
        "operating_revenue": 49868, 
        "short_term_average": 66762
    }, 
    {
        "accumulated_operating_revenue_yoy": -2.5902977137581416, 
        "accumulated_operating_revenue": 694237, 
        "long_term_average": 63067, 
        "date": "2013-11-30", 
        "operating_revenue": 49891, 
        "short_term_average": 58598
    }, 
    {
        "accumulated_operating_revenue_yoy": 0.023604588319211427, 
        "accumulated_operating_revenue": 775456, 
        "long_term_average": 64621, 
        "date": "2013-12-31", 
        "operating_revenue": 81219, 
        "short_term_average": 60326
    }, 
    {
        "accumulated_operating_revenue_yoy": 40.472072260950085, 
        "accumulated_operating_revenue": 80402, 
        "long_term_average": 66551, 
        "date": "2014-01-31", 
        "operating_revenue": 80402, 
        "short_term_average": 70504
    }, 
    {
        "accumulated_operating_revenue_yoy": 21.01783798011703, 
        "accumulated_operating_revenue": 119539, 
        "long_term_average": 66351, 
        "date": "2014-02-28", 
        "operating_revenue": 39137, 
        "short_term_average": 66919
    }, 
    {
        "accumulated_operating_revenue_yoy": 27.095459656228453, 
        "accumulated_operating_revenue": 204597, 
        "long_term_average": 68256, 
        "date": "2014-03-31", 
        "operating_revenue": 85058, 
        "short_term_average": 68199
    }, 
    {
        "accumulated_operating_revenue_yoy": 21.6968519881378, 
        "accumulated_operating_revenue": 279461, 
        "long_term_average": 68773, 
        "date": "2014-04-30", 
        "operating_revenue": 74864, 
        "short_term_average": 66353
    }, 
    {
        "accumulated_operating_revenue_yoy": 19.646318943819782, 
        "accumulated_operating_revenue": 364134, 
        "long_term_average": 69604, 
        "date": "2014-05-31", 
        "operating_revenue": 84673, 
        "short_term_average": 81531
    }, 
    {
        "accumulated_operating_revenue_yoy": 16.467189771681543, 
        "accumulated_operating_revenue": 427777, 
        "long_term_average": 69661, 
        "date": "2014-06-30", 
        "operating_revenue": 63643, 
        "short_term_average": 74393
    }, 
    {
        "accumulated_operating_revenue_yoy": 15.096417367962363, 
        "accumulated_operating_revenue": 511096, 
        "long_term_average": 70207, 
        "date": "2014-07-31", 
        "operating_revenue": 83319, 
        "short_term_average": 77211
    }, 
    {
        "accumulated_operating_revenue_yoy": 12.750341890398328, 
        "accumulated_operating_revenue": 584544, 
        "long_term_average": 70129, 
        "date": "2014-08-31", 
        "operating_revenue": 73448, 
        "short_term_average": 73470
    }, 
    {
        "accumulated_operating_revenue_yoy": 10.551441769081446, 
        "accumulated_operating_revenue": 657204, 
        "long_term_average": 69848, 
        "date": "2014-09-30", 
        "operating_revenue": 72660, 
        "short_term_average": 76475
    }, 
    {
        "accumulated_operating_revenue_yoy": 13.245212975637314, 
        "accumulated_operating_revenue": 729691, 
        "long_term_average": 71733, 
        "date": "2014-10-31", 
        "operating_revenue": 72487, 
        "short_term_average": 72865
    }, 
    {
        "accumulated_operating_revenue_yoy": 14.24297466139085, 
        "accumulated_operating_revenue": 793117, 
        "long_term_average": 72861, 
        "date": "2014-11-30", 
        "operating_revenue": 63426, 
        "short_term_average": 69524
    }, 
    {
        "accumulated_operating_revenue_yoy": 11.02099925721124, 
        "accumulated_operating_revenue": 860919, 
        "long_term_average": 71743, 
        "date": "2014-12-31", 
        "operating_revenue": 67802, 
        "short_term_average": 67905
    }, 
    {
        "accumulated_operating_revenue_yoy": -17.599064699883087, 
        "accumulated_operating_revenue": 66252, 
        "long_term_average": 70564, 
        "date": "2015-01-31", 
        "operating_revenue": 66252, 
        "short_term_average": 65826
    }, 
    {
        "accumulated_operating_revenue_yoy": -7.467019131831452, 
        "accumulated_operating_revenue": 110613, 
        "long_term_average": 70999, 
        "date": "2015-02-28", 
        "operating_revenue": 44361, 
        "short_term_average": 59471
    }, 
    {
        "accumulated_operating_revenue_yoy": -9.086154733451615, 
        "accumulated_operating_revenue": 186007, 
        "long_term_average": 70194, 
        "date": "2015-03-31", 
        "operating_revenue": 75394, 
        "short_term_average": 62002
    }, 
    {
        "accumulated_operating_revenue_yoy": -10.844804820708436, 
        "accumulated_operating_revenue": 249154, 
        "long_term_average": 69217, 
        "date": "2015-04-30", 
        "operating_revenue": 63147, 
        "short_term_average": 60967
    }, 
    {
        "accumulated_operating_revenue_yoy": -10.32943916250611, 
        "accumulated_operating_revenue": 326521, 
        "long_term_average": 68608, 
        "date": "2015-05-31", 
        "operating_revenue": 77367, 
        "short_term_average": 71969
    }, 
    {
        "accumulated_operating_revenue_yoy": -1.0463395647732348, 
        "accumulated_operating_revenue": 423301, 
        "long_term_average": 71370, 
        "date": "2015-06-30", 
        "operating_revenue": 96780, 
        "short_term_average": 79098
    }, 
    {
        "accumulated_operating_revenue_yoy": -4.242060200040696, 
        "accumulated_operating_revenue": 489415, 
        "long_term_average": 69936, 
        "date": "2015-07-31", 
        "operating_revenue": 66114, 
        "short_term_average": 80087
    }, 
    {
        "accumulated_operating_revenue_yoy": -7.65656648601303, 
        "accumulated_operating_revenue": 539788, 
        "long_term_average": 68013, 
        "date": "2015-08-31", 
        "operating_revenue": 50373, 
        "short_term_average": 71089
    }, 
    {
        "accumulated_operating_revenue_yoy": -9.894340265731797, 
        "accumulated_operating_revenue": 592178, 
        "long_term_average": 66324, 
        "date": "2015-09-30", 
        "operating_revenue": 52390, 
        "short_term_average": 56292
    }, 
    {
        "accumulated_operating_revenue_yoy": -10.570638804644705, 
        "accumulated_operating_revenue": 652558, 
        "long_term_average": 65315, 
        "date": "2015-10-31", 
        "operating_revenue": 60380, 
        "short_term_average": 54381
    }
]