[
    {
        "date": "2012-01-31", 
        "operating_revenue": 121162, 
        "accumulated_operating_revenue": 121162, 
        "long_term_average": 121162, 
        "short_term_average": 121162
    }, 
    {
        "date": "2012-02-29", 
        "operating_revenue": 96070, 
        "accumulated_operating_revenue": 217232, 
        "long_term_average": 108616, 
        "short_term_average": 108616
    }, 
    {
        "date": "2012-03-31", 
        "operating_revenue": 147584, 
        "accumulated_operating_revenue": 364816, 
        "long_term_average": 121605, 
        "short_term_average": 121605
    }, 
    {
        "date": "2012-04-30", 
        "operating_revenue": 124924, 
        "accumulated_operating_revenue": 489740, 
        "long_term_average": 122435, 
        "short_term_average": 122859
    }, 
    {
        "date": "2012-05-31", 
        "operating_revenue": 137660, 
        "accumulated_operating_revenue": 627400, 
        "long_term_average": 125480, 
        "short_term_average": 136722
    }, 
    {
        "date": "2012-06-30", 
        "operating_revenue": 103449, 
        "accumulated_operating_revenue": 730849, 
        "long_term_average": 121808, 
        "short_term_average": 122011
    }, 
    {
        "date": "2012-07-31", 
        "operating_revenue": 140346, 
        "accumulated_operating_revenue": 871195, 
        "long_term_average": 124456, 
        "short_term_average": 127151
    }, 
    {
        "date": "2012-08-31", 
        "operating_revenue": 147180, 
        "accumulated_operating_revenue": 1018375, 
        "long_term_average": 127296, 
        "short_term_average": 130325
    }, 
    {
        "date": "2012-09-30", 
        "operating_revenue": 70112, 
        "accumulated_operating_revenue": 1088487, 
        "long_term_average": 120943, 
        "short_term_average": 119212
    }, 
    {
        "date": "2012-10-31", 
        "operating_revenue": 153235, 
        "accumulated_operating_revenue": 1241722, 
        "long_term_average": 124172, 
        "short_term_average": 123509
    }, 
    {
        "date": "2012-11-30", 
        "operating_revenue": 106620, 
        "accumulated_operating_revenue": 1348342, 
        "long_term_average": 122576, 
        "short_term_average": 109989
    }, 
    {
        "date": "2012-12-31", 
        "operating_revenue": 131299, 
        "accumulated_operating_revenue": 1479641, 
        "long_term_average": 123303, 
        "short_term_average": 130384
    }, 
    {
        "accumulated_operating_revenue_yoy": 42.203000940889055, 
        "accumulated_operating_revenue": 172296, 
        "long_term_average": 127564, 
        "date": "2013-01-31", 
        "operating_revenue": 172296, 
        "short_term_average": 136738
    }, 
    {
        "accumulated_operating_revenue_yoy": 30.362009280400677, 
        "accumulated_operating_revenue": 283188, 
        "long_term_average": 128799, 
        "date": "2013-02-28", 
        "operating_revenue": 110892, 
        "short_term_average": 138162
    }, 
    {
        "accumulated_operating_revenue_yoy": 20.68412569624139, 
        "accumulated_operating_revenue": 440275, 
        "long_term_average": 129591, 
        "date": "2013-03-31", 
        "operating_revenue": 157087, 
        "short_term_average": 146758
    }, 
    {
        "accumulated_operating_revenue_yoy": 19.611018091232083, 
        "accumulated_operating_revenue": 585783, 
        "long_term_average": 131307, 
        "date": "2013-04-30", 
        "operating_revenue": 145508, 
        "short_term_average": 137829
    }, 
    {
        "accumulated_operating_revenue_yoy": 21.23398151099777, 
        "accumulated_operating_revenue": 760622, 
        "long_term_average": 134405, 
        "date": "2013-05-31", 
        "operating_revenue": 174839, 
        "short_term_average": 159144
    }, 
    {
        "accumulated_operating_revenue_yoy": 23.91342124022883, 
        "accumulated_operating_revenue": 905620, 
        "long_term_average": 137867, 
        "date": "2013-06-30", 
        "operating_revenue": 144998, 
        "short_term_average": 155115
    }, 
    {
        "accumulated_operating_revenue_yoy": 21.900607785857357, 
        "accumulated_operating_revenue": 1061992, 
        "long_term_average": 139203, 
        "date": "2013-07-31", 
        "operating_revenue": 156372, 
        "short_term_average": 158736
    }, 
    {
        "accumulated_operating_revenue_yoy": 20.81070332637781, 
        "accumulated_operating_revenue": 1230306, 
        "long_term_average": 140964, 
        "date": "2013-08-31", 
        "operating_revenue": 168314, 
        "short_term_average": 156561
    }, 
    {
        "accumulated_operating_revenue_yoy": 32.932317978992856, 
        "accumulated_operating_revenue": 1446951, 
        "long_term_average": 153175, 
        "date": "2013-09-30", 
        "operating_revenue": 216645, 
        "short_term_average": 180443
    }, 
    {
        "accumulated_operating_revenue_yoy": 32.856227078202686, 
        "accumulated_operating_revenue": 1649705, 
        "long_term_average": 157302, 
        "date": "2013-10-31", 
        "operating_revenue": 202754, 
        "short_term_average": 195904
    }, 
    {
        "accumulated_operating_revenue_yoy": 34.16736999959951, 
        "accumulated_operating_revenue": 1809035, 
        "long_term_average": 161694, 
        "date": "2013-11-30", 
        "operating_revenue": 159330, 
        "short_term_average": 192909
    }, 
    {
        "accumulated_operating_revenue_yoy": 32.00039739369212, 
        "accumulated_operating_revenue": 1953132, 
        "long_term_average": 162761, 
        "date": "2013-12-31", 
        "operating_revenue": 144097, 
        "short_term_average": 168727
    }, 
    {
        "accumulated_operating_revenue_yoy": 17.656242745043414, 
        "accumulated_operating_revenue": 202717, 
        "long_term_average": 165296, 
        "date": "2014-01-31", 
        "operating_revenue": 202717, 
        "short_term_average": 168714
    }, 
    {
        "accumulated_operating_revenue_yoy": 22.300379959602807, 
        "accumulated_operating_revenue": 346340, 
        "long_term_average": 168023, 
        "date": "2014-02-28", 
        "operating_revenue": 143623, 
        "short_term_average": 163479
    }, 
    {
        "accumulated_operating_revenue_yoy": 19.235932087899606, 
        "accumulated_operating_revenue": 524966, 
        "long_term_average": 169818, 
        "date": "2014-03-31", 
        "operating_revenue": 178626, 
        "short_term_average": 174988
    }, 
    {
        "accumulated_operating_revenue_yoy": 37.137643120404654, 
        "accumulated_operating_revenue": 803329, 
        "long_term_average": 180889, 
        "date": "2014-04-30", 
        "operating_revenue": 278363, 
        "short_term_average": 200204
    }, 
    {
        "accumulated_operating_revenue_yoy": 36.50735845137269, 
        "accumulated_operating_revenue": 1038305, 
        "long_term_average": 185901, 
        "date": "2014-05-31", 
        "operating_revenue": 234976, 
        "short_term_average": 230655
    }, 
    {
        "accumulated_operating_revenue_yoy": 42.941079039773854, 
        "accumulated_operating_revenue": 1294503, 
        "long_term_average": 195167, 
        "date": "2014-06-30", 
        "operating_revenue": 256198, 
        "short_term_average": 256512
    }, 
    {
        "accumulated_operating_revenue_yoy": 48.2995163805377, 
        "accumulated_operating_revenue": 1574929, 
        "long_term_average": 205505, 
        "date": "2014-07-31", 
        "operating_revenue": 280426, 
        "short_term_average": 257200
    }, 
    {
        "accumulated_operating_revenue_yoy": 46.26922082798913, 
        "accumulated_operating_revenue": 1799559, 
        "long_term_average": 210198, 
        "date": "2014-08-31", 
        "operating_revenue": 224630, 
        "short_term_average": 253751
    }, 
    {
        "accumulated_operating_revenue_yoy": 35.68780145284809, 
        "accumulated_operating_revenue": 1963336, 
        "long_term_average": 205793, 
        "date": "2014-09-30", 
        "operating_revenue": 163777, 
        "short_term_average": 222944
    }, 
    {
        "accumulated_operating_revenue_yoy": 28.23977620241195, 
        "accumulated_operating_revenue": 2115578, 
        "long_term_average": 201583, 
        "date": "2014-10-31", 
        "operating_revenue": 152242, 
        "short_term_average": 180216
    }, 
    {
        "accumulated_operating_revenue_yoy": 27.506764656294653, 
        "accumulated_operating_revenue": 2306642, 
        "long_term_average": 204228, 
        "date": "2014-11-30", 
        "operating_revenue": 191064, 
        "short_term_average": 169027
    }, 
    {
        "accumulated_operating_revenue_yoy": 28.172903828312677, 
        "accumulated_operating_revenue": 2503386, 
        "long_term_average": 208615, 
        "date": "2014-12-31", 
        "operating_revenue": 196744, 
        "short_term_average": 180016
    }, 
    {
        "accumulated_operating_revenue_yoy": 35.77006368484143, 
        "accumulated_operating_revenue": 275229, 
        "long_term_average": 214658, 
        "date": "2015-01-31", 
        "operating_revenue": 275229, 
        "short_term_average": 221012
    }, 
    {
        "accumulated_operating_revenue_yoy": 39.32522954322342, 
        "accumulated_operating_revenue": 482539, 
        "long_term_average": 219965, 
        "date": "2015-02-28", 
        "operating_revenue": 207310, 
        "short_term_average": 226427
    }, 
    {
        "accumulated_operating_revenue_yoy": 30.098711154627157, 
        "accumulated_operating_revenue": 682974, 
        "long_term_average": 221782, 
        "date": "2015-03-31", 
        "operating_revenue": 200435, 
        "short_term_average": 227658
    }, 
    {
        "accumulated_operating_revenue_yoy": 7.816100252822941, 
        "accumulated_operating_revenue": 866118, 
        "long_term_average": 213847, 
        "date": "2015-04-30", 
        "operating_revenue": 183144, 
        "short_term_average": 196963
    }, 
    {
        "accumulated_operating_revenue_yoy": 9.833912000809011, 
        "accumulated_operating_revenue": 1140411, 
        "long_term_average": 217124, 
        "date": "2015-05-31", 
        "operating_revenue": 274293, 
        "short_term_average": 219290
    }, 
    {
        "accumulated_operating_revenue_yoy": 7.67568711698621, 
        "accumulated_operating_revenue": 1393865, 
        "long_term_average": 216895, 
        "date": "2015-06-30", 
        "operating_revenue": 253454, 
        "short_term_average": 236963
    }, 
    {
        "accumulated_operating_revenue_yoy": 5.513708871955498, 
        "accumulated_operating_revenue": 1661766, 
        "long_term_average": 215851, 
        "date": "2015-07-31", 
        "operating_revenue": 267901, 
        "short_term_average": 265216
    }, 
    {
        "accumulated_operating_revenue_yoy": 5.805366759300473, 
        "accumulated_operating_revenue": 1904030, 
        "long_term_average": 217321, 
        "date": "2015-08-31", 
        "operating_revenue": 242264, 
        "short_term_average": 254539
    }, 
    {
        "accumulated_operating_revenue_yoy": 9.140717635697609, 
        "accumulated_operating_revenue": 2142799, 
        "long_term_average": 223570, 
        "date": "2015-09-30", 
        "operating_revenue": 238769, 
        "short_term_average": 249644
    }
]