[
    {
        "date": "2012-01-31", 
        "operating_revenue": 144095, 
        "accumulated_operating_revenue": 144095, 
        "long_term_average": 144095, 
        "short_term_average": 144095
    }, 
    {
        "date": "2012-02-29", 
        "operating_revenue": 88333, 
        "accumulated_operating_revenue": 232428, 
        "long_term_average": 116214, 
        "short_term_average": 116214
    }, 
    {
        "date": "2012-03-31", 
        "operating_revenue": 120422, 
        "accumulated_operating_revenue": 352850, 
        "long_term_average": 117616, 
        "short_term_average": 117616
    }, 
    {
        "date": "2012-04-30", 
        "operating_revenue": 137256, 
        "accumulated_operating_revenue": 490106, 
        "long_term_average": 122526, 
        "short_term_average": 115337
    }, 
    {
        "date": "2012-05-31", 
        "operating_revenue": 135688, 
        "accumulated_operating_revenue": 625794, 
        "long_term_average": 125158, 
        "short_term_average": 131122
    }, 
    {
        "date": "2012-06-30", 
        "operating_revenue": 129203, 
        "accumulated_operating_revenue": 754997, 
        "long_term_average": 125832, 
        "short_term_average": 134049
    }, 
    {
        "date": "2012-07-31", 
        "operating_revenue": 105513, 
        "accumulated_operating_revenue": 860510, 
        "long_term_average": 122930, 
        "short_term_average": 123468
    }, 
    {
        "date": "2012-08-31", 
        "operating_revenue": 108883, 
        "accumulated_operating_revenue": 969393, 
        "long_term_average": 121174, 
        "short_term_average": 114533
    }, 
    {
        "date": "2012-09-30", 
        "operating_revenue": 95430, 
        "accumulated_operating_revenue": 1064823, 
        "long_term_average": 118313, 
        "short_term_average": 103275
    }, 
    {
        "date": "2012-10-31", 
        "operating_revenue": 58654, 
        "accumulated_operating_revenue": 1123477, 
        "long_term_average": 112347, 
        "short_term_average": 87655
    }, 
    {
        "date": "2012-11-30", 
        "operating_revenue": 64479, 
        "accumulated_operating_revenue": 1187956, 
        "long_term_average": 107996, 
        "short_term_average": 72854
    }, 
    {
        "date": "2012-12-31", 
        "operating_revenue": 43789, 
        "accumulated_operating_revenue": 1231745, 
        "long_term_average": 102645, 
        "short_term_average": 55640
    }, 
    {
        "accumulated_operating_revenue_yoy": -52.43207606093202, 
        "accumulated_operating_revenue": 68543, 
        "long_term_average": 96349, 
        "date": "2013-01-31", 
        "operating_revenue": 68543, 
        "short_term_average": 58937
    }, 
    {
        "accumulated_operating_revenue_yoy": -50.447450393240054, 
        "accumulated_operating_revenue": 115174, 
        "long_term_average": 92874, 
        "date": "2013-02-28", 
        "operating_revenue": 46631, 
        "short_term_average": 52987
    }, 
    {
        "accumulated_operating_revenue_yoy": -46.15984129233385, 
        "accumulated_operating_revenue": 189975, 
        "long_term_average": 89072, 
        "date": "2013-03-31", 
        "operating_revenue": 74801, 
        "short_term_average": 63325
    }, 
    {
        "accumulated_operating_revenue_yoy": -42.07865237316009, 
        "accumulated_operating_revenue": 283876, 
        "long_term_average": 85459, 
        "date": "2013-04-30", 
        "operating_revenue": 93901, 
        "short_term_average": 71777
    }, 
    {
        "accumulated_operating_revenue_yoy": -40.15219065698936, 
        "accumulated_operating_revenue": 374524, 
        "long_term_average": 81706, 
        "date": "2013-05-31", 
        "operating_revenue": 90648, 
        "short_term_average": 86450
    }, 
    {
        "accumulated_operating_revenue_yoy": -38.03432331519198, 
        "accumulated_operating_revenue": 467839, 
        "long_term_average": 78715, 
        "date": "2013-06-30", 
        "operating_revenue": 93315, 
        "short_term_average": 92621
    }, 
    {
        "accumulated_operating_revenue_yoy": -37.74412848194675, 
        "accumulated_operating_revenue": 535718, 
        "long_term_average": 75579, 
        "date": "2013-07-31", 
        "operating_revenue": 67879, 
        "short_term_average": 83947
    }, 
    {
        "accumulated_operating_revenue_yoy": -37.96623247743691, 
        "accumulated_operating_revenue": 601351, 
        "long_term_average": 71975, 
        "date": "2013-08-31", 
        "operating_revenue": 65633, 
        "short_term_average": 75609
    }, 
    {
        "accumulated_operating_revenue_yoy": -37.41701672484535, 
        "accumulated_operating_revenue": 666398, 
        "long_term_average": 69443, 
        "date": "2013-09-30", 
        "operating_revenue": 65047, 
        "short_term_average": 66186
    }, 
    {
        "accumulated_operating_revenue_yoy": -29.98904294435934, 
        "accumulated_operating_revenue": 786557, 
        "long_term_average": 74568, 
        "date": "2013-10-31", 
        "operating_revenue": 120159, 
        "short_term_average": 83613
    }, 
    {
        "accumulated_operating_revenue_yoy": -26.39710561670634, 
        "accumulated_operating_revenue": 874370, 
        "long_term_average": 76513, 
        "date": "2013-11-30", 
        "operating_revenue": 87813, 
        "short_term_average": 91006
    }, 
    {
        "accumulated_operating_revenue_yoy": -23.7683936204328, 
        "accumulated_operating_revenue": 938979, 
        "long_term_average": 78248, 
        "date": "2013-12-31", 
        "operating_revenue": 64609, 
        "short_term_average": 90860
    }, 
    {
        "accumulated_operating_revenue_yoy": 9.443706870139913, 
        "accumulated_operating_revenue": 75016, 
        "long_term_average": 78787, 
        "date": "2014-01-31", 
        "operating_revenue": 75016, 
        "short_term_average": 75812
    }, 
    {
        "accumulated_operating_revenue_yoy": 40.23303870665254, 
        "accumulated_operating_revenue": 161512, 
        "long_term_average": 82109, 
        "date": "2014-02-28", 
        "operating_revenue": 86496, 
        "short_term_average": 75373
    }, 
    {
        "accumulated_operating_revenue_yoy": 34.343992630609286, 
        "accumulated_operating_revenue": 255220, 
        "long_term_average": 83685, 
        "date": "2014-03-31", 
        "operating_revenue": 93708, 
        "short_term_average": 85073
    }, 
    {
        "accumulated_operating_revenue_yoy": 18.995617804957092, 
        "accumulated_operating_revenue": 337800, 
        "long_term_average": 82741, 
        "date": "2014-04-30", 
        "operating_revenue": 82580, 
        "short_term_average": 87594
    }, 
    {
        "accumulated_operating_revenue_yoy": 12.996229881129112, 
        "accumulated_operating_revenue": 423198, 
        "long_term_average": 82304, 
        "date": "2014-05-31", 
        "operating_revenue": 85398, 
        "short_term_average": 87228
    }, 
    {
        "accumulated_operating_revenue_yoy": 7.93071975615543, 
        "accumulated_operating_revenue": 504942, 
        "long_term_average": 81340, 
        "date": "2014-06-30", 
        "operating_revenue": 81744, 
        "short_term_average": 83240
    }, 
    {
        "accumulated_operating_revenue_yoy": 8.255462762124848, 
        "accumulated_operating_revenue": 579944, 
        "long_term_average": 81933, 
        "date": "2014-07-31", 
        "operating_revenue": 75002, 
        "short_term_average": 80714
    }, 
    {
        "accumulated_operating_revenue_yoy": 15.446053968480971, 
        "accumulated_operating_revenue": 694236, 
        "long_term_average": 85988, 
        "date": "2014-08-31", 
        "operating_revenue": 114292, 
        "short_term_average": 90346
    }, 
    {
        "accumulated_operating_revenue_yoy": 18.885560881035058, 
        "accumulated_operating_revenue": 792251, 
        "long_term_average": 88736, 
        "date": "2014-09-30", 
        "operating_revenue": 98015, 
        "short_term_average": 95769
    }, 
    {
        "accumulated_operating_revenue_yoy": 16.389530574389397, 
        "accumulated_operating_revenue": 915470, 
        "long_term_average": 88991, 
        "date": "2014-10-31", 
        "operating_revenue": 123219, 
        "short_term_average": 111842
    }, 
    {
        "accumulated_operating_revenue_yoy": 17.742946349943388, 
        "accumulated_operating_revenue": 1029509, 
        "long_term_average": 91176, 
        "date": "2014-11-30", 
        "operating_revenue": 114039, 
        "short_term_average": 111757
    }, 
    {
        "accumulated_operating_revenue_yoy": 20.304287955321684, 
        "accumulated_operating_revenue": 1129632, 
        "long_term_average": 94136, 
        "date": "2014-12-31", 
        "operating_revenue": 100123, 
        "short_term_average": 112460
    }, 
    {
        "accumulated_operating_revenue_yoy": 52.69542497600512, 
        "accumulated_operating_revenue": 114546, 
        "long_term_average": 97430, 
        "date": "2015-01-31", 
        "operating_revenue": 114546, 
        "short_term_average": 109569
    }, 
    {
        "accumulated_operating_revenue_yoy": 20.52107583337461, 
        "accumulated_operating_revenue": 194656, 
        "long_term_average": 96898, 
        "date": "2015-02-28", 
        "operating_revenue": 80110, 
        "short_term_average": 98259
    }, 
    {
        "accumulated_operating_revenue_yoy": 8.609043178434291, 
        "accumulated_operating_revenue": 277192, 
        "long_term_average": 95967, 
        "date": "2015-03-31", 
        "operating_revenue": 82536, 
        "short_term_average": 92397
    }, 
    {
        "accumulated_operating_revenue_yoy": 4.902605091770278, 
        "accumulated_operating_revenue": 354361, 
        "long_term_average": 95516, 
        "date": "2015-04-30", 
        "operating_revenue": 77169, 
        "short_term_average": 79938
    }, 
    {
        "accumulated_operating_revenue_yoy": 1.9258125038398102, 
        "accumulated_operating_revenue": 431348, 
        "long_term_average": 94815, 
        "date": "2015-05-31", 
        "operating_revenue": 76987, 
        "short_term_average": 78897
    }, 
    {
        "accumulated_operating_revenue_yoy": 0.774940488214488, 
        "accumulated_operating_revenue": 508855, 
        "long_term_average": 94462, 
        "date": "2015-06-30", 
        "operating_revenue": 77507, 
        "short_term_average": 77221
    }, 
    {
        "accumulated_operating_revenue_yoy": 0.2136413170926848, 
        "accumulated_operating_revenue": 581183, 
        "long_term_average": 94239, 
        "date": "2015-07-31", 
        "operating_revenue": 72328, 
        "short_term_average": 75607
    }, 
    {
        "accumulated_operating_revenue_yoy": -6.562753876203481, 
        "accumulated_operating_revenue": 648675, 
        "long_term_average": 90339, 
        "date": "2015-08-31", 
        "operating_revenue": 67492, 
        "short_term_average": 72442
    }, 
    {
        "accumulated_operating_revenue_yoy": -10.466379973013604, 
        "accumulated_operating_revenue": 709331, 
        "long_term_average": 87226, 
        "date": "2015-09-30", 
        "operating_revenue": 60656, 
        "short_term_average": 66825
    }
]