[
    {
        "date": "2012-01-31", 
        "operating_revenue": 186188, 
        "accumulated_operating_revenue": 186188, 
        "long_term_average": 186188, 
        "short_term_average": 186188
    }, 
    {
        "date": "2012-02-29", 
        "operating_revenue": 149287, 
        "accumulated_operating_revenue": 335475, 
        "long_term_average": 167737, 
        "short_term_average": 167737
    }, 
    {
        "date": "2012-03-31", 
        "operating_revenue": 188319, 
        "accumulated_operating_revenue": 523794, 
        "long_term_average": 174598, 
        "short_term_average": 174598
    }, 
    {
        "date": "2012-04-30", 
        "operating_revenue": 169797, 
        "accumulated_operating_revenue": 693591, 
        "long_term_average": 173397, 
        "short_term_average": 169134
    }, 
    {
        "date": "2012-05-31", 
        "operating_revenue": 130659, 
        "accumulated_operating_revenue": 824250, 
        "long_term_average": 164850, 
        "short_term_average": 162925
    }, 
    {
        "date": "2012-06-30", 
        "operating_revenue": 83803, 
        "accumulated_operating_revenue": 908053, 
        "long_term_average": 151342, 
        "short_term_average": 128086
    }, 
    {
        "date": "2012-07-31", 
        "operating_revenue": 128040, 
        "accumulated_operating_revenue": 1036093, 
        "long_term_average": 148013, 
        "short_term_average": 114167
    }, 
    {
        "date": "2012-08-31", 
        "operating_revenue": 149096, 
        "accumulated_operating_revenue": 1185189, 
        "long_term_average": 148148, 
        "short_term_average": 120313
    }, 
    {
        "date": "2012-09-30", 
        "operating_revenue": 126150, 
        "accumulated_operating_revenue": 1311339, 
        "long_term_average": 145704, 
        "short_term_average": 134428
    }, 
    {
        "date": "2012-10-31", 
        "operating_revenue": 113496, 
        "accumulated_operating_revenue": 1424835, 
        "long_term_average": 142483, 
        "short_term_average": 129580
    }, 
    {
        "date": "2012-11-30", 
        "operating_revenue": 105220, 
        "accumulated_operating_revenue": 1530055, 
        "long_term_average": 139095, 
        "short_term_average": 114955
    }, 
    {
        "date": "2012-12-31", 
        "operating_revenue": 61840, 
        "accumulated_operating_revenue": 1591895, 
        "long_term_average": 132657, 
        "short_term_average": 93518
    }, 
    {
        "accumulated_operating_revenue_yoy": -30.17756246374632, 
        "accumulated_operating_revenue": 130001, 
        "long_term_average": 127975, 
        "date": "2013-01-31", 
        "operating_revenue": 130001, 
        "short_term_average": 99020
    }, 
    {
        "accumulated_operating_revenue_yoy": -32.65399806244877, 
        "accumulated_operating_revenue": 225929, 
        "long_term_average": 123529, 
        "date": "2013-02-28", 
        "operating_revenue": 95928, 
        "short_term_average": 95923
    }, 
    {
        "accumulated_operating_revenue_yoy": -28.401623539024882, 
        "accumulated_operating_revenue": 375028, 
        "long_term_average": 120260, 
        "date": "2013-03-31", 
        "operating_revenue": 149099, 
        "short_term_average": 125009
    }, 
    {
        "accumulated_operating_revenue_yoy": -18.16978594012898, 
        "accumulated_operating_revenue": 567567, 
        "long_term_average": 122155, 
        "date": "2013-04-30", 
        "operating_revenue": 192539, 
        "short_term_average": 145855
    }, 
    {
        "accumulated_operating_revenue_yoy": -7.95183500151653, 
        "accumulated_operating_revenue": 758707, 
        "long_term_average": 127196, 
        "date": "2013-05-31", 
        "operating_revenue": 191140, 
        "short_term_average": 177592
    }, 
    {
        "accumulated_operating_revenue_yoy": -3.1576350719616584, 
        "accumulated_operating_revenue": 879380, 
        "long_term_average": 130268, 
        "date": "2013-06-30", 
        "operating_revenue": 120673, 
        "short_term_average": 168117
    }, 
    {
        "accumulated_operating_revenue_yoy": -1.2116672924148701, 
        "accumulated_operating_revenue": 1023539, 
        "long_term_average": 131611, 
        "date": "2013-07-31", 
        "operating_revenue": 144159, 
        "short_term_average": 151990
    }, 
    {
        "accumulated_operating_revenue_yoy": 1.113915164585564, 
        "accumulated_operating_revenue": 1198391, 
        "long_term_average": 133758, 
        "date": "2013-08-31", 
        "operating_revenue": 174852, 
        "short_term_average": 146561
    }, 
    {
        "accumulated_operating_revenue_yoy": 5.988687898400032, 
        "accumulated_operating_revenue": 1389871, 
        "long_term_average": 139202, 
        "date": "2013-09-30", 
        "operating_revenue": 191480, 
        "short_term_average": 170163
    }, 
    {
        "accumulated_operating_revenue_yoy": 10.27789182607109, 
        "accumulated_operating_revenue": 1571278, 
        "long_term_average": 144861, 
        "date": "2013-10-31", 
        "operating_revenue": 181407, 
        "short_term_average": 182579
    }, 
    {
        "accumulated_operating_revenue_yoy": 9.9706873282333, 
        "accumulated_operating_revenue": 1682612, 
        "long_term_average": 145371, 
        "date": "2013-11-30", 
        "operating_revenue": 111334, 
        "short_term_average": 161407
    }, 
    {
        "accumulated_operating_revenue_yoy": 15.678358183171628, 
        "accumulated_operating_revenue": 1841478, 
        "long_term_average": 153456, 
        "date": "2013-12-31", 
        "operating_revenue": 158866, 
        "short_term_average": 150535
    }, 
    {
        "accumulated_operating_revenue_yoy": 107.51686525488266, 
        "accumulated_operating_revenue": 269774, 
        "long_term_average": 165104, 
        "date": "2014-01-31", 
        "operating_revenue": 269774, 
        "short_term_average": 179991
    }, 
    {
        "accumulated_operating_revenue_yoy": 96.26431312491978, 
        "accumulated_operating_revenue": 443418, 
        "long_term_average": 171580, 
        "date": "2014-02-28", 
        "operating_revenue": 173644, 
        "short_term_average": 200761
    }, 
    {
        "accumulated_operating_revenue_yoy": 73.437183356976, 
        "accumulated_operating_revenue": 650438, 
        "long_term_average": 176407, 
        "date": "2014-03-31", 
        "operating_revenue": 207020, 
        "short_term_average": 216812
    }, 
    {
        "accumulated_operating_revenue_yoy": 57.20011910488101, 
        "accumulated_operating_revenue": 892216, 
        "long_term_average": 180510, 
        "date": "2014-04-30", 
        "operating_revenue": 241778, 
        "short_term_average": 207480
    }, 
    {
        "accumulated_operating_revenue_yoy": 44.726752224508274, 
        "accumulated_operating_revenue": 1098052, 
        "long_term_average": 181735, 
        "date": "2014-05-31", 
        "operating_revenue": 205836, 
        "short_term_average": 218211
    }, 
    {
        "accumulated_operating_revenue_yoy": 49.13927994723555, 
        "accumulated_operating_revenue": 1311501, 
        "long_term_average": 189466, 
        "date": "2014-06-30", 
        "operating_revenue": 213449, 
        "short_term_average": 220354
    }, 
    {
        "accumulated_operating_revenue_yoy": 50.64242788989966, 
        "accumulated_operating_revenue": 1541884, 
        "long_term_average": 196651, 
        "date": "2014-07-31", 
        "operating_revenue": 230383, 
        "short_term_average": 216556
    }, 
    {
        "accumulated_operating_revenue_yoy": 45.67440843597791, 
        "accumulated_operating_revenue": 1745749, 
        "long_term_average": 199069, 
        "date": "2014-08-31", 
        "operating_revenue": 203865, 
        "short_term_average": 215899
    }, 
    {
        "accumulated_operating_revenue_yoy": 46.47100342405878, 
        "accumulated_operating_revenue": 2035758, 
        "long_term_average": 207280, 
        "date": "2014-09-30", 
        "operating_revenue": 290009, 
        "short_term_average": 241419
    }, 
    {
        "accumulated_operating_revenue_yoy": 43.473974688120116, 
        "accumulated_operating_revenue": 2254375, 
        "long_term_average": 210381, 
        "date": "2014-10-31", 
        "operating_revenue": 218617, 
        "short_term_average": 237497
    }, 
    {
        "accumulated_operating_revenue_yoy": 44.577775506177304, 
        "accumulated_operating_revenue": 2432683, 
        "long_term_average": 215962, 
        "date": "2014-11-30", 
        "operating_revenue": 178308, 
        "short_term_average": 228978
    }, 
    {
        "accumulated_operating_revenue_yoy": 46.07706418431282, 
        "accumulated_operating_revenue": 2689977, 
        "long_term_average": 224164, 
        "date": "2014-12-31", 
        "operating_revenue": 257294, 
        "short_term_average": 218073
    }, 
    {
        "accumulated_operating_revenue_yoy": -13.91683409075745, 
        "accumulated_operating_revenue": 232230, 
        "long_term_average": 221036, 
        "date": "2015-01-31", 
        "operating_revenue": 232230, 
        "short_term_average": 222610
    }, 
    {
        "accumulated_operating_revenue_yoy": -8.537542454298201, 
        "accumulated_operating_revenue": 405561, 
        "long_term_average": 221010, 
        "date": "2015-02-28", 
        "operating_revenue": 173331, 
        "short_term_average": 220951
    }, 
    {
        "accumulated_operating_revenue_yoy": 2.629920146116924, 
        "accumulated_operating_revenue": 667544, 
        "long_term_average": 225590, 
        "date": "2015-03-31", 
        "operating_revenue": 261983, 
        "short_term_average": 222514
    }, 
    {
        "accumulated_operating_revenue_yoy": -0.18313950881849236, 
        "accumulated_operating_revenue": 890582, 
        "long_term_average": 224028, 
        "date": "2015-04-30", 
        "operating_revenue": 223038, 
        "short_term_average": 219450
    }, 
    {
        "accumulated_operating_revenue_yoy": -3.4663203564129934, 
        "accumulated_operating_revenue": 1059990, 
        "long_term_average": 220992, 
        "date": "2015-05-31", 
        "operating_revenue": 169408, 
        "short_term_average": 218143
    }, 
    {
        "accumulated_operating_revenue_yoy": -0.07830722203033014, 
        "accumulated_operating_revenue": 1310474, 
        "long_term_average": 224079, 
        "date": "2015-06-30", 
        "operating_revenue": 250484, 
        "short_term_average": 214310
    }, 
    {
        "accumulated_operating_revenue_yoy": 4.797572320615559, 
        "accumulated_operating_revenue": 1615857, 
        "long_term_average": 230329, 
        "date": "2015-07-31", 
        "operating_revenue": 305383, 
        "short_term_average": 241758
    }, 
    {
        "accumulated_operating_revenue_yoy": 11.735535864548684, 
        "accumulated_operating_revenue": 1950622, 
        "long_term_average": 241237, 
        "date": "2015-08-31", 
        "operating_revenue": 334765, 
        "short_term_average": 296877
    }
]