[
    {
        "date": "2012-01-31", 
        "operating_revenue": 294954, 
        "accumulated_operating_revenue": 294954, 
        "long_term_average": 294954, 
        "short_term_average": 294954
    }, 
    {
        "date": "2012-02-29", 
        "operating_revenue": 356980, 
        "accumulated_operating_revenue": 651934, 
        "long_term_average": 325967, 
        "short_term_average": 325967
    }, 
    {
        "date": "2012-03-31", 
        "operating_revenue": 367909, 
        "accumulated_operating_revenue": 1019843, 
        "long_term_average": 339947, 
        "short_term_average": 339947
    }, 
    {
        "date": "2012-04-30", 
        "operating_revenue": 519499, 
        "accumulated_operating_revenue": 1539342, 
        "long_term_average": 384835, 
        "short_term_average": 414796
    }, 
    {
        "date": "2012-05-31", 
        "operating_revenue": 420508, 
        "accumulated_operating_revenue": 1959850, 
        "long_term_average": 391970, 
        "short_term_average": 435972
    }, 
    {
        "date": "2012-06-30", 
        "operating_revenue": 427317, 
        "accumulated_operating_revenue": 2387167, 
        "long_term_average": 397861, 
        "short_term_average": 455774
    }, 
    {
        "date": "2012-07-31", 
        "operating_revenue": 506926, 
        "accumulated_operating_revenue": 2894093, 
        "long_term_average": 413441, 
        "short_term_average": 451583
    }, 
    {
        "date": "2012-08-31", 
        "operating_revenue": 499966, 
        "accumulated_operating_revenue": 3394059, 
        "long_term_average": 424257, 
        "short_term_average": 478069
    }, 
    {
        "date": "2012-09-30", 
        "operating_revenue": 509332, 
        "accumulated_operating_revenue": 3903391, 
        "long_term_average": 433710, 
        "short_term_average": 505408
    }, 
    {
        "date": "2012-10-31", 
        "operating_revenue": 480691, 
        "accumulated_operating_revenue": 4384082, 
        "long_term_average": 438408, 
        "short_term_average": 496663
    }, 
    {
        "date": "2012-11-30", 
        "operating_revenue": 362611, 
        "accumulated_operating_revenue": 4746693, 
        "long_term_average": 431517, 
        "short_term_average": 450878
    }, 
    {
        "date": "2012-12-31", 
        "operating_revenue": 309628, 
        "accumulated_operating_revenue": 5056321, 
        "long_term_average": 421360, 
        "short_term_average": 384310
    }, 
    {
        "accumulated_operating_revenue_yoy": 30.787851665005388, 
        "accumulated_operating_revenue": 385764, 
        "long_term_average": 428927, 
        "date": "2013-01-31", 
        "operating_revenue": 385764, 
        "short_term_average": 352667
    }, 
    {
        "accumulated_operating_revenue_yoy": 7.9885387171094004, 
        "accumulated_operating_revenue": 704014, 
        "long_term_average": 425700, 
        "date": "2013-02-28", 
        "operating_revenue": 318250, 
        "short_term_average": 337880
    }, 
    {
        "accumulated_operating_revenue_yoy": 9.630207786884844, 
        "accumulated_operating_revenue": 1118056, 
        "long_term_average": 429544, 
        "date": "2013-03-31", 
        "operating_revenue": 414042, 
        "short_term_average": 372685
    }, 
    {
        "accumulated_operating_revenue_yoy": -0.5109325932768676, 
        "accumulated_operating_revenue": 1531477, 
        "long_term_average": 420704, 
        "date": "2013-04-30", 
        "operating_revenue": 413421, 
        "short_term_average": 381904
    }, 
    {
        "accumulated_operating_revenue_yoy": -0.6063729367043396, 
        "accumulated_operating_revenue": 1947966, 
        "long_term_average": 420369, 
        "date": "2013-05-31", 
        "operating_revenue": 416489, 
        "short_term_average": 414650
    }, 
    {
        "accumulated_operating_revenue_yoy": 1.9371916585643147, 
        "accumulated_operating_revenue": 2433411, 
        "long_term_average": 425213, 
        "date": "2013-06-30", 
        "operating_revenue": 485445, 
        "short_term_average": 438451
    }, 
    {
        "accumulated_operating_revenue_yoy": 6.968400808128833, 
        "accumulated_operating_revenue": 3095765, 
        "long_term_average": 438166, 
        "date": "2013-07-31", 
        "operating_revenue": 662354, 
        "short_term_average": 521429
    }, 
    {
        "accumulated_operating_revenue_yoy": 6.083070447508425, 
        "accumulated_operating_revenue": 3600522, 
        "long_term_average": 438565, 
        "date": "2013-08-31", 
        "operating_revenue": 504757, 
        "short_term_average": 550852
    }, 
    {
        "accumulated_operating_revenue_yoy": 9.976197618942093, 
        "accumulated_operating_revenue": 4292801, 
        "long_term_average": 453810, 
        "date": "2013-09-30", 
        "operating_revenue": 692279, 
        "short_term_average": 619796
    }, 
    {
        "accumulated_operating_revenue_yoy": 10.159778033348829, 
        "accumulated_operating_revenue": 4829495, 
        "long_term_average": 458477, 
        "date": "2013-10-31", 
        "operating_revenue": 536694, 
        "short_term_average": 577910
    }, 
    {
        "accumulated_operating_revenue_yoy": 10.973682098252405, 
        "accumulated_operating_revenue": 5267580, 
        "long_term_average": 464767, 
        "date": "2013-11-30", 
        "operating_revenue": 438085, 
        "short_term_average": 555686
    }, 
    {
        "accumulated_operating_revenue_yoy": 9.936869118871211, 
        "accumulated_operating_revenue": 5558761, 
        "long_term_average": 463230, 
        "date": "2013-12-31", 
        "operating_revenue": 291181, 
        "short_term_average": 421986
    }, 
    {
        "accumulated_operating_revenue_yoy": 18.807612944701944, 
        "accumulated_operating_revenue": 458317, 
        "long_term_average": 469276, 
        "date": "2014-01-31", 
        "operating_revenue": 458317, 
        "short_term_average": 395861
    }, 
    {
        "accumulated_operating_revenue_yoy": 9.652790995633609, 
        "accumulated_operating_revenue": 771971, 
        "long_term_average": 468893, 
        "date": "2014-02-28", 
        "operating_revenue": 313654, 
        "short_term_average": 354384
    }, 
    {
        "accumulated_operating_revenue_yoy": 10.663598245526163, 
        "accumulated_operating_revenue": 1237281, 
        "long_term_average": 473165, 
        "date": "2014-03-31", 
        "operating_revenue": 465310, 
        "short_term_average": 412427
    }, 
    {
        "accumulated_operating_revenue_yoy": 11.420674290243992, 
        "accumulated_operating_revenue": 1706382, 
        "long_term_average": 477805, 
        "date": "2014-04-30", 
        "operating_revenue": 469101, 
        "short_term_average": 416021
    }, 
    {
        "accumulated_operating_revenue_yoy": 11.409696062456941, 
        "accumulated_operating_revenue": 2170223, 
        "long_term_average": 481751, 
        "date": "2014-05-31", 
        "operating_revenue": 463841, 
        "short_term_average": 466084
    }, 
    {
        "accumulated_operating_revenue_yoy": 11.88303167857793, 
        "accumulated_operating_revenue": 2722574, 
        "long_term_average": 487327, 
        "date": "2014-06-30", 
        "operating_revenue": 552351, 
        "short_term_average": 495097
    }, 
    {
        "accumulated_operating_revenue_yoy": 8.737194199172094, 
        "accumulated_operating_revenue": 3366248, 
        "long_term_average": 485770, 
        "date": "2014-07-31", 
        "operating_revenue": 643674, 
        "short_term_average": 553288
    }, 
    {
        "accumulated_operating_revenue_yoy": 10.19902114193442, 
        "accumulated_operating_revenue": 3967740, 
        "long_term_average": 493831, 
        "date": "2014-08-31", 
        "operating_revenue": 601492, 
        "short_term_average": 599172
    }, 
    {
        "accumulated_operating_revenue_yoy": 8.378166143736921, 
        "accumulated_operating_revenue": 4652459, 
        "long_term_average": 493201, 
        "date": "2014-09-30", 
        "operating_revenue": 684719, 
        "short_term_average": 643295
    }, 
    {
        "accumulated_operating_revenue_yoy": 7.7091290083124635, 
        "accumulated_operating_revenue": 5201807, 
        "long_term_average": 494256, 
        "date": "2014-10-31", 
        "operating_revenue": 549348, 
        "short_term_average": 611853
    }, 
    {
        "accumulated_operating_revenue_yoy": 9.412044999791174, 
        "accumulated_operating_revenue": 5763367, 
        "long_term_average": 504545, 
        "date": "2014-11-30", 
        "operating_revenue": 561560, 
        "short_term_average": 598542
    }, 
    {
        "accumulated_operating_revenue_yoy": 12.395046306182259, 
        "accumulated_operating_revenue": 6247772, 
        "long_term_average": 520647, 
        "date": "2014-12-31", 
        "operating_revenue": 484405, 
        "short_term_average": 531771
    }, 
    {
        "accumulated_operating_revenue_yoy": 2.9699967489750545, 
        "accumulated_operating_revenue": 471929, 
        "long_term_average": 521782, 
        "date": "2015-01-31", 
        "operating_revenue": 471929, 
        "short_term_average": 505964
    }, 
    {
        "accumulated_operating_revenue_yoy": 16.29037878365897, 
        "accumulated_operating_revenue": 897728, 
        "long_term_average": 531127, 
        "date": "2015-02-28", 
        "operating_revenue": 425799, 
        "short_term_average": 460711
    }, 
    {
        "accumulated_operating_revenue_yoy": 3.7651107549538056, 
        "accumulated_operating_revenue": 1283866, 
        "long_term_average": 524529, 
        "date": "2015-03-31", 
        "operating_revenue": 386138, 
        "short_term_average": 427955
    }, 
    {
        "accumulated_operating_revenue_yoy": 1.5609634888319261, 
        "accumulated_operating_revenue": 1733018, 
        "long_term_average": 522867, 
        "date": "2015-04-30", 
        "operating_revenue": 449152, 
        "short_term_average": 420363
    }, 
    {
        "accumulated_operating_revenue_yoy": 1.8489804964743257, 
        "accumulated_operating_revenue": 2210350, 
        "long_term_average": 523991, 
        "date": "2015-05-31", 
        "operating_revenue": 477332, 
        "short_term_average": 437540
    }, 
    {
        "accumulated_operating_revenue_yoy": 5.7555827683655245, 
        "accumulated_operating_revenue": 2879274, 
        "long_term_average": 533706, 
        "date": "2015-06-30", 
        "operating_revenue": 668924, 
        "short_term_average": 531802
    }, 
    {
        "accumulated_operating_revenue_yoy": -0.22256233052347896, 
        "accumulated_operating_revenue": 3358756, 
        "long_term_average": 520023, 
        "date": "2015-07-31", 
        "operating_revenue": 479482, 
        "short_term_average": 541912
    }, 
    {
        "accumulated_operating_revenue_yoy": -0.8129816973894459, 
        "accumulated_operating_revenue": 3935483, 
        "long_term_average": 517959, 
        "date": "2015-08-31", 
        "operating_revenue": 576727, 
        "short_term_average": 575044
    }, 
    {
        "accumulated_operating_revenue_yoy": -0.7431768877490377, 
        "accumulated_operating_revenue": 4617883, 
        "long_term_average": 517766, 
        "date": "2015-09-30", 
        "operating_revenue": 682400, 
        "short_term_average": 579536
    }
]