[
    {
        "date": "2012-01-31", 
        "operating_revenue": 302006, 
        "accumulated_operating_revenue": 302006, 
        "long_term_average": 302006, 
        "short_term_average": 302006
    }, 
    {
        "date": "2012-02-29", 
        "operating_revenue": 311981, 
        "accumulated_operating_revenue": 613987, 
        "long_term_average": 306993, 
        "short_term_average": 306993
    }, 
    {
        "date": "2012-03-31", 
        "operating_revenue": 308361, 
        "accumulated_operating_revenue": 922348, 
        "long_term_average": 307449, 
        "short_term_average": 307449
    }, 
    {
        "date": "2012-04-30", 
        "operating_revenue": 303177, 
        "accumulated_operating_revenue": 1225525, 
        "long_term_average": 306381, 
        "short_term_average": 307839
    }, 
    {
        "date": "2012-05-31", 
        "operating_revenue": 335241, 
        "accumulated_operating_revenue": 1560766, 
        "long_term_average": 312153, 
        "short_term_average": 315593
    }, 
    {
        "date": "2012-06-30", 
        "operating_revenue": 335659, 
        "accumulated_operating_revenue": 1896425, 
        "long_term_average": 316070, 
        "short_term_average": 324692
    }, 
    {
        "date": "2012-07-31", 
        "operating_revenue": 327052, 
        "accumulated_operating_revenue": 2223477, 
        "long_term_average": 317639, 
        "short_term_average": 332650
    }, 
    {
        "date": "2012-08-31", 
        "operating_revenue": 328344, 
        "accumulated_operating_revenue": 2551821, 
        "long_term_average": 318977, 
        "short_term_average": 330351
    }, 
    {
        "date": "2012-09-30", 
        "operating_revenue": 330590, 
        "accumulated_operating_revenue": 2882411, 
        "long_term_average": 320267, 
        "short_term_average": 328662
    }, 
    {
        "date": "2012-10-31", 
        "operating_revenue": 337554, 
        "accumulated_operating_revenue": 3219965, 
        "long_term_average": 321996, 
        "short_term_average": 332162
    }, 
    {
        "date": "2012-11-30", 
        "operating_revenue": 319904, 
        "accumulated_operating_revenue": 3539869, 
        "long_term_average": 321806, 
        "short_term_average": 329349
    }, 
    {
        "date": "2012-12-31", 
        "operating_revenue": 318336, 
        "accumulated_operating_revenue": 3858205, 
        "long_term_average": 321517, 
        "short_term_average": 325264
    }, 
    {
        "accumulated_operating_revenue_yoy": 10.485884386402919, 
        "accumulated_operating_revenue": 333674, 
        "long_term_average": 324156, 
        "date": "2013-01-31", 
        "operating_revenue": 333674, 
        "short_term_average": 323971
    }, 
    {
        "accumulated_operating_revenue_yoy": 7.721336119494386, 
        "accumulated_operating_revenue": 661395, 
        "long_term_average": 325467, 
        "date": "2013-02-28", 
        "operating_revenue": 327721, 
        "short_term_average": 326577
    }, 
    {
        "accumulated_operating_revenue_yoy": 6.458299904157649, 
        "accumulated_operating_revenue": 981916, 
        "long_term_average": 326481, 
        "date": "2013-03-31", 
        "operating_revenue": 320521, 
        "short_term_average": 327305
    }, 
    {
        "accumulated_operating_revenue_yoy": 6.829889231145836, 
        "accumulated_operating_revenue": 1309227, 
        "long_term_average": 328492, 
        "date": "2013-04-30", 
        "operating_revenue": 327311, 
        "short_term_average": 325184
    }, 
    {
        "accumulated_operating_revenue_yoy": 5.382485266849739, 
        "accumulated_operating_revenue": 1644774, 
        "long_term_average": 328517, 
        "date": "2013-05-31", 
        "operating_revenue": 335547, 
        "short_term_average": 327793
    }, 
    {
        "accumulated_operating_revenue_yoy": 5.182435371818026, 
        "accumulated_operating_revenue": 1994706, 
        "long_term_average": 329707, 
        "date": "2013-06-30", 
        "operating_revenue": 349932, 
        "short_term_average": 337596
    }, 
    {
        "accumulated_operating_revenue_yoy": 6.611401871933014, 
        "accumulated_operating_revenue": 2370480, 
        "long_term_average": 333767, 
        "date": "2013-07-31", 
        "operating_revenue": 375774, 
        "short_term_average": 353751
    }, 
    {
        "accumulated_operating_revenue_yoy": 6.192910866396977, 
        "accumulated_operating_revenue": 2709853, 
        "long_term_average": 334686, 
        "date": "2013-08-31", 
        "operating_revenue": 339373, 
        "short_term_average": 355026
    }, 
    {
        "accumulated_operating_revenue_yoy": 6.021590952851623, 
        "accumulated_operating_revenue": 3055978, 
        "long_term_average": 335981, 
        "date": "2013-09-30", 
        "operating_revenue": 346125, 
        "short_term_average": 353757
    }, 
    {
        "accumulated_operating_revenue_yoy": 5.701552656628255, 
        "accumulated_operating_revenue": 3403553, 
        "long_term_average": 336816, 
        "date": "2013-10-31", 
        "operating_revenue": 347575, 
        "short_term_average": 344357
    }, 
    {
        "accumulated_operating_revenue_yoy": 5.353983438370177, 
        "accumulated_operating_revenue": 3729393, 
        "long_term_average": 337310, 
        "date": "2013-11-30", 
        "operating_revenue": 325840, 
        "short_term_average": 339846
    }, 
    {
        "accumulated_operating_revenue_yoy": 5.292383375170577, 
        "accumulated_operating_revenue": 4062396, 
        "long_term_average": 338533, 
        "date": "2013-12-31", 
        "operating_revenue": 333003, 
        "short_term_average": 335472
    }, 
    {
        "accumulated_operating_revenue_yoy": -1.8637952013042671, 
        "accumulated_operating_revenue": 327455, 
        "long_term_average": 338014, 
        "date": "2014-01-31", 
        "operating_revenue": 327455, 
        "short_term_average": 328766
    }, 
    {
        "accumulated_operating_revenue_yoy": 2.597237656770916, 
        "accumulated_operating_revenue": 678573, 
        "long_term_average": 339964, 
        "date": "2014-02-28", 
        "operating_revenue": 351118, 
        "short_term_average": 337192
    }, 
    {
        "accumulated_operating_revenue_yoy": 4.663128006876352, 
        "accumulated_operating_revenue": 1027704, 
        "long_term_average": 342348, 
        "date": "2014-03-31", 
        "operating_revenue": 349131, 
        "short_term_average": 342568
    }, 
    {
        "accumulated_operating_revenue_yoy": 7.389245715219745, 
        "accumulated_operating_revenue": 1405969, 
        "long_term_average": 346594, 
        "date": "2014-04-30", 
        "operating_revenue": 378265, 
        "short_term_average": 359504
    }, 
    {
        "accumulated_operating_revenue_yoy": 8.72113737206449, 
        "accumulated_operating_revenue": 1788217, 
        "long_term_average": 350486, 
        "date": "2014-05-31", 
        "operating_revenue": 382248, 
        "short_term_average": 369881
    }, 
    {
        "accumulated_operating_revenue_yoy": 9.874086707514792, 
        "accumulated_operating_revenue": 2191665, 
        "long_term_average": 354946, 
        "date": "2014-06-30", 
        "operating_revenue": 403448, 
        "short_term_average": 387987
    }, 
    {
        "accumulated_operating_revenue_yoy": 8.537848874489555, 
        "accumulated_operating_revenue": 2572868, 
        "long_term_average": 355398, 
        "date": "2014-07-31", 
        "operating_revenue": 381203, 
        "short_term_average": 388966
    }, 
    {
        "accumulated_operating_revenue_yoy": 8.704420498086058, 
        "accumulated_operating_revenue": 2945730, 
        "long_term_average": 358189, 
        "date": "2014-08-31", 
        "operating_revenue": 372862, 
        "short_term_average": 385837
    }, 
    {
        "accumulated_operating_revenue_yoy": 8.274274225796129, 
        "accumulated_operating_revenue": 3308838, 
        "long_term_average": 359604, 
        "date": "2014-09-30", 
        "operating_revenue": 363108, 
        "short_term_average": 372391
    }, 
    {
        "accumulated_operating_revenue_yoy": 7.621711781776279, 
        "accumulated_operating_revenue": 3662962, 
        "long_term_average": 360150, 
        "date": "2014-10-31", 
        "operating_revenue": 354124, 
        "short_term_average": 363364
    }, 
    {
        "accumulated_operating_revenue_yoy": 7.557905535833847, 
        "accumulated_operating_revenue": 4011257, 
        "long_term_average": 362021, 
        "date": "2014-11-30", 
        "operating_revenue": 348295, 
        "short_term_average": 355175
    }, 
    {
        "accumulated_operating_revenue_yoy": 7.198387355639381, 
        "accumulated_operating_revenue": 4354823, 
        "long_term_average": 362901, 
        "date": "2014-12-31", 
        "operating_revenue": 343566, 
        "short_term_average": 348661
    }, 
    {
        "accumulated_operating_revenue_yoy": 10.016032737322686, 
        "accumulated_operating_revenue": 360253, 
        "long_term_average": 365635, 
        "date": "2015-01-31", 
        "operating_revenue": 360253, 
        "short_term_average": 350704
    }, 
    {
        "accumulated_operating_revenue_yoy": 0.1489891286567547, 
        "accumulated_operating_revenue": 679584, 
        "long_term_average": 362986, 
        "date": "2015-02-28", 
        "operating_revenue": 319331, 
        "short_term_average": 341050
    }, 
    {
        "accumulated_operating_revenue_yoy": -1.0276305239640986, 
        "accumulated_operating_revenue": 1017143, 
        "long_term_average": 362021, 
        "date": "2015-03-31", 
        "operating_revenue": 337559, 
        "short_term_average": 339047
    }, 
    {
        "accumulated_operating_revenue_yoy": -2.584907633098596, 
        "accumulated_operating_revenue": 1369626, 
        "long_term_average": 359873, 
        "date": "2015-04-30", 
        "operating_revenue": 352483, 
        "short_term_average": 336457
    }, 
    {
        "accumulated_operating_revenue_yoy": -3.509193794712834, 
        "accumulated_operating_revenue": 1725465, 
        "long_term_average": 357672, 
        "date": "2015-05-31", 
        "operating_revenue": 355839, 
        "short_term_average": 348627
    }, 
    {
        "accumulated_operating_revenue_yoy": -5.540262768260661, 
        "accumulated_operating_revenue": 2070241, 
        "long_term_average": 352783, 
        "date": "2015-06-30", 
        "operating_revenue": 344776, 
        "short_term_average": 351032
    }, 
    {
        "accumulated_operating_revenue_yoy": -6.12425511141652, 
        "accumulated_operating_revenue": 2415299, 
        "long_term_average": 349771, 
        "date": "2015-07-31", 
        "operating_revenue": 345058, 
        "short_term_average": 348557
    }, 
    {
        "accumulated_operating_revenue_yoy": -6.425096665342717, 
        "accumulated_operating_revenue": 2756464, 
        "long_term_average": 347129, 
        "date": "2015-08-31", 
        "operating_revenue": 341165, 
        "short_term_average": 343666
    }
]