[
    {
        "date": "2012-01-31", 
        "operating_revenue": 316595, 
        "accumulated_operating_revenue": 316595, 
        "long_term_average": 316595, 
        "short_term_average": 316595
    }, 
    {
        "date": "2012-02-29", 
        "operating_revenue": 302618, 
        "accumulated_operating_revenue": 619213, 
        "long_term_average": 309606, 
        "short_term_average": 309606
    }, 
    {
        "date": "2012-03-31", 
        "operating_revenue": 300635, 
        "accumulated_operating_revenue": 919848, 
        "long_term_average": 306616, 
        "short_term_average": 306616
    }, 
    {
        "date": "2012-04-30", 
        "operating_revenue": 297012, 
        "accumulated_operating_revenue": 1216860, 
        "long_term_average": 304215, 
        "short_term_average": 300088
    }, 
    {
        "date": "2012-05-31", 
        "operating_revenue": 310860, 
        "accumulated_operating_revenue": 1527720, 
        "long_term_average": 305544, 
        "short_term_average": 302835
    }, 
    {
        "date": "2012-06-30", 
        "operating_revenue": 321523, 
        "accumulated_operating_revenue": 1849243, 
        "long_term_average": 308207, 
        "short_term_average": 309798
    }, 
    {
        "date": "2012-07-31", 
        "operating_revenue": 332387, 
        "accumulated_operating_revenue": 2181630, 
        "long_term_average": 311661, 
        "short_term_average": 321590
    }, 
    {
        "date": "2012-08-31", 
        "operating_revenue": 383515, 
        "accumulated_operating_revenue": 2565145, 
        "long_term_average": 320643, 
        "short_term_average": 345808
    }, 
    {
        "date": "2012-09-30", 
        "operating_revenue": 392378, 
        "accumulated_operating_revenue": 2957523, 
        "long_term_average": 328613, 
        "short_term_average": 369426
    }, 
    {
        "date": "2012-10-31", 
        "operating_revenue": 396859, 
        "accumulated_operating_revenue": 3354382, 
        "long_term_average": 335438, 
        "short_term_average": 390917
    }, 
    {
        "date": "2012-11-30", 
        "operating_revenue": 402932, 
        "accumulated_operating_revenue": 3757314, 
        "long_term_average": 341574, 
        "short_term_average": 397389
    }, 
    {
        "date": "2012-12-31", 
        "operating_revenue": 411358, 
        "accumulated_operating_revenue": 4168672, 
        "long_term_average": 347389, 
        "short_term_average": 403716
    }, 
    {
        "accumulated_operating_revenue_yoy": 30.273061798196434, 
        "accumulated_operating_revenue": 412438, 
        "long_term_average": 355376, 
        "date": "2013-01-31", 
        "operating_revenue": 412438, 
        "short_term_average": 408909
    }, 
    {
        "accumulated_operating_revenue_yoy": 22.982721615986744, 
        "accumulated_operating_revenue": 761525, 
        "long_term_average": 359248, 
        "date": "2013-02-28", 
        "operating_revenue": 349087, 
        "short_term_average": 390961
    }, 
    {
        "accumulated_operating_revenue_yoy": 21.987328341204197, 
        "accumulated_operating_revenue": 1122098, 
        "long_term_average": 364243, 
        "date": "2013-03-31", 
        "operating_revenue": 360573, 
        "short_term_average": 374032
    }, 
    {
        "accumulated_operating_revenue_yoy": 26.15781601827655, 
        "accumulated_operating_revenue": 1535164, 
        "long_term_average": 373914, 
        "date": "2013-04-30", 
        "operating_revenue": 413066, 
        "short_term_average": 374242
    }, 
    {
        "accumulated_operating_revenue_yoy": 28.709253004477258, 
        "accumulated_operating_revenue": 1966317, 
        "long_term_average": 383939, 
        "date": "2013-05-31", 
        "operating_revenue": 431153, 
        "short_term_average": 401597
    }, 
    {
        "accumulated_operating_revenue_yoy": 30.339711979442395, 
        "accumulated_operating_revenue": 2410298, 
        "long_term_average": 394143, 
        "date": "2013-06-30", 
        "operating_revenue": 443981, 
        "short_term_average": 429400
    }, 
    {
        "accumulated_operating_revenue_yoy": 30.843451914394283, 
        "accumulated_operating_revenue": 2854520, 
        "long_term_average": 403463, 
        "date": "2013-07-31", 
        "operating_revenue": 444222, 
        "short_term_average": 439785
    }, 
    {
        "accumulated_operating_revenue_yoy": 29.474552120835273, 
        "accumulated_operating_revenue": 3321210, 
        "long_term_average": 410394, 
        "date": "2013-08-31", 
        "operating_revenue": 466690, 
        "short_term_average": 451631
    }, 
    {
        "accumulated_operating_revenue_yoy": 28.053611079271402, 
        "accumulated_operating_revenue": 3787215, 
        "long_term_average": 416530, 
        "date": "2013-09-30", 
        "operating_revenue": 466005, 
        "short_term_average": 458972
    }, 
    {
        "accumulated_operating_revenue_yoy": 27.051868272605805, 
        "accumulated_operating_revenue": 4261805, 
        "long_term_average": 423007, 
        "date": "2013-10-31", 
        "operating_revenue": 474590, 
        "short_term_average": 469095
    }, 
    {
        "accumulated_operating_revenue_yoy": 26.119243693766347, 
        "accumulated_operating_revenue": 4738696, 
        "long_term_average": 429171, 
        "date": "2013-11-30", 
        "operating_revenue": 476891, 
        "short_term_average": 472495
    }, 
    {
        "accumulated_operating_revenue_yoy": 25.27159728565836, 
        "accumulated_operating_revenue": 5222162, 
        "long_term_average": 435180, 
        "date": "2013-12-31", 
        "operating_revenue": 483466, 
        "short_term_average": 478315
    }, 
    {
        "accumulated_operating_revenue_yoy": 15.587797438645323, 
        "accumulated_operating_revenue": 476728, 
        "long_term_average": 440537, 
        "date": "2014-01-31", 
        "operating_revenue": 476728, 
        "short_term_average": 479028
    }, 
    {
        "accumulated_operating_revenue_yoy": 22.714159088670762, 
        "accumulated_operating_revenue": 934499, 
        "long_term_average": 449594, 
        "date": "2014-02-28", 
        "operating_revenue": 457771, 
        "short_term_average": 472655
    }, 
    {
        "accumulated_operating_revenue_yoy": 23.39590659639354, 
        "accumulated_operating_revenue": 1384623, 
        "long_term_average": 457057, 
        "date": "2014-03-31", 
        "operating_revenue": 450124, 
        "short_term_average": 461541
    }, 
    {
        "accumulated_operating_revenue_yoy": 19.851559833346798, 
        "accumulated_operating_revenue": 1839918, 
        "long_term_average": 460576, 
        "date": "2014-04-30", 
        "operating_revenue": 455295, 
        "short_term_average": 454396
    }, 
    {
        "accumulated_operating_revenue_yoy": 17.053811770940293, 
        "accumulated_operating_revenue": 2301649, 
        "long_term_average": 463124, 
        "date": "2014-05-31", 
        "operating_revenue": 461731, 
        "short_term_average": 455716
    }, 
    {
        "accumulated_operating_revenue_yoy": 13.73460874962349, 
        "accumulated_operating_revenue": 2741343, 
        "long_term_average": 462767, 
        "date": "2014-06-30", 
        "operating_revenue": 439694, 
        "short_term_average": 452240
    }, 
    {
        "accumulated_operating_revenue_yoy": 11.78289169457562, 
        "accumulated_operating_revenue": 3190865, 
        "long_term_average": 463208, 
        "date": "2014-07-31", 
        "operating_revenue": 449522, 
        "short_term_average": 450315
    }, 
    {
        "accumulated_operating_revenue_yoy": 9.307872733130395, 
        "accumulated_operating_revenue": 3630344, 
        "long_term_average": 460941, 
        "date": "2014-08-31", 
        "operating_revenue": 439479, 
        "short_term_average": 442898
    }, 
    {
        "accumulated_operating_revenue_yoy": 7.4928146408376595, 
        "accumulated_operating_revenue": 4070984, 
        "long_term_average": 458827, 
        "date": "2014-09-30", 
        "operating_revenue": 440640, 
        "short_term_average": 443213
    }, 
    {
        "accumulated_operating_revenue_yoy": 5.7422617881390625, 
        "accumulated_operating_revenue": 4506529, 
        "long_term_average": 455573, 
        "date": "2014-10-31", 
        "operating_revenue": 435545, 
        "short_term_average": 438554
    }, 
    {
        "accumulated_operating_revenue_yoy": 4.665418503318213, 
        "accumulated_operating_revenue": 4959776, 
        "long_term_average": 453603, 
        "date": "2014-11-30", 
        "operating_revenue": 453247, 
        "short_term_average": 443144
    }, 
    {
        "accumulated_operating_revenue_yoy": 3.6223119849594863, 
        "accumulated_operating_revenue": 5411325, 
        "long_term_average": 450943, 
        "date": "2014-12-31", 
        "operating_revenue": 451549, 
        "short_term_average": 446780
    }, 
    {
        "accumulated_operating_revenue_yoy": -4.667231628937256, 
        "accumulated_operating_revenue": 454478, 
        "long_term_average": 449089, 
        "date": "2015-01-31", 
        "operating_revenue": 454478, 
        "short_term_average": 453091
    }, 
    {
        "accumulated_operating_revenue_yoy": -3.132266594185761, 
        "accumulated_operating_revenue": 905228, 
        "long_term_average": 448504, 
        "date": "2015-02-28", 
        "operating_revenue": 450750, 
        "short_term_average": 452259
    }, 
    {
        "accumulated_operating_revenue_yoy": -2.784368019309227, 
        "accumulated_operating_revenue": 1346070, 
        "long_term_average": 447731, 
        "date": "2015-03-31", 
        "operating_revenue": 440842, 
        "short_term_average": 448690
    }, 
    {
        "accumulated_operating_revenue_yoy": -2.3058092806309847, 
        "accumulated_operating_revenue": 1797493, 
        "long_term_average": 447408, 
        "date": "2015-04-30", 
        "operating_revenue": 451423, 
        "short_term_average": 447671
    }, 
    {
        "accumulated_operating_revenue_yoy": -1.7155960791588987, 
        "accumulated_operating_revenue": 2262162, 
        "long_term_average": 447653, 
        "date": "2015-05-31", 
        "operating_revenue": 464669, 
        "short_term_average": 452311
    }, 
    {
        "accumulated_operating_revenue_yoy": -0.044211906353929444, 
        "accumulated_operating_revenue": 2740131, 
        "long_term_average": 450842, 
        "date": "2015-06-30", 
        "operating_revenue": 477969, 
        "short_term_average": 464687
    }, 
    {
        "accumulated_operating_revenue_yoy": 0.9313462023620555, 
        "accumulated_operating_revenue": 3220583, 
        "long_term_average": 453420, 
        "date": "2015-07-31", 
        "operating_revenue": 480452, 
        "short_term_average": 474363
    }, 
    {
        "accumulated_operating_revenue_yoy": 1.6810252692306844, 
        "accumulated_operating_revenue": 3691371, 
        "long_term_average": 456029, 
        "date": "2015-08-31", 
        "operating_revenue": 470788, 
        "short_term_average": 476403
    }, 
    {
        "accumulated_operating_revenue_yoy": 3.793480888158735, 
        "accumulated_operating_revenue": 4225416, 
        "long_term_average": 463813, 
        "date": "2015-09-30", 
        "operating_revenue": 534045, 
        "short_term_average": 495095
    }, 
    {
        "accumulated_operating_revenue_yoy": 5.881621975582538, 
        "accumulated_operating_revenue": 4771586, 
        "long_term_average": 473031, 
        "date": "2015-10-31", 
        "operating_revenue": 546170, 
        "short_term_average": 517001
    }
]