[
    {
        "date": "2011-09-30", 
        "operating_revenue": 140649, 
        "accumulated_operating_revenue": 140649, 
        "long_term_average": 140649, 
        "short_term_average": 140649
    }, 
    {
        "date": "2011-10-31", 
        "operating_revenue": 82442, 
        "accumulated_operating_revenue": 223091, 
        "long_term_average": 111545, 
        "short_term_average": 111545
    }, 
    {
        "date": "2011-11-30", 
        "operating_revenue": 92900, 
        "accumulated_operating_revenue": 315991, 
        "long_term_average": 105330, 
        "short_term_average": 105330
    }, 
    {
        "date": "2011-12-31", 
        "operating_revenue": 80891, 
        "accumulated_operating_revenue": 396882, 
        "long_term_average": 99220, 
        "short_term_average": 85411
    }, 
    {
        "date": "2012-01-31", 
        "operating_revenue": 52670, 
        "accumulated_operating_revenue": 52670, 
        "long_term_average": 89910, 
        "short_term_average": 75487
    }, 
    {
        "date": "2012-02-29", 
        "operating_revenue": 96389, 
        "accumulated_operating_revenue": 149059, 
        "long_term_average": 90990, 
        "short_term_average": 76650
    }, 
    {
        "date": "2012-03-31", 
        "operating_revenue": 102945, 
        "accumulated_operating_revenue": 252004, 
        "long_term_average": 92698, 
        "short_term_average": 84001
    }, 
    {
        "date": "2012-04-30", 
        "operating_revenue": 101975, 
        "accumulated_operating_revenue": 353979, 
        "long_term_average": 93857, 
        "short_term_average": 100436
    }, 
    {
        "date": "2012-05-31", 
        "operating_revenue": 140907, 
        "accumulated_operating_revenue": 494886, 
        "long_term_average": 99085, 
        "short_term_average": 115275
    }, 
    {
        "date": "2012-06-30", 
        "operating_revenue": 112721, 
        "accumulated_operating_revenue": 607607, 
        "long_term_average": 100448, 
        "short_term_average": 118534
    }, 
    {
        "date": "2012-07-31", 
        "operating_revenue": 158440, 
        "accumulated_operating_revenue": 766047, 
        "long_term_average": 105720, 
        "short_term_average": 137356
    }, 
    {
        "date": "2012-08-31", 
        "operating_revenue": 234331, 
        "accumulated_operating_revenue": 1000378, 
        "long_term_average": 116438, 
        "short_term_average": 168497
    }, 
    {
        "accumulated_operating_revenue_yoy": 728.4786951915762, 
        "accumulated_operating_revenue": 1165247, 
        "long_term_average": 118456, 
        "date": "2012-09-30", 
        "operating_revenue": 164869, 
        "short_term_average": 185880
    }, 
    {
        "accumulated_operating_revenue_yoy": 469.72087623436175, 
        "accumulated_operating_revenue": 1270996, 
        "long_term_average": 120398, 
        "date": "2012-10-31", 
        "operating_revenue": 105749, 
        "short_term_average": 168316
    }, 
    {
        "accumulated_operating_revenue_yoy": 353.6698830029969, 
        "accumulated_operating_revenue": 1433556, 
        "long_term_average": 126203, 
        "date": "2012-11-30", 
        "operating_revenue": 162560, 
        "short_term_average": 144392
    }, 
    {
        "accumulated_operating_revenue_yoy": 299.479694216417, 
        "accumulated_operating_revenue": 1585463, 
        "long_term_average": 132121, 
        "date": "2012-12-31", 
        "operating_revenue": 151907, 
        "short_term_average": 140072
    }, 
    {
        "accumulated_operating_revenue_yoy": 283.34915511676473, 
        "accumulated_operating_revenue": 201910, 
        "long_term_average": 144558, 
        "date": "2013-01-31", 
        "operating_revenue": 201910, 
        "short_term_average": 172125
    }, 
    {
        "accumulated_operating_revenue_yoy": 137.13831435874386, 
        "accumulated_operating_revenue": 353476, 
        "long_term_average": 149156, 
        "date": "2013-02-28", 
        "operating_revenue": 151566, 
        "short_term_average": 168461
    }, 
    {
        "accumulated_operating_revenue_yoy": 124.60714909287154, 
        "accumulated_operating_revenue": 566019, 
        "long_term_average": 158289, 
        "date": "2013-03-31", 
        "operating_revenue": 212543, 
        "short_term_average": 188673
    }, 
    {
        "accumulated_operating_revenue_yoy": 101.50121899886717, 
        "accumulated_operating_revenue": 713272, 
        "long_term_average": 162063, 
        "date": "2013-04-30", 
        "operating_revenue": 147253, 
        "short_term_average": 170454
    }, 
    {
        "accumulated_operating_revenue_yoy": 72.51387188160506, 
        "accumulated_operating_revenue": 853747, 
        "long_term_average": 162027, 
        "date": "2013-05-31", 
        "operating_revenue": 140475, 
        "short_term_average": 166757
    }, 
    {
        "accumulated_operating_revenue_yoy": 57.68054021760777, 
        "accumulated_operating_revenue": 958078, 
        "long_term_average": 161327, 
        "date": "2013-06-30", 
        "operating_revenue": 104331, 
        "short_term_average": 130686
    }, 
    {
        "accumulated_operating_revenue_yoy": 51.43574741497584, 
        "accumulated_operating_revenue": 1160069, 
        "long_term_average": 164957, 
        "date": "2013-07-31", 
        "operating_revenue": 201991, 
        "short_term_average": 148932
    }, 
    {
        "accumulated_operating_revenue_yoy": 39.37921465685971, 
        "accumulated_operating_revenue": 1394319, 
        "long_term_average": 164950, 
        "date": "2013-08-31", 
        "operating_revenue": 234250, 
        "short_term_average": 180190
    }, 
    {
        "accumulated_operating_revenue_yoy": 35.31809135745468, 
        "accumulated_operating_revenue": 1576790, 
        "long_term_average": 166417, 
        "date": "2013-09-30", 
        "operating_revenue": 182471, 
        "short_term_average": 206237
    }, 
    {
        "accumulated_operating_revenue_yoy": 34.99428794425789, 
        "accumulated_operating_revenue": 1715772, 
        "long_term_average": 169186, 
        "date": "2013-10-31", 
        "operating_revenue": 138982, 
        "short_term_average": 185234
    }, 
    {
        "accumulated_operating_revenue_yoy": 29.536620822625693, 
        "accumulated_operating_revenue": 1856980, 
        "long_term_average": 167407, 
        "date": "2013-11-30", 
        "operating_revenue": 141208, 
        "short_term_average": 154220
    }, 
    {
        "accumulated_operating_revenue_yoy": 25.68479996064241, 
        "accumulated_operating_revenue": 1992686, 
        "long_term_average": 166057, 
        "date": "2013-12-31", 
        "operating_revenue": 135706, 
        "short_term_average": 138632
    }, 
    {
        "accumulated_operating_revenue_yoy": -37.753454509434896, 
        "accumulated_operating_revenue": 125682, 
        "long_term_average": 159704, 
        "date": "2014-01-31", 
        "operating_revenue": 125682, 
        "short_term_average": 134198
    }, 
    {
        "accumulated_operating_revenue_yoy": -34.874786406997934, 
        "accumulated_operating_revenue": 230202, 
        "long_term_average": 155784, 
        "date": "2014-02-28", 
        "operating_revenue": 104520, 
        "short_term_average": 121969
    }, 
    {
        "accumulated_operating_revenue_yoy": -34.93946316289736, 
        "accumulated_operating_revenue": 368255, 
        "long_term_average": 149576, 
        "date": "2014-03-31", 
        "operating_revenue": 138053, 
        "short_term_average": 122751
    }, 
    {
        "accumulated_operating_revenue_yoy": -30.87153287946253, 
        "accumulated_operating_revenue": 493074, 
        "long_term_average": 147707, 
        "date": "2014-04-30", 
        "operating_revenue": 124819, 
        "short_term_average": 122464
    }, 
    {
        "accumulated_operating_revenue_yoy": -25.96799754494013, 
        "accumulated_operating_revenue": 632046, 
        "long_term_average": 147582, 
        "date": "2014-05-31", 
        "operating_revenue": 138972, 
        "short_term_average": 133948
    }, 
    {
        "accumulated_operating_revenue_yoy": -18.144242953078976, 
        "accumulated_operating_revenue": 784242, 
        "long_term_average": 151570, 
        "date": "2014-06-30", 
        "operating_revenue": 152196, 
        "short_term_average": 138662
    }, 
    {
        "accumulated_operating_revenue_yoy": -16.071630221995417, 
        "accumulated_operating_revenue": 973627, 
        "long_term_average": 150520, 
        "date": "2014-07-31", 
        "operating_revenue": 189385, 
        "short_term_average": 160184
    }, 
    {
        "accumulated_operating_revenue_yoy": -12.92121817173832, 
        "accumulated_operating_revenue": 1214156, 
        "long_term_average": 151043, 
        "date": "2014-08-31", 
        "operating_revenue": 240529, 
        "short_term_average": 194036
    }, 
    {
        "accumulated_operating_revenue_yoy": -9.690066527565497, 
        "accumulated_operating_revenue": 1423998, 
        "long_term_average": 153324, 
        "date": "2014-09-30", 
        "operating_revenue": 209842, 
        "short_term_average": 213252
    }, 
    {
        "accumulated_operating_revenue_yoy": -8.10130949799857, 
        "accumulated_operating_revenue": 1576772, 
        "long_term_average": 154473, 
        "date": "2014-10-31", 
        "operating_revenue": 152774, 
        "short_term_average": 201048
    }, 
    {
        "accumulated_operating_revenue_yoy": -6.890811963510646, 
        "accumulated_operating_revenue": 1729019, 
        "long_term_average": 155393, 
        "date": "2014-11-30", 
        "operating_revenue": 152247, 
        "short_term_average": 171621
    }, 
    {
        "accumulated_operating_revenue_yoy": -6.353233775918533, 
        "accumulated_operating_revenue": 1866086, 
        "long_term_average": 155507, 
        "date": "2014-12-31", 
        "operating_revenue": 137067, 
        "short_term_average": 147362
    }, 
    {
        "accumulated_operating_revenue_yoy": 37.02041660699225, 
        "accumulated_operating_revenue": 172210, 
        "long_term_average": 159384, 
        "date": "2015-01-31", 
        "operating_revenue": 172210, 
        "short_term_average": 153841
    }, 
    {
        "accumulated_operating_revenue_yoy": 30.433706049469595, 
        "accumulated_operating_revenue": 300261, 
        "long_term_average": 161345, 
        "date": "2015-02-28", 
        "operating_revenue": 128051, 
        "short_term_average": 145776
    }, 
    {
        "accumulated_operating_revenue_yoy": 28.32683873946043, 
        "accumulated_operating_revenue": 472570, 
        "long_term_average": 164200, 
        "date": "2015-03-31", 
        "operating_revenue": 172309, 
        "short_term_average": 157523
    }, 
    {
        "accumulated_operating_revenue_yoy": 87.76248595545496, 
        "accumulated_operating_revenue": 925808, 
        "long_term_average": 191568, 
        "date": "2015-04-30", 
        "operating_revenue": 453238, 
        "short_term_average": 251199
    }, 
    {
        "accumulated_operating_revenue_yoy": 107.1857111665923, 
        "accumulated_operating_revenue": 1309509, 
        "long_term_average": 211962, 
        "date": "2015-05-31", 
        "operating_revenue": 383701, 
        "short_term_average": 336416
    }, 
    {
        "accumulated_operating_revenue_yoy": 119.45330650487986, 
        "accumulated_operating_revenue": 1721045, 
        "long_term_average": 233574, 
        "date": "2015-06-30", 
        "operating_revenue": 411536, 
        "short_term_average": 416158
    }, 
    {
        "accumulated_operating_revenue_yoy": 123.77748357430517, 
        "accumulated_operating_revenue": 2178758, 
        "long_term_average": 255934, 
        "date": "2015-07-31", 
        "operating_revenue": 457713, 
        "short_term_average": 417650
    }, 
    {
        "accumulated_operating_revenue_yoy": 117.66980519801409, 
        "accumulated_operating_revenue": 2642851, 
        "long_term_average": 274565, 
        "date": "2015-08-31", 
        "operating_revenue": 464093, 
        "short_term_average": 444447
    }
]