[
    {
        "date": "2012-01-31", 
        "operating_revenue": 150646, 
        "accumulated_operating_revenue": 150646, 
        "long_term_average": 150646, 
        "short_term_average": 150646
    }, 
    {
        "date": "2012-02-29", 
        "operating_revenue": 163581, 
        "accumulated_operating_revenue": 314227, 
        "long_term_average": 157113, 
        "short_term_average": 157113
    }, 
    {
        "date": "2012-03-31", 
        "operating_revenue": 166594, 
        "accumulated_operating_revenue": 480821, 
        "long_term_average": 160273, 
        "short_term_average": 160273
    }, 
    {
        "date": "2012-04-30", 
        "operating_revenue": 182184, 
        "accumulated_operating_revenue": 663005, 
        "long_term_average": 165751, 
        "short_term_average": 170786
    }, 
    {
        "date": "2012-05-31", 
        "operating_revenue": 162993, 
        "accumulated_operating_revenue": 825998, 
        "long_term_average": 165199, 
        "short_term_average": 170590
    }, 
    {
        "date": "2012-06-30", 
        "operating_revenue": 153674, 
        "accumulated_operating_revenue": 979672, 
        "long_term_average": 163278, 
        "short_term_average": 166283
    }, 
    {
        "date": "2012-07-31", 
        "operating_revenue": 154300, 
        "accumulated_operating_revenue": 1133972, 
        "long_term_average": 161996, 
        "short_term_average": 156989
    }, 
    {
        "date": "2012-08-31", 
        "operating_revenue": 174899, 
        "accumulated_operating_revenue": 1308871, 
        "long_term_average": 163608, 
        "short_term_average": 160957
    }, 
    {
        "date": "2012-09-30", 
        "operating_revenue": 176338, 
        "accumulated_operating_revenue": 1485209, 
        "long_term_average": 165023, 
        "short_term_average": 168512
    }, 
    {
        "date": "2012-10-31", 
        "operating_revenue": 170564, 
        "accumulated_operating_revenue": 1655773, 
        "long_term_average": 165577, 
        "short_term_average": 173933
    }, 
    {
        "date": "2012-11-30", 
        "operating_revenue": 167339, 
        "accumulated_operating_revenue": 1823112, 
        "long_term_average": 165737, 
        "short_term_average": 171413
    }, 
    {
        "date": "2012-12-31", 
        "operating_revenue": 170513, 
        "accumulated_operating_revenue": 1993625, 
        "long_term_average": 166135, 
        "short_term_average": 169472
    }, 
    {
        "accumulated_operating_revenue_yoy": 18.284587708933525, 
        "accumulated_operating_revenue": 178191, 
        "long_term_average": 168430, 
        "date": "2013-01-31", 
        "operating_revenue": 178191, 
        "short_term_average": 172014
    }, 
    {
        "accumulated_operating_revenue_yoy": -5.7086119270463715, 
        "accumulated_operating_revenue": 296289, 
        "long_term_average": 164640, 
        "date": "2013-02-28", 
        "operating_revenue": 118098, 
        "short_term_average": 155600
    }, 
    {
        "accumulated_operating_revenue_yoy": -9.06574380070754, 
        "accumulated_operating_revenue": 437231, 
        "long_term_average": 162502, 
        "date": "2013-03-31", 
        "operating_revenue": 140942, 
        "short_term_average": 145743
    }, 
    {
        "accumulated_operating_revenue_yoy": -14.39747814873191, 
        "accumulated_operating_revenue": 567549, 
        "long_term_average": 158180, 
        "date": "2013-04-30", 
        "operating_revenue": 130318, 
        "short_term_average": 129786
    }, 
    {
        "accumulated_operating_revenue_yoy": -14.288049123605626, 
        "accumulated_operating_revenue": 707979, 
        "long_term_average": 156300, 
        "date": "2013-05-31", 
        "operating_revenue": 140430, 
        "short_term_average": 137230
    }, 
    {
        "accumulated_operating_revenue_yoy": -12.485403277831765, 
        "accumulated_operating_revenue": 857356, 
        "long_term_average": 155942, 
        "date": "2013-06-30", 
        "operating_revenue": 149377, 
        "short_term_average": 140041
    }, 
    {
        "accumulated_operating_revenue_yoy": -10.922403727781639, 
        "accumulated_operating_revenue": 1010115, 
        "long_term_average": 155814, 
        "date": "2013-07-31", 
        "operating_revenue": 152759, 
        "short_term_average": 147522
    }, 
    {
        "accumulated_operating_revenue_yoy": -11.346954741911158, 
        "accumulated_operating_revenue": 1160354, 
        "long_term_average": 153759, 
        "date": "2013-08-31", 
        "operating_revenue": 150239, 
        "short_term_average": 150791
    }, 
    {
        "accumulated_operating_revenue_yoy": -10.769595390278406, 
        "accumulated_operating_revenue": 1325258, 
        "long_term_average": 152806, 
        "date": "2013-09-30", 
        "operating_revenue": 164904, 
        "short_term_average": 155967
    }, 
    {
        "accumulated_operating_revenue_yoy": -10.413927513010538, 
        "accumulated_operating_revenue": 1483342, 
        "long_term_average": 151766, 
        "date": "2013-10-31", 
        "operating_revenue": 158084, 
        "short_term_average": 157742
    }, 
    {
        "accumulated_operating_revenue_yoy": -9.464805234127141, 
        "accumulated_operating_revenue": 1650558, 
        "long_term_average": 151755, 
        "date": "2013-11-30", 
        "operating_revenue": 167216, 
        "short_term_average": 163401
    }, 
    {
        "accumulated_operating_revenue_yoy": -8.788312746880681, 
        "accumulated_operating_revenue": 1818419, 
        "long_term_average": 151534, 
        "date": "2013-12-31", 
        "operating_revenue": 167861, 
        "short_term_average": 164387
    }, 
    {
        "accumulated_operating_revenue_yoy": 4.247689277236224, 
        "accumulated_operating_revenue": 185760, 
        "long_term_average": 152165, 
        "date": "2014-01-31", 
        "operating_revenue": 185760, 
        "short_term_average": 173612
    }, 
    {
        "accumulated_operating_revenue_yoy": 16.929754395201982, 
        "accumulated_operating_revenue": 346450, 
        "long_term_average": 155715, 
        "date": "2014-02-28", 
        "operating_revenue": 160690, 
        "short_term_average": 171437
    }, 
    {
        "accumulated_operating_revenue_yoy": 19.897948681589366, 
        "accumulated_operating_revenue": 524231, 
        "long_term_average": 158784, 
        "date": "2014-03-31", 
        "operating_revenue": 177781, 
        "short_term_average": 174743
    }, 
    {
        "accumulated_operating_revenue_yoy": 27.486261098160686, 
        "accumulated_operating_revenue": 723547, 
        "long_term_average": 164534, 
        "date": "2014-04-30", 
        "operating_revenue": 199316, 
        "short_term_average": 179262
    }, 
    {
        "accumulated_operating_revenue_yoy": 24.663019665837545, 
        "accumulated_operating_revenue": 882588, 
        "long_term_average": 166085, 
        "date": "2014-05-31", 
        "operating_revenue": 159041, 
        "short_term_average": 178712
    }, 
    {
        "accumulated_operating_revenue_yoy": 23.111169689137302, 
        "accumulated_operating_revenue": 1055501, 
        "long_term_average": 168047, 
        "date": "2014-06-30", 
        "operating_revenue": 172913, 
        "short_term_average": 177090
    }, 
    {
        "accumulated_operating_revenue_yoy": 22.150646213549944, 
        "accumulated_operating_revenue": 1233862, 
        "long_term_average": 170180, 
        "date": "2014-07-31", 
        "operating_revenue": 178361, 
        "short_term_average": 170105
    }, 
    {
        "accumulated_operating_revenue_yoy": 22.06714502643159, 
        "accumulated_operating_revenue": 1416411, 
        "long_term_average": 172873, 
        "date": "2014-08-31", 
        "operating_revenue": 182549, 
        "short_term_average": 177941
    }, 
    {
        "accumulated_operating_revenue_yoy": 22.422350968641577, 
        "accumulated_operating_revenue": 1622412, 
        "long_term_average": 176297, 
        "date": "2014-09-30", 
        "operating_revenue": 206001, 
        "short_term_average": 188970
    }, 
    {
        "accumulated_operating_revenue_yoy": 22.475464188299124, 
        "accumulated_operating_revenue": 1816730, 
        "long_term_average": 179317, 
        "date": "2014-10-31", 
        "operating_revenue": 194318, 
        "short_term_average": 194289
    }, 
    {
        "accumulated_operating_revenue_yoy": 22.559279952597848, 
        "accumulated_operating_revenue": 2022912, 
        "long_term_average": 182564, 
        "date": "2014-11-30", 
        "operating_revenue": 206182, 
        "short_term_average": 202167
    }, 
    {
        "accumulated_operating_revenue_yoy": 23.05453253623065, 
        "accumulated_operating_revenue": 2237647, 
        "long_term_average": 186470, 
        "date": "2014-12-31", 
        "operating_revenue": 214735, 
        "short_term_average": 205078
    }, 
    {
        "accumulated_operating_revenue_yoy": -0.32245908699397074, 
        "accumulated_operating_revenue": 185161, 
        "long_term_average": 186420, 
        "date": "2015-01-31", 
        "operating_revenue": 185161, 
        "short_term_average": 202026
    }, 
    {
        "accumulated_operating_revenue_yoy": -6.066676288064656, 
        "accumulated_operating_revenue": 325432, 
        "long_term_average": 184719, 
        "date": "2015-02-28", 
        "operating_revenue": 140271, 
        "short_term_average": 180055
    }, 
    {
        "accumulated_operating_revenue_yoy": 2.24729174734039, 
        "accumulated_operating_revenue": 536012, 
        "long_term_average": 187452, 
        "date": "2015-03-31", 
        "operating_revenue": 210580, 
        "short_term_average": 178670
    }, 
    {
        "accumulated_operating_revenue_yoy": 3.6477243358067963, 
        "accumulated_operating_revenue": 749940, 
        "long_term_average": 188670, 
        "date": "2015-04-30", 
        "operating_revenue": 213928, 
        "short_term_average": 188259
    }, 
    {
        "accumulated_operating_revenue_yoy": 4.946928804833059, 
        "accumulated_operating_revenue": 926249, 
        "long_term_average": 190109, 
        "date": "2015-05-31", 
        "operating_revenue": 176309, 
        "short_term_average": 200272
    }, 
    {
        "accumulated_operating_revenue_yoy": 8.686775284912093, 
        "accumulated_operating_revenue": 1147190, 
        "long_term_average": 194111, 
        "date": "2015-06-30", 
        "operating_revenue": 220941, 
        "short_term_average": 203726
    }, 
    {
        "accumulated_operating_revenue_yoy": 9.065276343707804, 
        "accumulated_operating_revenue": 1345715, 
        "long_term_average": 195791, 
        "date": "2015-07-31", 
        "operating_revenue": 198525, 
        "short_term_average": 198591
    }, 
    {
        "accumulated_operating_revenue_yoy": 8.50169901250414, 
        "accumulated_operating_revenue": 1536830, 
        "long_term_average": 196505, 
        "date": "2015-08-31", 
        "operating_revenue": 191115, 
        "short_term_average": 203527
    }, 
    {
        "accumulated_operating_revenue_yoy": 7.310350268612412, 
        "accumulated_operating_revenue": 1741016, 
        "long_term_average": 196354, 
        "date": "2015-09-30", 
        "operating_revenue": 204186, 
        "short_term_average": 197942
    }
]