[
    {
        "date": "2011-09-30", 
        "operating_revenue": 320446, 
        "accumulated_operating_revenue": 320446, 
        "long_term_average": 320446, 
        "short_term_average": 320446
    }, 
    {
        "date": "2011-10-31", 
        "operating_revenue": 300183, 
        "accumulated_operating_revenue": 620629, 
        "long_term_average": 310314, 
        "short_term_average": 310314
    }, 
    {
        "date": "2011-11-30", 
        "operating_revenue": 307466, 
        "accumulated_operating_revenue": 928095, 
        "long_term_average": 309365, 
        "short_term_average": 309365
    }, 
    {
        "date": "2011-12-31", 
        "operating_revenue": 247818, 
        "accumulated_operating_revenue": 1175913, 
        "long_term_average": 293978, 
        "short_term_average": 285155
    }, 
    {
        "date": "2012-01-31", 
        "operating_revenue": 197709, 
        "accumulated_operating_revenue": 197709, 
        "long_term_average": 274724, 
        "short_term_average": 250997
    }, 
    {
        "date": "2012-02-29", 
        "operating_revenue": 243143, 
        "accumulated_operating_revenue": 440852, 
        "long_term_average": 269460, 
        "short_term_average": 229556
    }, 
    {
        "date": "2012-03-31", 
        "operating_revenue": 318407, 
        "accumulated_operating_revenue": 759259, 
        "long_term_average": 276453, 
        "short_term_average": 253086
    }, 
    {
        "date": "2012-04-30", 
        "operating_revenue": 323056, 
        "accumulated_operating_revenue": 1082315, 
        "long_term_average": 282278, 
        "short_term_average": 294868
    }, 
    {
        "date": "2012-05-31", 
        "operating_revenue": 364586, 
        "accumulated_operating_revenue": 1446901, 
        "long_term_average": 291423, 
        "short_term_average": 335349
    }, 
    {
        "date": "2012-06-30", 
        "operating_revenue": 330152, 
        "accumulated_operating_revenue": 1777053, 
        "long_term_average": 295296, 
        "short_term_average": 339264
    }, 
    {
        "date": "2012-07-31", 
        "operating_revenue": 301129, 
        "accumulated_operating_revenue": 2078182, 
        "long_term_average": 295826, 
        "short_term_average": 331955
    }, 
    {
        "date": "2012-08-31", 
        "operating_revenue": 275158, 
        "accumulated_operating_revenue": 2353340, 
        "long_term_average": 294104, 
        "short_term_average": 302146
    }, 
    {
        "accumulated_operating_revenue_yoy": 723.3752332686319, 
        "accumulated_operating_revenue": 2638473, 
        "long_term_average": 291161, 
        "date": "2012-09-30", 
        "operating_revenue": 285133, 
        "short_term_average": 287140
    }, 
    {
        "accumulated_operating_revenue_yoy": 381.31717982885107, 
        "accumulated_operating_revenue": 2987194, 
        "long_term_average": 295206, 
        "date": "2012-10-31", 
        "operating_revenue": 348721, 
        "short_term_average": 303004
    }, 
    {
        "accumulated_operating_revenue_yoy": 254.46737672328803, 
        "accumulated_operating_revenue": 3289794, 
        "long_term_average": 294801, 
        "date": "2012-11-30", 
        "operating_revenue": 302600, 
        "short_term_average": 312151
    }, 
    {
        "accumulated_operating_revenue_yoy": 198.88257039423834, 
        "accumulated_operating_revenue": 3514599, 
        "long_term_average": 292883, 
        "date": "2012-12-31", 
        "operating_revenue": 224805, 
        "short_term_average": 292042
    }, 
    {
        "accumulated_operating_revenue_yoy": 51.25765645468846, 
        "accumulated_operating_revenue": 299050, 
        "long_term_average": 301328, 
        "date": "2013-01-31", 
        "operating_revenue": 299050, 
        "short_term_average": 275485
    }, 
    {
        "accumulated_operating_revenue_yoy": 18.021013854989885, 
        "accumulated_operating_revenue": 520298, 
        "long_term_average": 299503, 
        "date": "2013-02-28", 
        "operating_revenue": 221248, 
        "short_term_average": 248367
    }, 
    {
        "accumulated_operating_revenue_yoy": 3.747732987030776, 
        "accumulated_operating_revenue": 787714, 
        "long_term_average": 295254, 
        "date": "2013-03-31", 
        "operating_revenue": 267416, 
        "short_term_average": 262571
    }, 
    {
        "accumulated_operating_revenue_yoy": -7.764190646900395, 
        "accumulated_operating_revenue": 998282, 
        "long_term_average": 285880, 
        "date": "2013-04-30", 
        "operating_revenue": 210568, 
        "short_term_average": 233077
    }, 
    {
        "accumulated_operating_revenue_yoy": -13.913875240945995, 
        "accumulated_operating_revenue": 1245581, 
        "long_term_average": 276106, 
        "date": "2013-05-31", 
        "operating_revenue": 247299, 
        "short_term_average": 241761
    }, 
    {
        "accumulated_operating_revenue_yoy": -18.137106771716994, 
        "accumulated_operating_revenue": 1454747, 
        "long_term_average": 266024, 
        "date": "2013-06-30", 
        "operating_revenue": 209166, 
        "short_term_average": 222344
    }, 
    {
        "accumulated_operating_revenue_yoy": -19.07484522529788, 
        "accumulated_operating_revenue": 1681772, 
        "long_term_average": 259849, 
        "date": "2013-07-31", 
        "operating_revenue": 227025, 
        "short_term_average": 227830
    }, 
    {
        "accumulated_operating_revenue_yoy": -22.109682408831702, 
        "accumulated_operating_revenue": 1833024, 
        "long_term_average": 249523, 
        "date": "2013-08-31", 
        "operating_revenue": 151252, 
        "short_term_average": 195814
    }, 
    {
        "accumulated_operating_revenue_yoy": -23.809226018231, 
        "accumulated_operating_revenue": 2010273, 
        "long_term_average": 240533, 
        "date": "2013-09-30", 
        "operating_revenue": 177249, 
        "short_term_average": 185175
    }, 
    {
        "accumulated_operating_revenue_yoy": -26.37485211874421, 
        "accumulated_operating_revenue": 2199326, 
        "long_term_average": 227227, 
        "date": "2013-10-31", 
        "operating_revenue": 189053, 
        "short_term_average": 172518
    }, 
    {
        "accumulated_operating_revenue_yoy": -26.271128222618195, 
        "accumulated_operating_revenue": 2425528, 
        "long_term_average": 220861, 
        "date": "2013-11-30", 
        "operating_revenue": 226202, 
        "short_term_average": 197501
    }, 
    {
        "accumulated_operating_revenue_yoy": -24.510648298710606, 
        "accumulated_operating_revenue": 2653148, 
        "long_term_average": 221095, 
        "date": "2013-12-31", 
        "operating_revenue": 227620, 
        "short_term_average": 214291
    }, 
    {
        "accumulated_operating_revenue_yoy": -32.625313492726974, 
        "accumulated_operating_revenue": 201484, 
        "long_term_average": 212965, 
        "date": "2014-01-31", 
        "operating_revenue": 201484, 
        "short_term_average": 218435
    }, 
    {
        "accumulated_operating_revenue_yoy": -36.21982017997378, 
        "accumulated_operating_revenue": 331847, 
        "long_term_average": 205391, 
        "date": "2014-02-28", 
        "operating_revenue": 130363, 
        "short_term_average": 186489
    }, 
    {
        "accumulated_operating_revenue_yoy": -30.440489822448246, 
        "accumulated_operating_revenue": 547930, 
        "long_term_average": 201113, 
        "date": "2014-03-31", 
        "operating_revenue": 216083, 
        "short_term_average": 182643
    }, 
    {
        "accumulated_operating_revenue_yoy": -24.85199572866184, 
        "accumulated_operating_revenue": 750189, 
        "long_term_average": 200421, 
        "date": "2014-04-30", 
        "operating_revenue": 202259, 
        "short_term_average": 182901
    }, 
    {
        "accumulated_operating_revenue_yoy": -21.017741921239967, 
        "accumulated_operating_revenue": 983788, 
        "long_term_average": 199279, 
        "date": "2014-05-31", 
        "operating_revenue": 233599, 
        "short_term_average": 217313
    }, 
    {
        "accumulated_operating_revenue_yoy": -18.02505865281042, 
        "accumulated_operating_revenue": 1192528, 
        "long_term_average": 199244, 
        "date": "2014-06-30", 
        "operating_revenue": 208740, 
        "short_term_average": 214866
    }, 
    {
        "accumulated_operating_revenue_yoy": -14.166248456984656, 
        "accumulated_operating_revenue": 1443528, 
        "long_term_average": 201242, 
        "date": "2014-07-31", 
        "operating_revenue": 251000, 
        "short_term_average": 231113
    }, 
    {
        "accumulated_operating_revenue_yoy": -7.347748856534339, 
        "accumulated_operating_revenue": 1698338, 
        "long_term_average": 209871, 
        "date": "2014-08-31", 
        "operating_revenue": 254810, 
        "short_term_average": 238183
    }, 
    {
        "accumulated_operating_revenue_yoy": -4.537443421863598, 
        "accumulated_operating_revenue": 1919058, 
        "long_term_average": 213494, 
        "date": "2014-09-30", 
        "operating_revenue": 220720, 
        "short_term_average": 242176
    }, 
    {
        "accumulated_operating_revenue_yoy": -3.2186679009842107, 
        "accumulated_operating_revenue": 2128537, 
        "long_term_average": 215196, 
        "date": "2014-10-31", 
        "operating_revenue": 209479, 
        "short_term_average": 228336
    }, 
    {
        "accumulated_operating_revenue_yoy": -1.6925799248658435, 
        "accumulated_operating_revenue": 2384474, 
        "long_term_average": 217674, 
        "date": "2014-11-30", 
        "operating_revenue": 255937, 
        "short_term_average": 228712
    }, 
    {
        "accumulated_operating_revenue_yoy": -0.6209981501220437, 
        "accumulated_operating_revenue": 2636672, 
        "long_term_average": 219722, 
        "date": "2014-12-31", 
        "operating_revenue": 252198, 
        "short_term_average": 239204
    }, 
    {
        "accumulated_operating_revenue_yoy": 16.05586547815211, 
        "accumulated_operating_revenue": 233834, 
        "long_term_average": 222418, 
        "date": "2015-01-31", 
        "operating_revenue": 233834, 
        "short_term_average": 247323
    }, 
    {
        "accumulated_operating_revenue_yoy": 12.78299939429918, 
        "accumulated_operating_revenue": 374267, 
        "long_term_average": 223257, 
        "date": "2015-02-28", 
        "operating_revenue": 140433, 
        "short_term_average": 208821
    }, 
    {
        "accumulated_operating_revenue_yoy": 0.7280127023524903, 
        "accumulated_operating_revenue": 551919, 
        "long_term_average": 220055, 
        "date": "2015-03-31", 
        "operating_revenue": 177652, 
        "short_term_average": 183973
    }, 
    {
        "accumulated_operating_revenue_yoy": -0.22127757138534423, 
        "accumulated_operating_revenue": 748529, 
        "long_term_average": 219584, 
        "date": "2015-04-30", 
        "operating_revenue": 196610, 
        "short_term_average": 171565
    }, 
    {
        "accumulated_operating_revenue_yoy": -8.118923995820237, 
        "accumulated_operating_revenue": 903915, 
        "long_term_average": 213066, 
        "date": "2015-05-31", 
        "operating_revenue": 155386, 
        "short_term_average": 176549
    }, 
    {
        "accumulated_operating_revenue_yoy": -9.581745669703352, 
        "accumulated_operating_revenue": 1078263, 
        "long_term_average": 210200, 
        "date": "2015-06-30", 
        "operating_revenue": 174348, 
        "short_term_average": 175448
    }, 
    {
        "accumulated_operating_revenue_yoy": -13.505106932459917, 
        "accumulated_operating_revenue": 1248578, 
        "long_term_average": 203476, 
        "date": "2015-07-31", 
        "operating_revenue": 170315, 
        "short_term_average": 166683
    }, 
    {
        "accumulated_operating_revenue_yoy": -15.253677418747033, 
        "accumulated_operating_revenue": 1439279, 
        "long_term_average": 198134, 
        "date": "2015-08-31", 
        "operating_revenue": 190701, 
        "short_term_average": 178454
    }, 
    {
        "accumulated_operating_revenue_yoy": -12.496443567625366, 
        "accumulated_operating_revenue": 1679244, 
        "long_term_average": 199738, 
        "date": "2015-09-30", 
        "operating_revenue": 239965, 
        "short_term_average": 200327
    }
]