[
    {
        "date": "2012-01-31", 
        "operating_revenue": 33366, 
        "accumulated_operating_revenue": 33366, 
        "long_term_average": 33366, 
        "short_term_average": 33366
    }, 
    {
        "date": "2012-02-29", 
        "operating_revenue": 35308, 
        "accumulated_operating_revenue": 68674, 
        "long_term_average": 34337, 
        "short_term_average": 34337
    }, 
    {
        "date": "2012-03-31", 
        "operating_revenue": 34600, 
        "accumulated_operating_revenue": 103274, 
        "long_term_average": 34424, 
        "short_term_average": 34424
    }, 
    {
        "date": "2012-04-30", 
        "operating_revenue": 35394, 
        "accumulated_operating_revenue": 138668, 
        "long_term_average": 34667, 
        "short_term_average": 35100
    }, 
    {
        "date": "2012-05-31", 
        "operating_revenue": 28534, 
        "accumulated_operating_revenue": 167202, 
        "long_term_average": 33440, 
        "short_term_average": 32842
    }, 
    {
        "date": "2012-06-30", 
        "operating_revenue": 39047, 
        "accumulated_operating_revenue": 206249, 
        "long_term_average": 34374, 
        "short_term_average": 34325
    }, 
    {
        "date": "2012-07-31", 
        "operating_revenue": 32906, 
        "accumulated_operating_revenue": 239155, 
        "long_term_average": 34165, 
        "short_term_average": 33495
    }, 
    {
        "date": "2012-08-31", 
        "operating_revenue": 42558, 
        "accumulated_operating_revenue": 281713, 
        "long_term_average": 35214, 
        "short_term_average": 38170
    }, 
    {
        "date": "2012-09-30", 
        "operating_revenue": 47376, 
        "accumulated_operating_revenue": 329089, 
        "long_term_average": 36565, 
        "short_term_average": 40946
    }, 
    {
        "date": "2012-10-31", 
        "operating_revenue": 40995, 
        "accumulated_operating_revenue": 370084, 
        "long_term_average": 37008, 
        "short_term_average": 43643
    }, 
    {
        "date": "2012-11-30", 
        "operating_revenue": 39629, 
        "accumulated_operating_revenue": 409713, 
        "long_term_average": 37246, 
        "short_term_average": 42666
    }, 
    {
        "date": "2012-12-31", 
        "operating_revenue": 31931, 
        "accumulated_operating_revenue": 441644, 
        "long_term_average": 36803, 
        "short_term_average": 37518
    }, 
    {
        "accumulated_operating_revenue_yoy": 8.026134388299466, 
        "accumulated_operating_revenue": 36044, 
        "long_term_average": 37026, 
        "date": "2013-01-31", 
        "operating_revenue": 36044, 
        "short_term_average": 35868
    }, 
    {
        "accumulated_operating_revenue_yoy": 23.767364650377143, 
        "accumulated_operating_revenue": 84996, 
        "long_term_average": 38163, 
        "date": "2013-02-28", 
        "operating_revenue": 48952, 
        "short_term_average": 38975
    }, 
    {
        "accumulated_operating_revenue_yoy": 27.03197319751341, 
        "accumulated_operating_revenue": 131191, 
        "long_term_average": 39130, 
        "date": "2013-03-31", 
        "operating_revenue": 46195, 
        "short_term_average": 43730
    }, 
    {
        "accumulated_operating_revenue_yoy": 40.37629445870713, 
        "accumulated_operating_revenue": 194657, 
        "long_term_average": 41469, 
        "date": "2013-04-30", 
        "operating_revenue": 63466, 
        "short_term_average": 52871
    }, 
    {
        "accumulated_operating_revenue_yoy": 49.10407770241983, 
        "accumulated_operating_revenue": 249305, 
        "long_term_average": 43645, 
        "date": "2013-05-31", 
        "operating_revenue": 54648, 
        "short_term_average": 54769
    }, 
    {
        "accumulated_operating_revenue_yoy": 42.40311468176816, 
        "accumulated_operating_revenue": 293705, 
        "long_term_average": 44091, 
        "date": "2013-06-30", 
        "operating_revenue": 44400, 
        "short_term_average": 54171
    }, 
    {
        "accumulated_operating_revenue_yoy": 48.03537454788736, 
        "accumulated_operating_revenue": 354034, 
        "long_term_average": 46376, 
        "date": "2013-07-31", 
        "operating_revenue": 60329, 
        "short_term_average": 53125
    }, 
    {
        "accumulated_operating_revenue_yoy": 40.54126007674477, 
        "accumulated_operating_revenue": 395923, 
        "long_term_average": 46321, 
        "date": "2013-08-31", 
        "operating_revenue": 41889, 
        "short_term_average": 48872
    }, 
    {
        "accumulated_operating_revenue_yoy": 35.73015202574379, 
        "accumulated_operating_revenue": 446673, 
        "long_term_average": 46602, 
        "date": "2013-09-30", 
        "operating_revenue": 50750, 
        "short_term_average": 50989
    }, 
    {
        "accumulated_operating_revenue_yoy": 37.66388171334076, 
        "accumulated_operating_revenue": 509472, 
        "long_term_average": 48419, 
        "date": "2013-10-31", 
        "operating_revenue": 62799, 
        "short_term_average": 51812
    }, 
    {
        "accumulated_operating_revenue_yoy": 37.68735675948774, 
        "accumulated_operating_revenue": 564123, 
        "long_term_average": 49671, 
        "date": "2013-11-30", 
        "operating_revenue": 54651, 
        "short_term_average": 56066
    }, 
    {
        "accumulated_operating_revenue_yoy": 39.163896713189814, 
        "accumulated_operating_revenue": 614609, 
        "long_term_average": 51217, 
        "date": "2013-12-31", 
        "operating_revenue": 50486, 
        "short_term_average": 55978
    }, 
    {
        "accumulated_operating_revenue_yoy": 21.534790811230717, 
        "accumulated_operating_revenue": 43806, 
        "long_term_average": 51864, 
        "date": "2014-01-31", 
        "operating_revenue": 43806, 
        "short_term_average": 49647
    }, 
    {
        "accumulated_operating_revenue_yoy": 8.021553955480258, 
        "accumulated_operating_revenue": 91814, 
        "long_term_average": 51785, 
        "date": "2014-02-28", 
        "operating_revenue": 48008, 
        "short_term_average": 47433
    }, 
    {
        "accumulated_operating_revenue_yoy": -0.8613395735987986, 
        "accumulated_operating_revenue": 130061, 
        "long_term_average": 51123, 
        "date": "2014-03-31", 
        "operating_revenue": 38247, 
        "short_term_average": 43353
    }, 
    {
        "accumulated_operating_revenue_yoy": -8.174892246361548, 
        "accumulated_operating_revenue": 178744, 
        "long_term_average": 49891, 
        "date": "2014-04-30", 
        "operating_revenue": 48683, 
        "short_term_average": 44979
    }, 
    {
        "accumulated_operating_revenue_yoy": -10.991355969595476, 
        "accumulated_operating_revenue": 221903, 
        "long_term_average": 48933, 
        "date": "2014-05-31", 
        "operating_revenue": 43159, 
        "short_term_average": 43363
    }, 
    {
        "accumulated_operating_revenue_yoy": -5.177644234861511, 
        "accumulated_operating_revenue": 278498, 
        "long_term_average": 49950, 
        "date": "2014-06-30", 
        "operating_revenue": 56595, 
        "short_term_average": 49479
    }, 
    {
        "accumulated_operating_revenue_yoy": -9.08302592406379, 
        "accumulated_operating_revenue": 321877, 
        "long_term_average": 48537, 
        "date": "2014-07-31", 
        "operating_revenue": 43379, 
        "short_term_average": 47711
    }, 
    {
        "accumulated_operating_revenue_yoy": -4.971926359418371, 
        "accumulated_operating_revenue": 376238, 
        "long_term_average": 49577, 
        "date": "2014-08-31", 
        "operating_revenue": 54361, 
        "short_term_average": 51445
    }, 
    {
        "accumulated_operating_revenue_yoy": -3.790916397454066, 
        "accumulated_operating_revenue": 429740, 
        "long_term_average": 49806, 
        "date": "2014-09-30", 
        "operating_revenue": 53502, 
        "short_term_average": 50414
    }, 
    {
        "accumulated_operating_revenue_yoy": -10.95467464355254, 
        "accumulated_operating_revenue": 453661, 
        "long_term_average": 46566, 
        "date": "2014-10-31", 
        "operating_revenue": 23921, 
        "short_term_average": 43928
    }, 
    {
        "accumulated_operating_revenue_yoy": -12.724175401463867, 
        "accumulated_operating_revenue": 492343, 
        "long_term_average": 45235, 
        "date": "2014-11-30", 
        "operating_revenue": 38682, 
        "short_term_average": 38701
    }, 
    {
        "accumulated_operating_revenue_yoy": -12.042615711777731, 
        "accumulated_operating_revenue": 540594, 
        "long_term_average": 45049, 
        "date": "2014-12-31", 
        "operating_revenue": 48251, 
        "short_term_average": 36951
    }, 
    {
        "accumulated_operating_revenue_yoy": 17.310414098525317, 
        "accumulated_operating_revenue": 51389, 
        "long_term_average": 45681, 
        "date": "2015-01-31", 
        "operating_revenue": 51389, 
        "short_term_average": 46107
    }, 
    {
        "accumulated_operating_revenue_yoy": 24.557257063192978, 
        "accumulated_operating_revenue": 114361, 
        "long_term_average": 46928, 
        "date": "2015-02-28", 
        "operating_revenue": 62972, 
        "short_term_average": 54204
    }, 
    {
        "accumulated_operating_revenue_yoy": 34.46613512121235, 
        "accumulated_operating_revenue": 174888, 
        "long_term_average": 48785, 
        "date": "2015-03-31", 
        "operating_revenue": 60527, 
        "short_term_average": 58296
    }, 
    {
        "accumulated_operating_revenue_yoy": 32.55046323233227, 
        "accumulated_operating_revenue": 236926, 
        "long_term_average": 49898, 
        "date": "2015-04-30", 
        "operating_revenue": 62038, 
        "short_term_average": 61845
    }, 
    {
        "accumulated_operating_revenue_yoy": 29.02890001487136, 
        "accumulated_operating_revenue": 286319, 
        "long_term_average": 50417, 
        "date": "2015-05-31", 
        "operating_revenue": 49393, 
        "short_term_average": 57319
    }, 
    {
        "accumulated_operating_revenue_yoy": 28.656938290400646, 
        "accumulated_operating_revenue": 358307, 
        "long_term_average": 51700, 
        "date": "2015-06-30", 
        "operating_revenue": 71988, 
        "short_term_average": 61139
    }, 
    {
        "accumulated_operating_revenue_yoy": 33.588917505755305, 
        "accumulated_operating_revenue": 429992, 
        "long_term_average": 54059, 
        "date": "2015-07-31", 
        "operating_revenue": 71685, 
        "short_term_average": 64355
    }, 
    {
        "accumulated_operating_revenue_yoy": 32.09909684827157, 
        "accumulated_operating_revenue": 497007, 
        "long_term_average": 55113, 
        "date": "2015-08-31", 
        "operating_revenue": 67015, 
        "short_term_average": 70229
    }, 
    {
        "accumulated_operating_revenue_yoy": 28.036719877135013, 
        "accumulated_operating_revenue": 550225, 
        "long_term_average": 55089, 
        "date": "2015-09-30", 
        "operating_revenue": 53218, 
        "short_term_average": 63972
    }
]