[
    {
        "date": "2011-09-30", 
        "operating_revenue": 288320, 
        "accumulated_operating_revenue": 288320, 
        "long_term_average": 288320, 
        "short_term_average": 288320
    }, 
    {
        "date": "2011-10-31", 
        "operating_revenue": 243759, 
        "accumulated_operating_revenue": 532079, 
        "long_term_average": 266039, 
        "short_term_average": 266039
    }, 
    {
        "date": "2011-11-30", 
        "operating_revenue": 322570, 
        "accumulated_operating_revenue": 854649, 
        "long_term_average": 284883, 
        "short_term_average": 284883
    }, 
    {
        "date": "2011-12-31", 
        "operating_revenue": 306081, 
        "accumulated_operating_revenue": 1160730, 
        "long_term_average": 290182, 
        "short_term_average": 290803
    }, 
    {
        "date": "2012-01-31", 
        "operating_revenue": 170753, 
        "accumulated_operating_revenue": 170753, 
        "long_term_average": 266296, 
        "short_term_average": 266468
    }, 
    {
        "date": "2012-02-29", 
        "operating_revenue": 170049, 
        "accumulated_operating_revenue": 340802, 
        "long_term_average": 250255, 
        "short_term_average": 215627
    }, 
    {
        "date": "2012-03-31", 
        "operating_revenue": 292371, 
        "accumulated_operating_revenue": 633173, 
        "long_term_average": 256271, 
        "short_term_average": 211057
    }, 
    {
        "date": "2012-04-30", 
        "operating_revenue": 297978, 
        "accumulated_operating_revenue": 931151, 
        "long_term_average": 261485, 
        "short_term_average": 253466
    }, 
    {
        "date": "2012-05-31", 
        "operating_revenue": 308907, 
        "accumulated_operating_revenue": 1240058, 
        "long_term_average": 266754, 
        "short_term_average": 299752
    }, 
    {
        "date": "2012-06-30", 
        "operating_revenue": 304498, 
        "accumulated_operating_revenue": 1544556, 
        "long_term_average": 270528, 
        "short_term_average": 303794
    }, 
    {
        "date": "2012-07-31", 
        "operating_revenue": 294909, 
        "accumulated_operating_revenue": 1839465, 
        "long_term_average": 272745, 
        "short_term_average": 302771
    }, 
    {
        "date": "2012-08-31", 
        "operating_revenue": 377712, 
        "accumulated_operating_revenue": 2217177, 
        "long_term_average": 281492, 
        "short_term_average": 325706
    }, 
    {
        "accumulated_operating_revenue_yoy": 775.4914678135405, 
        "accumulated_operating_revenue": 2524217, 
        "long_term_average": 283052, 
        "date": "2012-09-30", 
        "operating_revenue": 307040, 
        "short_term_average": 326553
    }, 
    {
        "accumulated_operating_revenue_yoy": 422.38859267138906, 
        "accumulated_operating_revenue": 2779520, 
        "long_term_average": 284014, 
        "date": "2012-10-31", 
        "operating_revenue": 255303, 
        "short_term_average": 313351
    }, 
    {
        "accumulated_operating_revenue_yoy": 267.22865176230243, 
        "accumulated_operating_revenue": 3138516, 
        "long_term_average": 287049, 
        "date": "2012-11-30", 
        "operating_revenue": 358996, 
        "short_term_average": 307113
    }, 
    {
        "accumulated_operating_revenue_yoy": 198.3899787202881, 
        "accumulated_operating_revenue": 3463502, 
        "long_term_average": 288625, 
        "date": "2012-12-31", 
        "operating_revenue": 324986, 
        "short_term_average": 313095
    }, 
    {
        "accumulated_operating_revenue_yoy": 73.84233366324457, 
        "accumulated_operating_revenue": 296841, 
        "long_term_average": 299132, 
        "date": "2013-01-31", 
        "operating_revenue": 296841, 
        "short_term_average": 326941
    }, 
    {
        "accumulated_operating_revenue_yoy": 20.59671011320356, 
        "accumulated_operating_revenue": 410996, 
        "long_term_average": 294474, 
        "date": "2013-02-28", 
        "operating_revenue": 114155, 
        "short_term_average": 245327
    }, 
    {
        "accumulated_operating_revenue_yoy": 2.1340139266835445, 
        "accumulated_operating_revenue": 646685, 
        "long_term_average": 289751, 
        "date": "2013-03-31", 
        "operating_revenue": 235689, 
        "short_term_average": 215561
    }, 
    {
        "accumulated_operating_revenue_yoy": 2.175909170478257, 
        "accumulated_operating_revenue": 951412, 
        "long_term_average": 290313, 
        "date": "2013-04-30", 
        "operating_revenue": 304727, 
        "short_term_average": 218190
    }, 
    {
        "accumulated_operating_revenue_yoy": 4.6651850155395955, 
        "accumulated_operating_revenue": 1297909, 
        "long_term_average": 293446, 
        "date": "2013-05-31", 
        "operating_revenue": 346497, 
        "short_term_average": 295637
    }, 
    {
        "accumulated_operating_revenue_yoy": 3.8975602050038978, 
        "accumulated_operating_revenue": 1604756, 
        "long_term_average": 293641, 
        "date": "2013-06-30", 
        "operating_revenue": 306847, 
        "short_term_average": 319357
    }, 
    {
        "accumulated_operating_revenue_yoy": 5.529162011780599, 
        "accumulated_operating_revenue": 1941172, 
        "long_term_average": 297100, 
        "date": "2013-07-31", 
        "operating_revenue": 336416, 
        "short_term_average": 329920
    }, 
    {
        "accumulated_operating_revenue_yoy": 5.975346127079615, 
        "accumulated_operating_revenue": 2349661, 
        "long_term_average": 299665, 
        "date": "2013-08-31", 
        "operating_revenue": 408489, 
        "short_term_average": 350584
    }, 
    {
        "accumulated_operating_revenue_yoy": 6.969329499009, 
        "accumulated_operating_revenue": 2700138, 
        "long_term_average": 303285, 
        "date": "2013-09-30", 
        "operating_revenue": 350477, 
        "short_term_average": 365127
    }, 
    {
        "accumulated_operating_revenue_yoy": 9.46616682017039, 
        "accumulated_operating_revenue": 3042634, 
        "long_term_average": 310551, 
        "date": "2013-10-31", 
        "operating_revenue": 342496, 
        "short_term_average": 367154
    }, 
    {
        "accumulated_operating_revenue_yoy": 10.660324815932116, 
        "accumulated_operating_revenue": 3473092, 
        "long_term_average": 316506, 
        "date": "2013-11-30", 
        "operating_revenue": 430458, 
        "short_term_average": 374477
    }, 
    {
        "accumulated_operating_revenue_yoy": 13.26665900582705, 
        "accumulated_operating_revenue": 3922993, 
        "long_term_average": 326916, 
        "date": "2013-12-31", 
        "operating_revenue": 449901, 
        "short_term_average": 407618
    }, 
    {
        "accumulated_operating_revenue_yoy": -15.320996762576597, 
        "accumulated_operating_revenue": 251362, 
        "long_term_average": 323126, 
        "date": "2014-01-31", 
        "operating_revenue": 251362, 
        "short_term_average": 377240
    }, 
    {
        "accumulated_operating_revenue_yoy": 4.128993956145559, 
        "accumulated_operating_revenue": 427966, 
        "long_term_average": 328330, 
        "date": "2014-02-28", 
        "operating_revenue": 176604, 
        "short_term_average": 292622
    }, 
    {
        "accumulated_operating_revenue_yoy": 17.000394318717767, 
        "accumulated_operating_revenue": 756624, 
        "long_term_average": 336077, 
        "date": "2014-03-31", 
        "operating_revenue": 328658, 
        "short_term_average": 252208
    }, 
    {
        "accumulated_operating_revenue_yoy": 18.705040508213056, 
        "accumulated_operating_revenue": 1129374, 
        "long_term_average": 341746, 
        "date": "2014-04-30", 
        "operating_revenue": 372750, 
        "short_term_average": 292670
    }, 
    {
        "accumulated_operating_revenue_yoy": 13.063858868379832, 
        "accumulated_operating_revenue": 1467466, 
        "long_term_average": 341045, 
        "date": "2014-05-31", 
        "operating_revenue": 338092, 
        "short_term_average": 346500
    }, 
    {
        "accumulated_operating_revenue_yoy": 12.987581912764309, 
        "accumulated_operating_revenue": 1813175, 
        "long_term_average": 344284, 
        "date": "2014-06-30", 
        "operating_revenue": 345709, 
        "short_term_average": 352183
    }, 
    {
        "accumulated_operating_revenue_yoy": 13.39077629390904, 
        "accumulated_operating_revenue": 2201110, 
        "long_term_average": 348577, 
        "date": "2014-07-31", 
        "operating_revenue": 387935, 
        "short_term_average": 357245
    }, 
    {
        "accumulated_operating_revenue_yoy": 11.765314230435795, 
        "accumulated_operating_revenue": 2626106, 
        "long_term_average": 349953, 
        "date": "2014-08-31", 
        "operating_revenue": 424996, 
        "short_term_average": 386213
    }, 
    {
        "accumulated_operating_revenue_yoy": 12.87282353716736, 
        "accumulated_operating_revenue": 3047722, 
        "long_term_average": 355881, 
        "date": "2014-09-30", 
        "operating_revenue": 421616, 
        "short_term_average": 411515
    }, 
    {
        "accumulated_operating_revenue_yoy": 12.07181014870668, 
        "accumulated_operating_revenue": 3409935, 
        "long_term_average": 357524, 
        "date": "2014-10-31", 
        "operating_revenue": 362213, 
        "short_term_average": 402941
    }, 
    {
        "accumulated_operating_revenue_yoy": 10.653907238852296, 
        "accumulated_operating_revenue": 3843112, 
        "long_term_average": 357751, 
        "date": "2014-11-30", 
        "operating_revenue": 433177, 
        "short_term_average": 405668
    }, 
    {
        "accumulated_operating_revenue_yoy": 9.821710107563282, 
        "accumulated_operating_revenue": 4308298, 
        "long_term_average": 359024, 
        "date": "2014-12-31", 
        "operating_revenue": 465186, 
        "short_term_average": 420192
    }, 
    {
        "accumulated_operating_revenue_yoy": 52.85723379031039, 
        "accumulated_operating_revenue": 384225, 
        "long_term_average": 370096, 
        "date": "2015-01-31", 
        "operating_revenue": 384225, 
        "short_term_average": 427529
    }, 
    {
        "accumulated_operating_revenue_yoy": 22.658809344667567, 
        "accumulated_operating_revenue": 524938, 
        "long_term_average": 367105, 
        "date": "2015-02-28", 
        "operating_revenue": 140713, 
        "short_term_average": 330041
    }, 
    {
        "accumulated_operating_revenue_yoy": 11.577745353041934, 
        "accumulated_operating_revenue": 844224, 
        "long_term_average": 366324, 
        "date": "2015-03-31", 
        "operating_revenue": 319286, 
        "short_term_average": 281408
    }, 
    {
        "accumulated_operating_revenue_yoy": 5.303646090666157, 
        "accumulated_operating_revenue": 1189272, 
        "long_term_average": 364016, 
        "date": "2015-04-30", 
        "operating_revenue": 345048, 
        "short_term_average": 268349
    }, 
    {
        "accumulated_operating_revenue_yoy": 2.5990380697065554, 
        "accumulated_operating_revenue": 1505606, 
        "long_term_average": 362203, 
        "date": "2015-05-31", 
        "operating_revenue": 316334, 
        "short_term_average": 326889
    }, 
    {
        "accumulated_operating_revenue_yoy": 3.361727356708536, 
        "accumulated_operating_revenue": 1874129, 
        "long_term_average": 364104, 
        "date": "2015-06-30", 
        "operating_revenue": 368523, 
        "short_term_average": 343301
    }, 
    {
        "accumulated_operating_revenue_yoy": -0.34291789142750706, 
        "accumulated_operating_revenue": 2193562, 
        "long_term_average": 358395, 
        "date": "2015-07-31", 
        "operating_revenue": 319433, 
        "short_term_average": 334763
    }, 
    {
        "accumulated_operating_revenue_yoy": -2.861841829690043, 
        "accumulated_operating_revenue": 2550951, 
        "long_term_average": 352761, 
        "date": "2015-08-31", 
        "operating_revenue": 357389, 
        "short_term_average": 348448
    }, 
    {
        "accumulated_operating_revenue_yoy": -4.258688948663953, 
        "accumulated_operating_revenue": 2917929, 
        "long_term_average": 348208, 
        "date": "2015-09-30", 
        "operating_revenue": 366978, 
        "short_term_average": 347933
    }
]