[
    {
        "date": "2011-09-30", 
        "operating_revenue": 787127, 
        "accumulated_operating_revenue": 787127, 
        "long_term_average": 787127, 
        "short_term_average": 787127
    }, 
    {
        "date": "2011-10-31", 
        "operating_revenue": 719487, 
        "accumulated_operating_revenue": 1506614, 
        "long_term_average": 753307, 
        "short_term_average": 753307
    }, 
    {
        "date": "2011-11-30", 
        "operating_revenue": 704870, 
        "accumulated_operating_revenue": 2211484, 
        "long_term_average": 737161, 
        "short_term_average": 737161
    }, 
    {
        "date": "2011-12-31", 
        "operating_revenue": 759341, 
        "accumulated_operating_revenue": 2970825, 
        "long_term_average": 742706, 
        "short_term_average": 727899
    }, 
    {
        "date": "2012-01-31", 
        "operating_revenue": 562484, 
        "accumulated_operating_revenue": 562484, 
        "long_term_average": 706661, 
        "short_term_average": 675565
    }, 
    {
        "date": "2012-02-29", 
        "operating_revenue": 750593, 
        "accumulated_operating_revenue": 1313077, 
        "long_term_average": 713983, 
        "short_term_average": 690806
    }, 
    {
        "date": "2012-03-31", 
        "operating_revenue": 785215, 
        "accumulated_operating_revenue": 2098292, 
        "long_term_average": 724159, 
        "short_term_average": 699430
    }, 
    {
        "date": "2012-04-30", 
        "operating_revenue": 714519, 
        "accumulated_operating_revenue": 2812811, 
        "long_term_average": 722954, 
        "short_term_average": 750109
    }, 
    {
        "date": "2012-05-31", 
        "operating_revenue": 761502, 
        "accumulated_operating_revenue": 3574313, 
        "long_term_average": 727237, 
        "short_term_average": 753745
    }, 
    {
        "date": "2012-06-30", 
        "operating_revenue": 679509, 
        "accumulated_operating_revenue": 4253822, 
        "long_term_average": 722464, 
        "short_term_average": 718510
    }, 
    {
        "date": "2012-07-31", 
        "operating_revenue": 690356, 
        "accumulated_operating_revenue": 4944178, 
        "long_term_average": 719545, 
        "short_term_average": 710455
    }, 
    {
        "date": "2012-08-31", 
        "operating_revenue": 740983, 
        "accumulated_operating_revenue": 5685161, 
        "long_term_average": 721332, 
        "short_term_average": 703616
    }, 
    {
        "accumulated_operating_revenue_yoy": 718.189186751312, 
        "accumulated_operating_revenue": 6440188, 
        "long_term_average": 718657, 
        "date": "2012-09-30", 
        "operating_revenue": 755027, 
        "short_term_average": 728788
    }, 
    {
        "accumulated_operating_revenue_yoy": 370.0306780635252, 
        "accumulated_operating_revenue": 7081548, 
        "long_term_average": 712146, 
        "date": "2012-10-31", 
        "operating_revenue": 641360, 
        "short_term_average": 712456
    }, 
    {
        "accumulated_operating_revenue_yoy": 250.56287994848708, 
        "accumulated_operating_revenue": 7752642, 
        "long_term_average": 709331, 
        "date": "2012-11-30", 
        "operating_revenue": 671094, 
        "short_term_average": 689160
    }, 
    {
        "accumulated_operating_revenue_yoy": 183.2259725833733, 
        "accumulated_operating_revenue": 8414148, 
        "long_term_average": 701179, 
        "date": "2012-12-31", 
        "operating_revenue": 661506, 
        "short_term_average": 657986
    }, 
    {
        "accumulated_operating_revenue_yoy": 24.468962672716025, 
        "accumulated_operating_revenue": 700118, 
        "long_term_average": 712648, 
        "date": "2013-01-31", 
        "operating_revenue": 700118, 
        "short_term_average": 677572
    }, 
    {
        "accumulated_operating_revenue_yoy": -11.509911452260607, 
        "accumulated_operating_revenue": 1161943, 
        "long_term_average": 688584, 
        "date": "2013-02-28", 
        "operating_revenue": 461825, 
        "short_term_average": 607816
    }, 
    {
        "accumulated_operating_revenue_yoy": -6.932638546017428, 
        "accumulated_operating_revenue": 1952825, 
        "long_term_average": 689056, 
        "date": "2013-03-31", 
        "operating_revenue": 790882, 
        "short_term_average": 650941
    }, 
    {
        "accumulated_operating_revenue_yoy": -1.45633673929745, 
        "accumulated_operating_revenue": 2771847, 
        "long_term_average": 697765, 
        "date": "2013-04-30", 
        "operating_revenue": 819022, 
        "short_term_average": 690576
    }, 
    {
        "accumulated_operating_revenue_yoy": 2.2874046005484128, 
        "accumulated_operating_revenue": 3656072, 
        "long_term_average": 707992, 
        "date": "2013-05-31", 
        "operating_revenue": 884225, 
        "short_term_average": 831376
    }, 
    {
        "accumulated_operating_revenue_yoy": 2.569336469650117, 
        "accumulated_operating_revenue": 4363117, 
        "long_term_average": 710286, 
        "date": "2013-06-30", 
        "operating_revenue": 707045, 
        "short_term_average": 803430
    }, 
    {
        "accumulated_operating_revenue_yoy": 5.025911283938402, 
        "accumulated_operating_revenue": 5192668, 
        "long_term_average": 721886, 
        "date": "2013-07-31", 
        "operating_revenue": 829551, 
        "short_term_average": 806940
    }, 
    {
        "accumulated_operating_revenue_yoy": 6.908159680965939, 
        "accumulated_operating_revenue": 6077901, 
        "long_term_average": 733907, 
        "date": "2013-08-31", 
        "operating_revenue": 885233, 
        "short_term_average": 807276
    }, 
    {
        "accumulated_operating_revenue_yoy": 6.9082610631863535, 
        "accumulated_operating_revenue": 6885093, 
        "long_term_average": 738254, 
        "date": "2013-09-30", 
        "operating_revenue": 807192, 
        "short_term_average": 840658
    }, 
    {
        "accumulated_operating_revenue_yoy": 6.9066819853512245, 
        "accumulated_operating_revenue": 7570648, 
        "long_term_average": 741937, 
        "date": "2013-10-31", 
        "operating_revenue": 685555, 
        "short_term_average": 792660
    }, 
    {
        "accumulated_operating_revenue_yoy": 6.908148215795337, 
        "accumulated_operating_revenue": 8288206, 
        "long_term_average": 745809, 
        "date": "2013-11-30", 
        "operating_revenue": 717558, 
        "short_term_average": 736768
    }, 
    {
        "accumulated_operating_revenue_yoy": 7.598392612062445, 
        "accumulated_operating_revenue": 9053488, 
        "long_term_average": 754457, 
        "date": "2013-12-31", 
        "operating_revenue": 765282, 
        "short_term_average": 722798
    }, 
    {
        "accumulated_operating_revenue_yoy": -0.016140136377010735, 
        "accumulated_operating_revenue": 700005, 
        "long_term_average": 754447, 
        "date": "2014-01-31", 
        "operating_revenue": 700005, 
        "short_term_average": 727615
    }, 
    {
        "accumulated_operating_revenue_yoy": 4.3517625219137255, 
        "accumulated_operating_revenue": 1212508, 
        "long_term_average": 758671, 
        "date": "2014-02-28", 
        "operating_revenue": 512503, 
        "short_term_average": 659263
    }, 
    {
        "accumulated_operating_revenue_yoy": 1.3007309922804142, 
        "accumulated_operating_revenue": 1978226, 
        "long_term_average": 756574, 
        "date": "2014-03-31", 
        "operating_revenue": 765718, 
        "short_term_average": 659408
    }, 
    {
        "accumulated_operating_revenue_yoy": 4.223285051447645, 
        "accumulated_operating_revenue": 2888910, 
        "long_term_average": 764212, 
        "date": "2014-04-30", 
        "operating_revenue": 910684, 
        "short_term_average": 729635
    }, 
    {
        "accumulated_operating_revenue_yoy": 2.7829594165541596, 
        "accumulated_operating_revenue": 3757819, 
        "long_term_average": 762936, 
        "date": "2014-05-31", 
        "operating_revenue": 868909, 
        "short_term_average": 848437
    }, 
    {
        "accumulated_operating_revenue_yoy": 6.258301118214341, 
        "accumulated_operating_revenue": 4636174, 
        "long_term_average": 777212, 
        "date": "2014-06-30", 
        "operating_revenue": 878355, 
        "short_term_average": 885982
    }, 
    {
        "accumulated_operating_revenue_yoy": 5.505589804701552, 
        "accumulated_operating_revenue": 5478555, 
        "long_term_average": 778281, 
        "date": "2014-07-31", 
        "operating_revenue": 842381, 
        "short_term_average": 863215
    }, 
    {
        "accumulated_operating_revenue_yoy": 5.390430018521196, 
        "accumulated_operating_revenue": 6405526, 
        "long_term_average": 781759, 
        "date": "2014-08-31", 
        "operating_revenue": 926971, 
        "short_term_average": 882569
    }, 
    {
        "accumulated_operating_revenue_yoy": 7.460857827192748, 
        "accumulated_operating_revenue": 7398780, 
        "long_term_average": 797264, 
        "date": "2014-09-30", 
        "operating_revenue": 993254, 
        "short_term_average": 920868
    }, 
    {
        "accumulated_operating_revenue_yoy": 9.720819142562169, 
        "accumulated_operating_revenue": 8306577, 
        "long_term_average": 815784, 
        "date": "2014-10-31", 
        "operating_revenue": 907797, 
        "short_term_average": 942674
    }, 
    {
        "accumulated_operating_revenue_yoy": 10.971638494506532, 
        "accumulated_operating_revenue": 9197558, 
        "long_term_average": 830236, 
        "date": "2014-11-30", 
        "operating_revenue": 890981, 
        "short_term_average": 930677
    }, 
    {
        "accumulated_operating_revenue_yoy": 11.272705061297922, 
        "accumulated_operating_revenue": 10074061, 
        "long_term_average": 839505, 
        "date": "2014-12-31", 
        "operating_revenue": 876503, 
        "short_term_average": 891760
    }, 
    {
        "accumulated_operating_revenue_yoy": 16.231598345726102, 
        "accumulated_operating_revenue": 813627, 
        "long_term_average": 848973, 
        "date": "2015-01-31", 
        "operating_revenue": 813627, 
        "short_term_average": 860370
    }, 
    {
        "accumulated_operating_revenue_yoy": 20.28308266832054, 
        "accumulated_operating_revenue": 1458442, 
        "long_term_average": 859999, 
        "date": "2015-02-28", 
        "operating_revenue": 644815, 
        "short_term_average": 778315
    }, 
    {
        "accumulated_operating_revenue_yoy": 9.169478108163577, 
        "accumulated_operating_revenue": 2159619, 
        "long_term_average": 854621, 
        "date": "2015-03-31", 
        "operating_revenue": 701177, 
        "short_term_average": 719873
    }, 
    {
        "accumulated_operating_revenue_yoy": 3.650546399853232, 
        "accumulated_operating_revenue": 2994371, 
        "long_term_average": 848293, 
        "date": "2015-04-30", 
        "operating_revenue": 834752, 
        "short_term_average": 726914
    }, 
    {
        "accumulated_operating_revenue_yoy": 0.540127132254108, 
        "accumulated_operating_revenue": 3778116, 
        "long_term_average": 841196, 
        "date": "2015-05-31", 
        "operating_revenue": 783745, 
        "short_term_average": 773224
    }, 
    {
        "accumulated_operating_revenue_yoy": -2.622442557160279, 
        "accumulated_operating_revenue": 4514593, 
        "long_term_average": 829373, 
        "date": "2015-06-30", 
        "operating_revenue": 736477, 
        "short_term_average": 784991
    }, 
    {
        "accumulated_operating_revenue_yoy": -3.1611437687492416, 
        "accumulated_operating_revenue": 5305370, 
        "long_term_average": 825073, 
        "date": "2015-07-31", 
        "operating_revenue": 790777, 
        "short_term_average": 770333
    }, 
    {
        "accumulated_operating_revenue_yoy": -3.4034519569509203, 
        "accumulated_operating_revenue": 6187517, 
        "long_term_average": 821337, 
        "date": "2015-08-31", 
        "operating_revenue": 882147, 
        "short_term_average": 803133
    }, 
    {
        "accumulated_operating_revenue_yoy": -3.552234287274388, 
        "accumulated_operating_revenue": 7135958, 
        "long_term_average": 817603, 
        "date": "2015-09-30", 
        "operating_revenue": 948441, 
        "short_term_average": 873788
    }
]