[
    {
        "date": "2012-01-31", 
        "operating_revenue": 447097, 
        "accumulated_operating_revenue": 447097, 
        "long_term_average": 447097, 
        "short_term_average": 447097
    }, 
    {
        "date": "2012-02-29", 
        "operating_revenue": 526843, 
        "accumulated_operating_revenue": 973940, 
        "long_term_average": 486970, 
        "short_term_average": 486970
    }, 
    {
        "date": "2012-03-31", 
        "operating_revenue": 731867, 
        "accumulated_operating_revenue": 1705807, 
        "long_term_average": 568602, 
        "short_term_average": 568602
    }, 
    {
        "date": "2012-04-30", 
        "operating_revenue": 519823, 
        "accumulated_operating_revenue": 2225630, 
        "long_term_average": 556407, 
        "short_term_average": 592844
    }, 
    {
        "date": "2012-05-31", 
        "operating_revenue": 641198, 
        "accumulated_operating_revenue": 2866828, 
        "long_term_average": 573365, 
        "short_term_average": 630962
    }, 
    {
        "date": "2012-06-30", 
        "operating_revenue": 751471, 
        "accumulated_operating_revenue": 3618299, 
        "long_term_average": 603049, 
        "short_term_average": 637497
    }, 
    {
        "date": "2012-07-31", 
        "operating_revenue": 514546, 
        "accumulated_operating_revenue": 4132845, 
        "long_term_average": 590406, 
        "short_term_average": 635738
    }, 
    {
        "date": "2012-08-31", 
        "operating_revenue": 578676, 
        "accumulated_operating_revenue": 4711521, 
        "long_term_average": 588940, 
        "short_term_average": 614897
    }, 
    {
        "date": "2012-09-30", 
        "operating_revenue": 512453, 
        "accumulated_operating_revenue": 5223974, 
        "long_term_average": 580441, 
        "short_term_average": 535225
    }, 
    {
        "date": "2012-10-31", 
        "operating_revenue": 473594, 
        "accumulated_operating_revenue": 5697568, 
        "long_term_average": 569756, 
        "short_term_average": 521574
    }, 
    {
        "date": "2012-11-30", 
        "operating_revenue": 453391, 
        "accumulated_operating_revenue": 6150959, 
        "long_term_average": 559178, 
        "short_term_average": 479812
    }, 
    {
        "date": "2012-12-31", 
        "operating_revenue": 534897, 
        "accumulated_operating_revenue": 6685856, 
        "long_term_average": 557154, 
        "short_term_average": 487294
    }, 
    {
        "accumulated_operating_revenue_yoy": -11.927389358461363, 
        "accumulated_operating_revenue": 393770, 
        "long_term_average": 552710, 
        "date": "2013-01-31", 
        "operating_revenue": 393770, 
        "short_term_average": 460686
    }, 
    {
        "accumulated_operating_revenue_yoy": -23.95968950859396, 
        "accumulated_operating_revenue": 740587, 
        "long_term_average": 537708, 
        "date": "2013-02-28", 
        "operating_revenue": 346817, 
        "short_term_average": 425161
    }, 
    {
        "accumulated_operating_revenue_yoy": -25.787442541858486, 
        "accumulated_operating_revenue": 1265923, 
        "long_term_average": 520497, 
        "date": "2013-03-31", 
        "operating_revenue": 525336, 
        "short_term_average": 421974
    }, 
    {
        "accumulated_operating_revenue_yoy": -18.065581430875753, 
        "accumulated_operating_revenue": 1823557, 
        "long_term_average": 523648, 
        "date": "2013-04-30", 
        "operating_revenue": 557634, 
        "short_term_average": 476595
    }, 
    {
        "accumulated_operating_revenue_yoy": -18.254286619218174, 
        "accumulated_operating_revenue": 2343509, 
        "long_term_average": 513544, 
        "date": "2013-05-31", 
        "operating_revenue": 519952, 
        "short_term_average": 534307
    }, 
    {
        "accumulated_operating_revenue_yoy": -21.735986992783076, 
        "accumulated_operating_revenue": 2831826, 
        "long_term_average": 491615, 
        "date": "2013-06-30", 
        "operating_revenue": 488317, 
        "short_term_average": 521967
    }, 
    {
        "accumulated_operating_revenue_yoy": -18.953965125718483, 
        "accumulated_operating_revenue": 3349507, 
        "long_term_average": 491876, 
        "date": "2013-07-31", 
        "operating_revenue": 517681, 
        "short_term_average": 508650
    }, 
    {
        "accumulated_operating_revenue_yoy": -18.812459925361683, 
        "accumulated_operating_revenue": 3825168, 
        "long_term_average": 483291, 
        "date": "2013-08-31", 
        "operating_revenue": 475661, 
        "short_term_average": 493886
    }, 
    {
        "accumulated_operating_revenue_yoy": -18.101219493052607, 
        "accumulated_operating_revenue": 4278371, 
        "long_term_average": 478354, 
        "date": "2013-09-30", 
        "operating_revenue": 453203, 
        "short_term_average": 482181
    }, 
    {
        "accumulated_operating_revenue_yoy": -18.080714438160282, 
        "accumulated_operating_revenue": 4667407, 
        "long_term_average": 471307, 
        "date": "2013-10-31", 
        "operating_revenue": 389036, 
        "short_term_average": 439300
    }, 
    {
        "accumulated_operating_revenue_yoy": -15.20065407686834, 
        "accumulated_operating_revenue": 5215973, 
        "long_term_average": 479239, 
        "date": "2013-11-30", 
        "operating_revenue": 548566, 
        "short_term_average": 463601
    }, 
    {
        "accumulated_operating_revenue_yoy": -12.011835133751012, 
        "accumulated_operating_revenue": 5882762, 
        "long_term_average": 490230, 
        "date": "2013-12-31", 
        "operating_revenue": 666789, 
        "short_term_average": 534797
    }, 
    {
        "accumulated_operating_revenue_yoy": 10.424613352972548, 
        "accumulated_operating_revenue": 434819, 
        "long_term_average": 493650, 
        "date": "2014-01-31", 
        "operating_revenue": 434819, 
        "short_term_average": 550058
    }, 
    {
        "accumulated_operating_revenue_yoy": 26.507216572799685, 
        "accumulated_operating_revenue": 936896, 
        "long_term_average": 506589, 
        "date": "2014-02-28", 
        "operating_revenue": 502077, 
        "short_term_average": 534561
    }, 
    {
        "accumulated_operating_revenue_yoy": 28.358280874903137, 
        "accumulated_operating_revenue": 1624917, 
        "long_term_average": 520146, 
        "date": "2014-03-31", 
        "operating_revenue": 688021, 
        "short_term_average": 541639
    }, 
    {
        "accumulated_operating_revenue_yoy": 17.811836975756723, 
        "accumulated_operating_revenue": 2148366, 
        "long_term_average": 517297, 
        "date": "2014-04-30", 
        "operating_revenue": 523449, 
        "short_term_average": 571182
    }, 
    {
        "accumulated_operating_revenue_yoy": 27.299489782202674, 
        "accumulated_operating_revenue": 2983275, 
        "long_term_average": 543544, 
        "date": "2014-05-31", 
        "operating_revenue": 834909, 
        "short_term_average": 682126
    }, 
    {
        "accumulated_operating_revenue_yoy": 26.915354262585346, 
        "accumulated_operating_revenue": 3594022, 
        "long_term_average": 553746, 
        "date": "2014-06-30", 
        "operating_revenue": 610747, 
        "short_term_average": 656368
    }, 
    {
        "accumulated_operating_revenue_yoy": 26.17549388611518, 
        "accumulated_operating_revenue": 4226257, 
        "long_term_average": 563292, 
        "date": "2014-07-31", 
        "operating_revenue": 632235, 
        "short_term_average": 692630
    }, 
    {
        "accumulated_operating_revenue_yoy": 26.104186796501487, 
        "accumulated_operating_revenue": 4823697, 
        "long_term_average": 573440, 
        "date": "2014-08-31", 
        "operating_revenue": 597440, 
        "short_term_average": 613474
    }, 
    {
        "accumulated_operating_revenue_yoy": 29.52296563341515, 
        "accumulated_operating_revenue": 5541473, 
        "long_term_average": 595488, 
        "date": "2014-09-30", 
        "operating_revenue": 717776, 
        "short_term_average": 649150
    }, 
    {
        "accumulated_operating_revenue_yoy": 35.171027510564215, 
        "accumulated_operating_revenue": 6308982, 
        "long_term_average": 627028, 
        "date": "2014-10-31", 
        "operating_revenue": 767509, 
        "short_term_average": 694241
    }, 
    {
        "accumulated_operating_revenue_yoy": 32.75039958987518, 
        "accumulated_operating_revenue": 6924225, 
        "long_term_average": 632584, 
        "date": "2014-11-30", 
        "operating_revenue": 615243, 
        "short_term_average": 700176
    }, 
    {
        "accumulated_operating_revenue_yoy": 32.94182222568243, 
        "accumulated_operating_revenue": 7820651, 
        "long_term_average": 651720, 
        "date": "2014-12-31", 
        "operating_revenue": 896426, 
        "short_term_average": 759726
    }, 
    {
        "accumulated_operating_revenue_yoy": 8.504688157601208, 
        "accumulated_operating_revenue": 471799, 
        "long_term_average": 654802, 
        "date": "2015-01-31", 
        "operating_revenue": 471799, 
        "short_term_average": 661156
    }, 
    {
        "accumulated_operating_revenue_yoy": 7.404984117767607, 
        "accumulated_operating_revenue": 1006273, 
        "long_term_average": 657502, 
        "date": "2015-02-28", 
        "operating_revenue": 534474, 
        "short_term_average": 634233
    }, 
    {
        "accumulated_operating_revenue_yoy": 11.274914349471388, 
        "accumulated_operating_revenue": 1808125, 
        "long_term_average": 666988, 
        "date": "2015-03-31", 
        "operating_revenue": 801852, 
        "short_term_average": 602708
    }, 
    {
        "accumulated_operating_revenue_yoy": 11.786864994139732, 
        "accumulated_operating_revenue": 2401591, 
        "long_term_average": 672823, 
        "date": "2015-04-30", 
        "operating_revenue": 593466, 
        "short_term_average": 643264
    }, 
    {
        "accumulated_operating_revenue_yoy": 1.674367934568553, 
        "accumulated_operating_revenue": 3033226, 
        "long_term_average": 655883, 
        "date": "2015-05-31", 
        "operating_revenue": 631635, 
        "short_term_average": 675651
    }, 
    {
        "accumulated_operating_revenue_yoy": 2.458443493111617, 
        "accumulated_operating_revenue": 3682379, 
        "long_term_average": 659084, 
        "date": "2015-06-30", 
        "operating_revenue": 649153, 
        "short_term_average": 624751
    }, 
    {
        "accumulated_operating_revenue_yoy": 1.2984775890344575, 
        "accumulated_operating_revenue": 4281134, 
        "long_term_average": 656294, 
        "date": "2015-07-31", 
        "operating_revenue": 598755, 
        "short_term_average": 626514
    }, 
    {
        "accumulated_operating_revenue_yoy": 0.12028118681583855, 
        "accumulated_operating_revenue": 4829499, 
        "long_term_average": 652204, 
        "date": "2015-08-31", 
        "operating_revenue": 548365, 
        "short_term_average": 598757
    }, 
    {
        "accumulated_operating_revenue_yoy": -3.366252980028956, 
        "accumulated_operating_revenue": 5354933, 
        "long_term_average": 636175, 
        "date": "2015-09-30", 
        "operating_revenue": 525434, 
        "short_term_average": 557518
    }
]