[
    {
        "date": "2012-01-31", 
        "operating_revenue": 74193, 
        "accumulated_operating_revenue": 74193, 
        "long_term_average": 74193, 
        "short_term_average": 74193
    }, 
    {
        "date": "2012-02-29", 
        "operating_revenue": 76811, 
        "accumulated_operating_revenue": 151004, 
        "long_term_average": 75502, 
        "short_term_average": 75502
    }, 
    {
        "date": "2012-03-31", 
        "operating_revenue": 79268, 
        "accumulated_operating_revenue": 230272, 
        "long_term_average": 76757, 
        "short_term_average": 76757
    }, 
    {
        "date": "2012-04-30", 
        "operating_revenue": 80498, 
        "accumulated_operating_revenue": 310770, 
        "long_term_average": 77692, 
        "short_term_average": 78859
    }, 
    {
        "date": "2012-05-31", 
        "operating_revenue": 74032, 
        "accumulated_operating_revenue": 384802, 
        "long_term_average": 76960, 
        "short_term_average": 77932
    }, 
    {
        "date": "2012-06-30", 
        "operating_revenue": 71442, 
        "accumulated_operating_revenue": 456244, 
        "long_term_average": 76040, 
        "short_term_average": 75324
    }, 
    {
        "date": "2012-07-31", 
        "operating_revenue": 71765, 
        "accumulated_operating_revenue": 528009, 
        "long_term_average": 75429, 
        "short_term_average": 72413
    }, 
    {
        "date": "2012-08-31", 
        "operating_revenue": 71730, 
        "accumulated_operating_revenue": 599739, 
        "long_term_average": 74967, 
        "short_term_average": 71645
    }, 
    {
        "date": "2012-09-30", 
        "operating_revenue": 70150, 
        "accumulated_operating_revenue": 669889, 
        "long_term_average": 74432, 
        "short_term_average": 71215
    }, 
    {
        "date": "2012-10-31", 
        "operating_revenue": 71945, 
        "accumulated_operating_revenue": 741834, 
        "long_term_average": 74183, 
        "short_term_average": 71275
    }, 
    {
        "date": "2012-11-30", 
        "operating_revenue": 70548, 
        "accumulated_operating_revenue": 812382, 
        "long_term_average": 73852, 
        "short_term_average": 70881
    }, 
    {
        "date": "2012-12-31", 
        "operating_revenue": 71287, 
        "accumulated_operating_revenue": 883669, 
        "long_term_average": 73639, 
        "short_term_average": 71260
    }, 
    {
        "accumulated_operating_revenue_yoy": -0.6429177954793579, 
        "accumulated_operating_revenue": 73716, 
        "long_term_average": 73599, 
        "date": "2013-01-31", 
        "operating_revenue": 73716, 
        "short_term_average": 71850
    }, 
    {
        "accumulated_operating_revenue_yoy": 3.8376466848560304, 
        "accumulated_operating_revenue": 156799, 
        "long_term_average": 74122, 
        "date": "2013-02-28", 
        "operating_revenue": 83083, 
        "short_term_average": 76028
    }, 
    {
        "accumulated_operating_revenue_yoy": 23.15479085603113, 
        "accumulated_operating_revenue": 283591, 
        "long_term_average": 78082, 
        "date": "2013-03-31", 
        "operating_revenue": 126792, 
        "short_term_average": 94530
    }, 
    {
        "accumulated_operating_revenue_yoy": 31.224699938861537, 
        "accumulated_operating_revenue": 407807, 
        "long_term_average": 81725, 
        "date": "2013-04-30", 
        "operating_revenue": 124216, 
        "short_term_average": 111363
    }, 
    {
        "accumulated_operating_revenue_yoy": 27.696581618598653, 
        "accumulated_operating_revenue": 491379, 
        "long_term_average": 82520, 
        "date": "2013-05-31", 
        "operating_revenue": 83572, 
        "short_term_average": 111526
    }, 
    {
        "accumulated_operating_revenue_yoy": 30.38834483302794, 
        "accumulated_operating_revenue": 594889, 
        "long_term_average": 85192, 
        "date": "2013-06-30", 
        "operating_revenue": 103510, 
        "short_term_average": 103766
    }, 
    {
        "accumulated_operating_revenue_yoy": 30.396072794213737, 
        "accumulated_operating_revenue": 688503, 
        "long_term_average": 87013, 
        "date": "2013-07-31", 
        "operating_revenue": 93614, 
        "short_term_average": 93565
    }, 
    {
        "accumulated_operating_revenue_yoy": 29.56219288723928, 
        "accumulated_operating_revenue": 777035, 
        "long_term_average": 88413, 
        "date": "2013-08-31", 
        "operating_revenue": 88532, 
        "short_term_average": 95218
    }, 
    {
        "accumulated_operating_revenue_yoy": 28.50099046259903, 
        "accumulated_operating_revenue": 860814, 
        "long_term_average": 89549, 
        "date": "2013-09-30", 
        "operating_revenue": 83779, 
        "short_term_average": 88641
    }, 
    {
        "accumulated_operating_revenue_yoy": 27.323093845792997, 
        "accumulated_operating_revenue": 944526, 
        "long_term_average": 90530, 
        "date": "2013-10-31", 
        "operating_revenue": 83712, 
        "short_term_average": 85341
    }, 
    {
        "accumulated_operating_revenue_yoy": 25.647417101806784, 
        "accumulated_operating_revenue": 1020737, 
        "long_term_average": 91002, 
        "date": "2013-11-30", 
        "operating_revenue": 76211, 
        "short_term_average": 81234
    }, 
    {
        "accumulated_operating_revenue_yoy": 26.06043665671196, 
        "accumulated_operating_revenue": 1113957, 
        "long_term_average": 92829, 
        "date": "2013-12-31", 
        "operating_revenue": 93220, 
        "short_term_average": 84381
    }, 
    {
        "accumulated_operating_revenue_yoy": 35.04395246622172, 
        "accumulated_operating_revenue": 99549, 
        "long_term_average": 94982, 
        "date": "2014-01-31", 
        "operating_revenue": 99549, 
        "short_term_average": 89660
    }, 
    {
        "accumulated_operating_revenue_yoy": 23.25716362987009, 
        "accumulated_operating_revenue": 193266, 
        "long_term_average": 95868, 
        "date": "2014-02-28", 
        "operating_revenue": 93717, 
        "short_term_average": 95495
    }, 
    {
        "accumulated_operating_revenue_yoy": 0.5955760232165337, 
        "accumulated_operating_revenue": 285280, 
        "long_term_average": 92970, 
        "date": "2014-03-31", 
        "operating_revenue": 92014, 
        "short_term_average": 95093
    }, 
    {
        "accumulated_operating_revenue_yoy": -7.907662202953849, 
        "accumulated_operating_revenue": 375559, 
        "long_term_average": 90142, 
        "date": "2014-04-30", 
        "operating_revenue": 90279, 
        "short_term_average": 92003
    }, 
    {
        "accumulated_operating_revenue_yoy": -4.8367960372746905, 
        "accumulated_operating_revenue": 467612, 
        "long_term_average": 90849, 
        "date": "2014-05-31", 
        "operating_revenue": 92053, 
        "short_term_average": 91448
    }, 
    {
        "accumulated_operating_revenue_yoy": -5.7659496141296955, 
        "accumulated_operating_revenue": 560588, 
        "long_term_average": 89971, 
        "date": "2014-06-30", 
        "operating_revenue": 92976, 
        "short_term_average": 91769
    }, 
    {
        "accumulated_operating_revenue_yoy": -4.605644419850022, 
        "accumulated_operating_revenue": 656793, 
        "long_term_average": 90187, 
        "date": "2014-07-31", 
        "operating_revenue": 96205, 
        "short_term_average": 93744
    }, 
    {
        "accumulated_operating_revenue_yoy": -3.4930215498658357, 
        "accumulated_operating_revenue": 749893, 
        "long_term_average": 90567, 
        "date": "2014-08-31", 
        "operating_revenue": 93100, 
        "short_term_average": 94093
    }, 
    {
        "accumulated_operating_revenue_yoy": -2.07652291900457, 
        "accumulated_operating_revenue": 842939, 
        "long_term_average": 91340, 
        "date": "2014-09-30", 
        "operating_revenue": 93046, 
        "short_term_average": 94117
    }, 
    {
        "accumulated_operating_revenue_yoy": -2.284214516064142, 
        "accumulated_operating_revenue": 922951, 
        "long_term_average": 91031, 
        "date": "2014-10-31", 
        "operating_revenue": 80012, 
        "short_term_average": 88719
    }, 
    {
        "accumulated_operating_revenue_yoy": -0.5718417182878646, 
        "accumulated_operating_revenue": 1014900, 
        "long_term_average": 92343, 
        "date": "2014-11-30", 
        "operating_revenue": 91949, 
        "short_term_average": 88335
    }, 
    {
        "accumulated_operating_revenue_yoy": 0.04003745207400286, 
        "accumulated_operating_revenue": 1114403, 
        "long_term_average": 92866, 
        "date": "2014-12-31", 
        "operating_revenue": 99503, 
        "short_term_average": 90488
    }, 
    {
        "accumulated_operating_revenue_yoy": -7.300927181588966, 
        "accumulated_operating_revenue": 92281, 
        "long_term_average": 92261, 
        "date": "2015-01-31", 
        "operating_revenue": 92281, 
        "short_term_average": 94577
    }, 
    {
        "accumulated_operating_revenue_yoy": -8.556600747156768, 
        "accumulated_operating_revenue": 176729, 
        "long_term_average": 91488, 
        "date": "2015-02-28", 
        "operating_revenue": 84448, 
        "short_term_average": 92077
    }, 
    {
        "accumulated_operating_revenue_yoy": -1.7617779024116658, 
        "accumulated_operating_revenue": 280254, 
        "long_term_average": 92448, 
        "date": "2015-03-31", 
        "operating_revenue": 103525, 
        "short_term_average": 93418
    }, 
    {
        "accumulated_operating_revenue_yoy": 0.12754320892323176, 
        "accumulated_operating_revenue": 376038, 
        "long_term_average": 92906, 
        "date": "2015-04-30", 
        "operating_revenue": 95784, 
        "short_term_average": 94585
    }, 
    {
        "accumulated_operating_revenue_yoy": 5.631592003626939, 
        "accumulated_operating_revenue": 493946, 
        "long_term_average": 95061, 
        "date": "2015-05-31", 
        "operating_revenue": 117908, 
        "short_term_average": 105739
    }, 
    {
        "accumulated_operating_revenue_yoy": 4.18382127337724, 
        "accumulated_operating_revenue": 584042, 
        "long_term_average": 94821, 
        "date": "2015-06-30", 
        "operating_revenue": 90096, 
        "short_term_average": 101262
    }, 
    {
        "accumulated_operating_revenue_yoy": 2.909440265045456, 
        "accumulated_operating_revenue": 675902, 
        "long_term_average": 94459, 
        "date": "2015-07-31", 
        "operating_revenue": 91860, 
        "short_term_average": 99954
    }, 
    {
        "accumulated_operating_revenue_yoy": 1.75024970229086, 
        "accumulated_operating_revenue": 763018, 
        "long_term_average": 93960, 
        "date": "2015-08-31", 
        "operating_revenue": 87116, 
        "short_term_average": 89690
    }, 
    {
        "accumulated_operating_revenue_yoy": -3.348759518778939, 
        "accumulated_operating_revenue": 814711, 
        "long_term_average": 90514, 
        "date": "2015-09-30", 
        "operating_revenue": 51693, 
        "short_term_average": 76889
    }
]