[
    {
        "date": "2011-09-30", 
        "operating_revenue": 96923, 
        "accumulated_operating_revenue": 96923, 
        "long_term_average": 96923, 
        "short_term_average": 96923
    }, 
    {
        "date": "2011-10-31", 
        "operating_revenue": 85838, 
        "accumulated_operating_revenue": 182761, 
        "long_term_average": 91380, 
        "short_term_average": 91380
    }, 
    {
        "date": "2011-11-30", 
        "operating_revenue": 81613, 
        "accumulated_operating_revenue": 264374, 
        "long_term_average": 88124, 
        "short_term_average": 88124
    }, 
    {
        "date": "2011-12-31", 
        "operating_revenue": 95729, 
        "accumulated_operating_revenue": 360103, 
        "long_term_average": 90025, 
        "short_term_average": 87726
    }, 
    {
        "date": "2012-01-31", 
        "operating_revenue": 68481, 
        "accumulated_operating_revenue": 68481, 
        "long_term_average": 85716, 
        "short_term_average": 81941
    }, 
    {
        "date": "2012-02-29", 
        "operating_revenue": 81473, 
        "accumulated_operating_revenue": 149954, 
        "long_term_average": 85009, 
        "short_term_average": 81894
    }, 
    {
        "date": "2012-03-31", 
        "operating_revenue": 100557, 
        "accumulated_operating_revenue": 250511, 
        "long_term_average": 87230, 
        "short_term_average": 83503
    }, 
    {
        "date": "2012-04-30", 
        "operating_revenue": 110695, 
        "accumulated_operating_revenue": 361206, 
        "long_term_average": 90163, 
        "short_term_average": 97575
    }, 
    {
        "date": "2012-05-31", 
        "operating_revenue": 120987, 
        "accumulated_operating_revenue": 482193, 
        "long_term_average": 93588, 
        "short_term_average": 110746
    }, 
    {
        "date": "2012-06-30", 
        "operating_revenue": 106186, 
        "accumulated_operating_revenue": 588379, 
        "long_term_average": 94848, 
        "short_term_average": 112622
    }, 
    {
        "date": "2012-07-31", 
        "operating_revenue": 102345, 
        "accumulated_operating_revenue": 690724, 
        "long_term_average": 95529, 
        "short_term_average": 109839
    }, 
    {
        "date": "2012-08-31", 
        "operating_revenue": 82847, 
        "accumulated_operating_revenue": 773571, 
        "long_term_average": 94472, 
        "short_term_average": 97126
    }, 
    {
        "accumulated_operating_revenue_yoy": 806.1605604448893, 
        "accumulated_operating_revenue": 878278, 
        "long_term_average": 95121, 
        "date": "2012-09-30", 
        "operating_revenue": 104707, 
        "short_term_average": 96633
    }, 
    {
        "accumulated_operating_revenue_yoy": 430.88952238168974, 
        "accumulated_operating_revenue": 970259, 
        "long_term_average": 95633, 
        "date": "2012-10-31", 
        "operating_revenue": 91981, 
        "short_term_average": 93178
    }, 
    {
        "accumulated_operating_revenue_yoy": 304.62640047811055, 
        "accumulated_operating_revenue": 1069727, 
        "long_term_average": 97121, 
        "date": "2012-11-30", 
        "operating_revenue": 99468, 
        "short_term_average": 98718
    }, 
    {
        "accumulated_operating_revenue_yoy": 227.42548659689032, 
        "accumulated_operating_revenue": 1179069, 
        "long_term_average": 98255, 
        "date": "2012-12-31", 
        "operating_revenue": 109342, 
        "short_term_average": 100263
    }, 
    {
        "accumulated_operating_revenue_yoy": 50.32052686146522, 
        "accumulated_operating_revenue": 102941, 
        "long_term_average": 101127, 
        "date": "2013-01-31", 
        "operating_revenue": 102941, 
        "short_term_average": 103917
    }, 
    {
        "accumulated_operating_revenue_yoy": 23.395841391360015, 
        "accumulated_operating_revenue": 185037, 
        "long_term_average": 101179, 
        "date": "2013-02-28", 
        "operating_revenue": 82096, 
        "short_term_average": 98126
    }, 
    {
        "accumulated_operating_revenue_yoy": 16.74696919496549, 
        "accumulated_operating_revenue": 292464, 
        "long_term_average": 101751, 
        "date": "2013-03-31", 
        "operating_revenue": 107427, 
        "short_term_average": 97488
    }, 
    {
        "accumulated_operating_revenue_yoy": 13.278849188551686, 
        "accumulated_operating_revenue": 409170, 
        "long_term_average": 102252, 
        "date": "2013-04-30", 
        "operating_revenue": 116706, 
        "short_term_average": 102076
    }, 
    {
        "accumulated_operating_revenue_yoy": 7.37712907487251, 
        "accumulated_operating_revenue": 517765, 
        "long_term_average": 101220, 
        "date": "2013-05-31", 
        "operating_revenue": 108595, 
        "short_term_average": 110909
    }, 
    {
        "accumulated_operating_revenue_yoy": 4.092260260818282, 
        "accumulated_operating_revenue": 612457, 
        "long_term_average": 100262, 
        "date": "2013-06-30", 
        "operating_revenue": 94692, 
        "short_term_average": 106664
    }, 
    {
        "accumulated_operating_revenue_yoy": 4.282173487529028, 
        "accumulated_operating_revenue": 720302, 
        "long_term_average": 100720, 
        "date": "2013-07-31", 
        "operating_revenue": 107845, 
        "short_term_average": 103710
    }, 
    {
        "accumulated_operating_revenue_yoy": 5.995571188682098, 
        "accumulated_operating_revenue": 819951, 
        "long_term_average": 102120, 
        "date": "2013-08-31", 
        "operating_revenue": 99649, 
        "short_term_average": 100728
    }, 
    {
        "accumulated_operating_revenue_yoy": 6.189611945192752, 
        "accumulated_operating_revenue": 932640, 
        "long_term_average": 102785, 
        "date": "2013-09-30", 
        "operating_revenue": 112689, 
        "short_term_average": 106727
    }, 
    {
        "accumulated_operating_revenue_yoy": 8.895975198374867, 
        "accumulated_operating_revenue": 1056573, 
        "long_term_average": 105448, 
        "date": "2013-10-31", 
        "operating_revenue": 123933, 
        "short_term_average": 112090
    }, 
    {
        "accumulated_operating_revenue_yoy": 11.398141768881219, 
        "accumulated_operating_revenue": 1191656, 
        "long_term_average": 108416, 
        "date": "2013-11-30", 
        "operating_revenue": 135083, 
        "short_term_average": 123901
    }, 
    {
        "accumulated_operating_revenue_yoy": 12.2254083518437, 
        "accumulated_operating_revenue": 1323215, 
        "long_term_average": 110267, 
        "date": "2013-12-31", 
        "operating_revenue": 131559, 
        "short_term_average": 130191
    }, 
    {
        "accumulated_operating_revenue_yoy": 33.1150853401463, 
        "accumulated_operating_revenue": 137030, 
        "long_term_average": 113108, 
        "date": "2014-01-31", 
        "operating_revenue": 137030, 
        "short_term_average": 134557
    }, 
    {
        "accumulated_operating_revenue_yoy": 32.349746266962825, 
        "accumulated_operating_revenue": 244896, 
        "long_term_average": 115256, 
        "date": "2014-02-28", 
        "operating_revenue": 107866, 
        "short_term_average": 125485
    }, 
    {
        "accumulated_operating_revenue_yoy": 28.014730018053502, 
        "accumulated_operating_revenue": 374397, 
        "long_term_average": 117095, 
        "date": "2014-03-31", 
        "operating_revenue": 129501, 
        "short_term_average": 124799
    }, 
    {
        "accumulated_operating_revenue_yoy": 26.715546105530706, 
        "accumulated_operating_revenue": 518482, 
        "long_term_average": 119377, 
        "date": "2014-04-30", 
        "operating_revenue": 144085, 
        "short_term_average": 127150
    }, 
    {
        "accumulated_operating_revenue_yoy": 26.188908095371456, 
        "accumulated_operating_revenue": 653362, 
        "long_term_average": 121567, 
        "date": "2014-05-31", 
        "operating_revenue": 134880, 
        "short_term_average": 136155
    }, 
    {
        "accumulated_operating_revenue_yoy": 26.489859696272553, 
        "accumulated_operating_revenue": 774696, 
        "long_term_average": 123787, 
        "date": "2014-06-30", 
        "operating_revenue": 121334, 
        "short_term_average": 133433
    }, 
    {
        "accumulated_operating_revenue_yoy": 28.064339679745444, 
        "accumulated_operating_revenue": 922450, 
        "long_term_average": 127113, 
        "date": "2014-07-31", 
        "operating_revenue": 147754, 
        "short_term_average": 134656
    }, 
    {
        "accumulated_operating_revenue_yoy": 29.661284637740547, 
        "accumulated_operating_revenue": 1063159, 
        "long_term_average": 130535, 
        "date": "2014-08-31", 
        "operating_revenue": 140709, 
        "short_term_average": 136599
    }, 
    {
        "accumulated_operating_revenue_yoy": 30.248220106364727, 
        "accumulated_operating_revenue": 1214747, 
        "long_term_average": 133776, 
        "date": "2014-09-30", 
        "operating_revenue": 151588, 
        "short_term_average": 146683
    }, 
    {
        "accumulated_operating_revenue_yoy": 29.250037621631442, 
        "accumulated_operating_revenue": 1365621, 
        "long_term_average": 136021, 
        "date": "2014-10-31", 
        "operating_revenue": 150874, 
        "short_term_average": 147723
    }, 
    {
        "accumulated_operating_revenue_yoy": 27.238901159394995, 
        "accumulated_operating_revenue": 1516250, 
        "long_term_average": 137317, 
        "date": "2014-11-30", 
        "operating_revenue": 150629, 
        "short_term_average": 151030
    }, 
    {
        "accumulated_operating_revenue_yoy": 26.72415291543702, 
        "accumulated_operating_revenue": 1676833, 
        "long_term_average": 139736, 
        "date": "2014-12-31", 
        "operating_revenue": 160583, 
        "short_term_average": 154028
    }, 
    {
        "accumulated_operating_revenue_yoy": 8.825804568342699, 
        "accumulated_operating_revenue": 149124, 
        "long_term_average": 140743, 
        "date": "2015-01-31", 
        "operating_revenue": 149124, 
        "short_term_average": 153445
    }, 
    {
        "accumulated_operating_revenue_yoy": 13.068404547236378, 
        "accumulated_operating_revenue": 276900, 
        "long_term_average": 142403, 
        "date": "2015-02-28", 
        "operating_revenue": 127776, 
        "short_term_average": 145827
    }, 
    {
        "accumulated_operating_revenue_yoy": 12.848660646319281, 
        "accumulated_operating_revenue": 422502, 
        "long_term_average": 143744, 
        "date": "2015-03-31", 
        "operating_revenue": 145602, 
        "short_term_average": 140834
    }, 
    {
        "accumulated_operating_revenue_yoy": 9.479981947300002, 
        "accumulated_operating_revenue": 567634, 
        "long_term_average": 143832, 
        "date": "2015-04-30", 
        "operating_revenue": 145132, 
        "short_term_average": 139503
    }, 
    {
        "accumulated_operating_revenue_yoy": 7.281109094192805, 
        "accumulated_operating_revenue": 700934, 
        "long_term_average": 143700, 
        "date": "2015-05-31", 
        "operating_revenue": 133300, 
        "short_term_average": 141344
    }, 
    {
        "accumulated_operating_revenue_yoy": 6.69849850780177, 
        "accumulated_operating_revenue": 826589, 
        "long_term_average": 144060, 
        "date": "2015-06-30", 
        "operating_revenue": 125655, 
        "short_term_average": 134695
    }, 
    {
        "accumulated_operating_revenue_yoy": 4.115778632988238, 
        "accumulated_operating_revenue": 960416, 
        "long_term_average": 142899, 
        "date": "2015-07-31", 
        "operating_revenue": 133827, 
        "short_term_average": 130927
    }, 
    {
        "accumulated_operating_revenue_yoy": 1.7331368120854922, 
        "accumulated_operating_revenue": 1081585, 
        "long_term_average": 141271, 
        "date": "2015-08-31", 
        "operating_revenue": 121169, 
        "short_term_average": 126883
    }
]