[
    {
        "date": "2011-09-30", 
        "operating_revenue": 499478, 
        "accumulated_operating_revenue": 499478, 
        "long_term_average": 499478, 
        "short_term_average": 499478
    }, 
    {
        "date": "2011-10-31", 
        "operating_revenue": 462918, 
        "accumulated_operating_revenue": 962396, 
        "long_term_average": 481198, 
        "short_term_average": 481198
    }, 
    {
        "date": "2011-11-30", 
        "operating_revenue": 526898, 
        "accumulated_operating_revenue": 1489294, 
        "long_term_average": 496431, 
        "short_term_average": 496431
    }, 
    {
        "date": "2011-12-31", 
        "operating_revenue": 464943, 
        "accumulated_operating_revenue": 1954237, 
        "long_term_average": 488559, 
        "short_term_average": 484919
    }, 
    {
        "date": "2012-01-31", 
        "operating_revenue": 350513, 
        "accumulated_operating_revenue": 350513, 
        "long_term_average": 460950, 
        "short_term_average": 447451
    }, 
    {
        "date": "2012-02-29", 
        "operating_revenue": 342430, 
        "accumulated_operating_revenue": 692943, 
        "long_term_average": 441196, 
        "short_term_average": 385962
    }, 
    {
        "date": "2012-03-31", 
        "operating_revenue": 593782, 
        "accumulated_operating_revenue": 1286725, 
        "long_term_average": 462994, 
        "short_term_average": 428908
    }, 
    {
        "date": "2012-04-30", 
        "operating_revenue": 468040, 
        "accumulated_operating_revenue": 1754765, 
        "long_term_average": 463625, 
        "short_term_average": 468084
    }, 
    {
        "date": "2012-05-31", 
        "operating_revenue": 546921, 
        "accumulated_operating_revenue": 2301686, 
        "long_term_average": 472880, 
        "short_term_average": 536247
    }, 
    {
        "date": "2012-06-30", 
        "operating_revenue": 527212, 
        "accumulated_operating_revenue": 2828898, 
        "long_term_average": 478313, 
        "short_term_average": 514057
    }, 
    {
        "date": "2012-07-31", 
        "operating_revenue": 437206, 
        "accumulated_operating_revenue": 3266104, 
        "long_term_average": 474576, 
        "short_term_average": 503779
    }, 
    {
        "date": "2012-08-31", 
        "operating_revenue": 449873, 
        "accumulated_operating_revenue": 3715977, 
        "long_term_average": 472517, 
        "short_term_average": 471430
    }, 
    {
        "accumulated_operating_revenue_yoy": 729.4767737517968, 
        "accumulated_operating_revenue": 4143054, 
        "long_term_average": 466484, 
        "date": "2012-09-30", 
        "operating_revenue": 427077, 
        "short_term_average": 438052
    }, 
    {
        "accumulated_operating_revenue_yoy": 362.53995236887937, 
        "accumulated_operating_revenue": 4451466, 
        "long_term_average": 453608, 
        "date": "2012-10-31", 
        "operating_revenue": 308412, 
        "short_term_average": 395120
    }, 
    {
        "accumulated_operating_revenue_yoy": 223.81249101923464, 
        "accumulated_operating_revenue": 4822520, 
        "long_term_average": 440621, 
        "date": "2012-11-30", 
        "operating_revenue": 371054, 
        "short_term_average": 368847
    }, 
    {
        "accumulated_operating_revenue_yoy": 169.08338139130515, 
        "accumulated_operating_revenue": 5258527, 
        "long_term_average": 438210, 
        "date": "2012-12-31", 
        "operating_revenue": 436007, 
        "short_term_average": 371824
    }, 
    {
        "accumulated_operating_revenue_yoy": 2.472090906756668, 
        "accumulated_operating_revenue": 359178, 
        "long_term_average": 438932, 
        "date": "2013-01-31", 
        "operating_revenue": 359178, 
        "short_term_average": 388746
    }, 
    {
        "accumulated_operating_revenue_yoy": 5.5078123308843585, 
        "accumulated_operating_revenue": 731109, 
        "long_term_average": 441391, 
        "date": "2013-02-28", 
        "operating_revenue": 371931, 
        "short_term_average": 389038
    }, 
    {
        "accumulated_operating_revenue_yoy": -9.134663583904874, 
        "accumulated_operating_revenue": 1169187, 
        "long_term_average": 428415, 
        "date": "2013-03-31", 
        "operating_revenue": 438078, 
        "short_term_average": 389729
    }, 
    {
        "accumulated_operating_revenue_yoy": -7.928469054260827, 
        "accumulated_operating_revenue": 1615639, 
        "long_term_average": 426616, 
        "date": "2013-04-30", 
        "operating_revenue": 446452, 
        "short_term_average": 418820
    }, 
    {
        "accumulated_operating_revenue_yoy": -8.068911224206952, 
        "accumulated_operating_revenue": 2115965, 
        "long_term_average": 422733, 
        "date": "2013-05-31", 
        "operating_revenue": 500326, 
        "short_term_average": 461618
    }, 
    {
        "accumulated_operating_revenue_yoy": -8.655384534896628, 
        "accumulated_operating_revenue": 2584046, 
        "long_term_average": 417806, 
        "date": "2013-06-30", 
        "operating_revenue": 468081, 
        "short_term_average": 471619
    }, 
    {
        "accumulated_operating_revenue_yoy": -3.92314512948761, 
        "accumulated_operating_revenue": 3137970, 
        "long_term_average": 427532, 
        "date": "2013-07-31", 
        "operating_revenue": 553924, 
        "short_term_average": 507443
    }, 
    {
        "accumulated_operating_revenue_yoy": -1.491586196577643, 
        "accumulated_operating_revenue": 3660550, 
        "long_term_average": 433591, 
        "date": "2013-08-31", 
        "operating_revenue": 522580, 
        "short_term_average": 514861
    }, 
    {
        "accumulated_operating_revenue_yoy": 1.7379450038546445, 
        "accumulated_operating_revenue": 4215058, 
        "long_term_average": 444210, 
        "date": "2013-09-30", 
        "operating_revenue": 554508, 
        "short_term_average": 543670
    }, 
    {
        "accumulated_operating_revenue_yoy": 6.882788726230864, 
        "accumulated_operating_revenue": 4757851, 
        "long_term_average": 463742, 
        "date": "2013-10-31", 
        "operating_revenue": 542793, 
        "short_term_average": 539960
    }, 
    {
        "accumulated_operating_revenue_yoy": 9.985401823113227, 
        "accumulated_operating_revenue": 5304068, 
        "long_term_average": 478339, 
        "date": "2013-11-30", 
        "operating_revenue": 546217, 
        "short_term_average": 547839
    }, 
    {
        "accumulated_operating_revenue_yoy": 12.187880750636063, 
        "accumulated_operating_revenue": 5899430, 
        "long_term_average": 491619, 
        "date": "2013-12-31", 
        "operating_revenue": 595362, 
        "short_term_average": 561457
    }, 
    {
        "accumulated_operating_revenue_yoy": 44.81788973712199, 
        "accumulated_operating_revenue": 520154, 
        "long_term_average": 505033, 
        "date": "2014-01-31", 
        "operating_revenue": 520154, 
        "short_term_average": 553911
    }, 
    {
        "accumulated_operating_revenue_yoy": 22.704959178453553, 
        "accumulated_operating_revenue": 897107, 
        "long_term_average": 505452, 
        "date": "2014-02-28", 
        "operating_revenue": 376953, 
        "short_term_average": 497489
    }, 
    {
        "accumulated_operating_revenue_yoy": 39.955370697758354, 
        "accumulated_operating_revenue": 1636340, 
        "long_term_average": 530548, 
        "date": "2014-03-31", 
        "operating_revenue": 739233, 
        "short_term_average": 545446
    }, 
    {
        "accumulated_operating_revenue_yoy": 42.32220192753455, 
        "accumulated_operating_revenue": 2299413, 
        "long_term_average": 548600, 
        "date": "2014-04-30", 
        "operating_revenue": 663073, 
        "short_term_average": 593086
    }, 
    {
        "accumulated_operating_revenue_yoy": 40.63715609662731, 
        "accumulated_operating_revenue": 2975833, 
        "long_term_average": 563274, 
        "date": "2014-05-31", 
        "operating_revenue": 676420, 
        "short_term_average": 692908
    }, 
    {
        "accumulated_operating_revenue_yoy": 40.673037554285024, 
        "accumulated_operating_revenue": 3635056, 
        "long_term_average": 579203, 
        "date": "2014-06-30", 
        "operating_revenue": 659223, 
        "short_term_average": 666238
    }, 
    {
        "accumulated_operating_revenue_yoy": 35.39358247529454, 
        "accumulated_operating_revenue": 4248610, 
        "long_term_average": 584172, 
        "date": "2014-07-31", 
        "operating_revenue": 613554, 
        "short_term_average": 649732
    }, 
    {
        "accumulated_operating_revenue_yoy": 31.8535465981888, 
        "accumulated_operating_revenue": 4826565, 
        "long_term_average": 588787, 
        "date": "2014-08-31", 
        "operating_revenue": 577955, 
        "short_term_average": 616910
    }, 
    {
        "accumulated_operating_revenue_yoy": 28.657090839556652, 
        "accumulated_operating_revenue": 5422971, 
        "long_term_average": 592278, 
        "date": "2014-09-30", 
        "operating_revenue": 596406, 
        "short_term_average": 595971
    }, 
    {
        "accumulated_operating_revenue_yoy": 26.65566870421121, 
        "accumulated_operating_revenue": 6026088, 
        "long_term_average": 597305, 
        "date": "2014-10-31", 
        "operating_revenue": 603117, 
        "short_term_average": 592492
    }, 
    {
        "accumulated_operating_revenue_yoy": 24.706489434147528, 
        "accumulated_operating_revenue": 6614517, 
        "long_term_average": 600823, 
        "date": "2014-11-30", 
        "operating_revenue": 588429, 
        "short_term_average": 595984
    }, 
    {
        "accumulated_operating_revenue_yoy": 22.993543444027644, 
        "accumulated_operating_revenue": 7255918, 
        "long_term_average": 604659, 
        "date": "2014-12-31", 
        "operating_revenue": 641401, 
        "short_term_average": 610982
    }, 
    {
        "accumulated_operating_revenue_yoy": 43.19836048554851, 
        "accumulated_operating_revenue": 744852, 
        "long_term_average": 623384, 
        "date": "2015-01-31", 
        "operating_revenue": 744852, 
        "short_term_average": 658227
    }, 
    {
        "accumulated_operating_revenue_yoy": 36.59184467404668, 
        "accumulated_operating_revenue": 1225375, 
        "long_term_average": 632015, 
        "date": "2015-02-28", 
        "operating_revenue": 480523, 
        "short_term_average": 622258
    }, 
    {
        "accumulated_operating_revenue_yoy": 13.848955596025275, 
        "accumulated_operating_revenue": 1862956, 
        "long_term_average": 623544, 
        "date": "2015-03-31", 
        "operating_revenue": 637581, 
        "short_term_average": 620985
    }, 
    {
        "accumulated_operating_revenue_yoy": 13.408856956101406, 
        "accumulated_operating_revenue": 2607738, 
        "long_term_average": 630353, 
        "date": "2015-04-30", 
        "operating_revenue": 744782, 
        "short_term_average": 620962
    }, 
    {
        "accumulated_operating_revenue_yoy": 12.623625048851867, 
        "accumulated_operating_revenue": 3351491, 
        "long_term_average": 635964, 
        "date": "2015-05-31", 
        "operating_revenue": 743753, 
        "short_term_average": 708705
    }, 
    {
        "accumulated_operating_revenue_yoy": 11.44128178492986, 
        "accumulated_operating_revenue": 4050953, 
        "long_term_average": 639317, 
        "date": "2015-06-30", 
        "operating_revenue": 699462, 
        "short_term_average": 729332
    }, 
    {
        "accumulated_operating_revenue_yoy": 13.007948481974104, 
        "accumulated_operating_revenue": 4801267, 
        "long_term_average": 650714, 
        "date": "2015-07-31", 
        "operating_revenue": 750314, 
        "short_term_average": 731176
    }, 
    {
        "accumulated_operating_revenue_yoy": 12.528102283922419, 
        "accumulated_operating_revenue": 5431242, 
        "long_term_average": 655049, 
        "date": "2015-08-31", 
        "operating_revenue": 629975, 
        "short_term_average": 693250
    }, 
    {
        "accumulated_operating_revenue_yoy": 13.96798913363173, 
        "accumulated_operating_revenue": 6180451, 
        "long_term_average": 667783, 
        "date": "2015-09-30", 
        "operating_revenue": 749209, 
        "short_term_average": 709832
    }, 
    {
        "accumulated_operating_revenue_yoy": 13.383193209259472, 
        "accumulated_operating_revenue": 6832571, 
        "long_term_average": 671866, 
        "date": "2015-10-31", 
        "operating_revenue": 652120, 
        "short_term_average": 677101
    }
]