[
    {
        "date": "2011-09-30", 
        "operating_revenue": 455525, 
        "accumulated_operating_revenue": 455525, 
        "long_term_average": 455525, 
        "short_term_average": 455525
    }, 
    {
        "date": "2011-10-31", 
        "operating_revenue": 420287, 
        "accumulated_operating_revenue": 875812, 
        "long_term_average": 437906, 
        "short_term_average": 437906
    }, 
    {
        "date": "2011-11-30", 
        "operating_revenue": 421001, 
        "accumulated_operating_revenue": 1296813, 
        "long_term_average": 432271, 
        "short_term_average": 432271
    }, 
    {
        "date": "2011-12-31", 
        "operating_revenue": 409536, 
        "accumulated_operating_revenue": 1706349, 
        "long_term_average": 426587, 
        "short_term_average": 416941
    }, 
    {
        "date": "2012-01-31", 
        "operating_revenue": 240766, 
        "accumulated_operating_revenue": 240766, 
        "long_term_average": 389423, 
        "short_term_average": 357101
    }, 
    {
        "date": "2012-02-29", 
        "operating_revenue": 437848, 
        "accumulated_operating_revenue": 678614, 
        "long_term_average": 397493, 
        "short_term_average": 362716
    }, 
    {
        "date": "2012-03-31", 
        "operating_revenue": 570969, 
        "accumulated_operating_revenue": 1249583, 
        "long_term_average": 422276, 
        "short_term_average": 416527
    }, 
    {
        "date": "2012-04-30", 
        "operating_revenue": 494199, 
        "accumulated_operating_revenue": 1743782, 
        "long_term_average": 431266, 
        "short_term_average": 501005
    }, 
    {
        "date": "2012-05-31", 
        "operating_revenue": 542051, 
        "accumulated_operating_revenue": 2285833, 
        "long_term_average": 443575, 
        "short_term_average": 535739
    }, 
    {
        "date": "2012-06-30", 
        "operating_revenue": 537573, 
        "accumulated_operating_revenue": 2823406, 
        "long_term_average": 452975, 
        "short_term_average": 524607
    }, 
    {
        "date": "2012-07-31", 
        "operating_revenue": 515120, 
        "accumulated_operating_revenue": 3338526, 
        "long_term_average": 458625, 
        "short_term_average": 531581
    }, 
    {
        "date": "2012-08-31", 
        "operating_revenue": 505330, 
        "accumulated_operating_revenue": 3843856, 
        "long_term_average": 462517, 
        "short_term_average": 519341
    }, 
    {
        "accumulated_operating_revenue_yoy": 849.7199934141925, 
        "accumulated_operating_revenue": 4326212, 
        "long_term_average": 464753, 
        "date": "2012-09-30", 
        "operating_revenue": 482356, 
        "short_term_average": 500935
    }, 
    {
        "accumulated_operating_revenue_yoy": 444.3638589103598, 
        "accumulated_operating_revenue": 4767604, 
        "long_term_average": 466511, 
        "date": "2012-10-31", 
        "operating_revenue": 441392, 
        "short_term_average": 476359
    }, 
    {
        "accumulated_operating_revenue_yoy": 305.84594694840354, 
        "accumulated_operating_revenue": 5263063, 
        "long_term_average": 472716, 
        "date": "2012-11-30", 
        "operating_revenue": 495459, 
        "short_term_average": 473069
    }, 
    {
        "accumulated_operating_revenue_yoy": 234.4883139381217, 
        "accumulated_operating_revenue": 5707538, 
        "long_term_average": 475628, 
        "date": "2012-12-31", 
        "operating_revenue": 444475, 
        "short_term_average": 460442
    }, 
    {
        "accumulated_operating_revenue_yoy": 118.5366704601148, 
        "accumulated_operating_revenue": 526162, 
        "long_term_average": 499411, 
        "date": "2013-01-31", 
        "operating_revenue": 526162, 
        "short_term_average": 488698
    }, 
    {
        "accumulated_operating_revenue_yoy": 18.94140114999101, 
        "accumulated_operating_revenue": 807153, 
        "long_term_average": 486339, 
        "date": "2013-02-28", 
        "operating_revenue": 280991, 
        "short_term_average": 417209
    }, 
    {
        "accumulated_operating_revenue_yoy": 15.925872871189828, 
        "accumulated_operating_revenue": 1448590, 
        "long_term_average": 492212, 
        "date": "2013-03-31", 
        "operating_revenue": 641437, 
        "short_term_average": 482863
    }, 
    {
        "accumulated_operating_revenue_yoy": 22.03727300774982, 
        "accumulated_operating_revenue": 2128064, 
        "long_term_average": 507651, 
        "date": "2013-04-30", 
        "operating_revenue": 679474, 
        "short_term_average": 533967
    }, 
    {
        "accumulated_operating_revenue_yoy": 23.004042727530837, 
        "accumulated_operating_revenue": 2811667, 
        "long_term_average": 519447, 
        "date": "2013-05-31", 
        "operating_revenue": 683603, 
        "short_term_average": 668171
    }, 
    {
        "accumulated_operating_revenue_yoy": 23.992546590890576, 
        "accumulated_operating_revenue": 3500813, 
        "long_term_average": 532078, 
        "date": "2013-06-30", 
        "operating_revenue": 689146, 
        "short_term_average": 684074
    }, 
    {
        "accumulated_operating_revenue_yoy": 25.65153004649357, 
        "accumulated_operating_revenue": 4194909, 
        "long_term_average": 546993, 
        "date": "2013-07-31", 
        "operating_revenue": 694096, 
        "short_term_average": 688948
    }, 
    {
        "accumulated_operating_revenue_yoy": 26.45908171377908, 
        "accumulated_operating_revenue": 4860905, 
        "long_term_average": 560382, 
        "date": "2013-08-31", 
        "operating_revenue": 665996, 
        "short_term_average": 683079
    }, 
    {
        "accumulated_operating_revenue_yoy": 27.521027633412327, 
        "accumulated_operating_revenue": 5516830, 
        "long_term_average": 574846, 
        "date": "2013-09-30", 
        "operating_revenue": 655925, 
        "short_term_average": 672005
    }, 
    {
        "accumulated_operating_revenue_yoy": 27.271665180245673, 
        "accumulated_operating_revenue": 6067809, 
        "long_term_average": 583978, 
        "date": "2013-10-31", 
        "operating_revenue": 550979, 
        "short_term_average": 624300
    }, 
    {
        "accumulated_operating_revenue_yoy": 27.140089335810725, 
        "accumulated_operating_revenue": 6691463, 
        "long_term_average": 594661, 
        "date": "2013-11-30", 
        "operating_revenue": 623654, 
        "short_term_average": 610186
    }, 
    {
        "accumulated_operating_revenue_yoy": 27.93514471563746, 
        "accumulated_operating_revenue": 7301947, 
        "long_term_average": 608495, 
        "date": "2013-12-31", 
        "operating_revenue": 610484, 
        "short_term_average": 595039
    }, 
    {
        "accumulated_operating_revenue_yoy": -6.844660009654821, 
        "accumulated_operating_revenue": 490148, 
        "long_term_average": 605494, 
        "date": "2014-01-31", 
        "operating_revenue": 490148, 
        "short_term_average": 574762
    }, 
    {
        "accumulated_operating_revenue_yoy": 24.9566067399861, 
        "accumulated_operating_revenue": 1008591, 
        "long_term_average": 625282, 
        "date": "2014-02-28", 
        "operating_revenue": 518443, 
        "short_term_average": 539691
    }, 
    {
        "accumulated_operating_revenue_yoy": 24.52018859718761, 
        "accumulated_operating_revenue": 1803787, 
        "long_term_average": 638095, 
        "date": "2014-03-31", 
        "operating_revenue": 795196, 
        "short_term_average": 601262
    }, 
    {
        "accumulated_operating_revenue_yoy": 23.263821012901868, 
        "accumulated_operating_revenue": 2623133, 
        "long_term_average": 649751, 
        "date": "2014-04-30", 
        "operating_revenue": 819346, 
        "short_term_average": 710995
    }, 
    {
        "accumulated_operating_revenue_yoy": 21.823850406182522, 
        "accumulated_operating_revenue": 3425281, 
        "long_term_average": 659630, 
        "date": "2014-05-31", 
        "operating_revenue": 802148, 
        "short_term_average": 805563
    }, 
    {
        "accumulated_operating_revenue_yoy": 19.192027680427376, 
        "accumulated_operating_revenue": 4172690, 
        "long_term_average": 664485, 
        "date": "2014-06-30", 
        "operating_revenue": 747409, 
        "short_term_average": 789634
    }, 
    {
        "accumulated_operating_revenue_yoy": 17.65244490404917, 
        "accumulated_operating_revenue": 4935413, 
        "long_term_average": 670204, 
        "date": "2014-07-31", 
        "operating_revenue": 762723, 
        "short_term_average": 770760
    }, 
    {
        "accumulated_operating_revenue_yoy": 15.47993634930121, 
        "accumulated_operating_revenue": 5613370, 
        "long_term_average": 671201, 
        "date": "2014-08-31", 
        "operating_revenue": 677957, 
        "short_term_average": 729363
    }, 
    {
        "accumulated_operating_revenue_yoy": 14.410123204811459, 
        "accumulated_operating_revenue": 6311812, 
        "long_term_average": 674744, 
        "date": "2014-09-30", 
        "operating_revenue": 698442, 
        "short_term_average": 713040
    }, 
    {
        "accumulated_operating_revenue_yoy": 14.707186729180172, 
        "accumulated_operating_revenue": 6960213, 
        "long_term_average": 682862, 
        "date": "2014-10-31", 
        "operating_revenue": 648401, 
        "short_term_average": 674933
    }, 
    {
        "accumulated_operating_revenue_yoy": 14.393967358109878, 
        "accumulated_operating_revenue": 7654630, 
        "long_term_average": 688759, 
        "date": "2014-11-30", 
        "operating_revenue": 694417, 
        "short_term_average": 680420
    }, 
    {
        "accumulated_operating_revenue_yoy": 14.517662207079837, 
        "accumulated_operating_revenue": 8362019, 
        "long_term_average": 696834, 
        "date": "2014-12-31", 
        "operating_revenue": 707389, 
        "short_term_average": 683402
    }, 
    {
        "accumulated_operating_revenue_yoy": 45.78351844748933, 
        "accumulated_operating_revenue": 714555, 
        "long_term_average": 715535, 
        "date": "2015-01-31", 
        "operating_revenue": 714555, 
        "short_term_average": 705453
    }, 
    {
        "accumulated_operating_revenue_yoy": 6.689431097441877, 
        "accumulated_operating_revenue": 1076060, 
        "long_term_average": 702457, 
        "date": "2015-02-28", 
        "operating_revenue": 361505, 
        "short_term_average": 594483
    }, 
    {
        "accumulated_operating_revenue_yoy": 3.480898797917936, 
        "accumulated_operating_revenue": 1866575, 
        "long_term_average": 702067, 
        "date": "2015-03-31", 
        "operating_revenue": 790515, 
        "short_term_average": 622191
    }, 
    {
        "accumulated_operating_revenue_yoy": 3.90613056981861, 
        "accumulated_operating_revenue": 2725596, 
        "long_term_average": 705373, 
        "date": "2015-04-30", 
        "operating_revenue": 859021, 
        "short_term_average": 670347
    }, 
    {
        "accumulated_operating_revenue_yoy": 2.8715892214390584, 
        "accumulated_operating_revenue": 3523641, 
        "long_term_average": 705031, 
        "date": "2015-05-31", 
        "operating_revenue": 798045, 
        "short_term_average": 815860
    }, 
    {
        "accumulated_operating_revenue_yoy": 3.239205404667014, 
        "accumulated_operating_revenue": 4307852, 
        "long_term_average": 708098, 
        "date": "2015-06-30", 
        "operating_revenue": 784211, 
        "short_term_average": 813759
    }, 
    {
        "accumulated_operating_revenue_yoy": 3.869969949829933, 
        "accumulated_operating_revenue": 5126412, 
        "long_term_average": 712751, 
        "date": "2015-07-31", 
        "operating_revenue": 818560, 
        "short_term_average": 800272
    }, 
    {
        "accumulated_operating_revenue_yoy": 4.745349050570335, 
        "accumulated_operating_revenue": 5879744, 
        "long_term_average": 719032, 
        "date": "2015-08-31", 
        "operating_revenue": 753332, 
        "short_term_average": 785367
    }
]