[
    {
        "date": "2011-09-30", 
        "operating_revenue": 50291, 
        "accumulated_operating_revenue": 50291, 
        "long_term_average": 50291, 
        "short_term_average": 50291
    }, 
    {
        "date": "2011-10-31", 
        "operating_revenue": 49933, 
        "accumulated_operating_revenue": 100224, 
        "long_term_average": 50112, 
        "short_term_average": 50112
    }, 
    {
        "date": "2011-11-30", 
        "operating_revenue": 48835, 
        "accumulated_operating_revenue": 149059, 
        "long_term_average": 49686, 
        "short_term_average": 49686
    }, 
    {
        "date": "2011-12-31", 
        "operating_revenue": 54932, 
        "accumulated_operating_revenue": 203991, 
        "long_term_average": 50997, 
        "short_term_average": 51233
    }, 
    {
        "date": "2012-01-31", 
        "operating_revenue": 53075, 
        "accumulated_operating_revenue": 53075, 
        "long_term_average": 51413, 
        "short_term_average": 52280
    }, 
    {
        "date": "2012-02-29", 
        "operating_revenue": 50507, 
        "accumulated_operating_revenue": 103582, 
        "long_term_average": 51262, 
        "short_term_average": 52838
    }, 
    {
        "date": "2012-03-31", 
        "operating_revenue": 53490, 
        "accumulated_operating_revenue": 157072, 
        "long_term_average": 51580, 
        "short_term_average": 52357
    }, 
    {
        "date": "2012-04-30", 
        "operating_revenue": 56393, 
        "accumulated_operating_revenue": 213465, 
        "long_term_average": 52182, 
        "short_term_average": 53463
    }, 
    {
        "date": "2012-05-31", 
        "operating_revenue": 60487, 
        "accumulated_operating_revenue": 273952, 
        "long_term_average": 53104, 
        "short_term_average": 56790
    }, 
    {
        "date": "2012-06-30", 
        "operating_revenue": 62714, 
        "accumulated_operating_revenue": 336666, 
        "long_term_average": 54065, 
        "short_term_average": 59864
    }, 
    {
        "date": "2012-07-31", 
        "operating_revenue": 61328, 
        "accumulated_operating_revenue": 397994, 
        "long_term_average": 54725, 
        "short_term_average": 61509
    }, 
    {
        "date": "2012-08-31", 
        "operating_revenue": 59645, 
        "accumulated_operating_revenue": 457639, 
        "long_term_average": 55135, 
        "short_term_average": 61229
    }, 
    {
        "accumulated_operating_revenue_yoy": 906.1024835457637, 
        "accumulated_operating_revenue": 505979, 
        "long_term_average": 54973, 
        "date": "2012-09-30", 
        "operating_revenue": 48340, 
        "short_term_average": 56437
    }, 
    {
        "accumulated_operating_revenue_yoy": 450.069843550447, 
        "accumulated_operating_revenue": 551302, 
        "long_term_average": 54589, 
        "date": "2012-10-31", 
        "operating_revenue": 45323, 
        "short_term_average": 51102
    }, 
    {
        "accumulated_operating_revenue_yoy": 306.45449117463556, 
        "accumulated_operating_revenue": 605857, 
        "long_term_average": 55065, 
        "date": "2012-11-30", 
        "operating_revenue": 54555, 
        "short_term_average": 49406
    }, 
    {
        "accumulated_operating_revenue_yoy": 222.4867763773892, 
        "accumulated_operating_revenue": 657844, 
        "long_term_average": 54820, 
        "date": "2012-12-31", 
        "operating_revenue": 51987, 
        "short_term_average": 50621
    }, 
    {
        "accumulated_operating_revenue_yoy": 8.508714083843618, 
        "accumulated_operating_revenue": 57591, 
        "long_term_average": 55196, 
        "date": "2013-01-31", 
        "operating_revenue": 57591, 
        "short_term_average": 54711
    }, 
    {
        "accumulated_operating_revenue_yoy": 5.630321870595277, 
        "accumulated_operating_revenue": 109414, 
        "long_term_average": 55306, 
        "date": "2013-02-28", 
        "operating_revenue": 51823, 
        "short_term_average": 53800
    }, 
    {
        "accumulated_operating_revenue_yoy": 5.310940205765509, 
        "accumulated_operating_revenue": 165414, 
        "long_term_average": 55515, 
        "date": "2013-03-31", 
        "operating_revenue": 56000, 
        "short_term_average": 55138
    }, 
    {
        "accumulated_operating_revenue_yoy": 3.0229780057620688, 
        "accumulated_operating_revenue": 219918, 
        "long_term_average": 55358, 
        "date": "2013-04-30", 
        "operating_revenue": 54504, 
        "short_term_average": 54109
    }, 
    {
        "accumulated_operating_revenue_yoy": 1.4871218315617334, 
        "accumulated_operating_revenue": 278026, 
        "long_term_average": 55159, 
        "date": "2013-05-31", 
        "operating_revenue": 58108, 
        "short_term_average": 56204
    }, 
    {
        "accumulated_operating_revenue_yoy": -1.2790124336879876, 
        "accumulated_operating_revenue": 332360, 
        "long_term_average": 54461, 
        "date": "2013-06-30", 
        "operating_revenue": 54334, 
        "short_term_average": 55648
    }, 
    {
        "accumulated_operating_revenue_yoy": -3.7048297210510714, 
        "accumulated_operating_revenue": 383249, 
        "long_term_average": 53591, 
        "date": "2013-07-31", 
        "operating_revenue": 50889, 
        "short_term_average": 54443
    }, 
    {
        "accumulated_operating_revenue_yoy": -7.263366977027745, 
        "accumulated_operating_revenue": 424399, 
        "long_term_average": 52050, 
        "date": "2013-08-31", 
        "operating_revenue": 41150, 
        "short_term_average": 48791
    }, 
    {
        "accumulated_operating_revenue_yoy": -6.957205733834804, 
        "accumulated_operating_revenue": 470777, 
        "long_term_average": 51886, 
        "date": "2013-09-30", 
        "operating_revenue": 46378, 
        "short_term_average": 46139
    }, 
    {
        "accumulated_operating_revenue_yoy": -5.202593134071706, 
        "accumulated_operating_revenue": 522620, 
        "long_term_average": 52430, 
        "date": "2013-10-31", 
        "operating_revenue": 51843, 
        "short_term_average": 46457
    }, 
    {
        "accumulated_operating_revenue_yoy": -4.269819445842831, 
        "accumulated_operating_revenue": 579988, 
        "long_term_average": 52664, 
        "date": "2013-11-30", 
        "operating_revenue": 57368, 
        "short_term_average": 51863
    }, 
    {
        "accumulated_operating_revenue_yoy": -3.4918612923428656, 
        "accumulated_operating_revenue": 634873, 
        "long_term_average": 52906, 
        "date": "2013-12-31", 
        "operating_revenue": 54885, 
        "short_term_average": 54698
    }, 
    {
        "accumulated_operating_revenue_yoy": -30.87635220781025, 
        "accumulated_operating_revenue": 39809, 
        "long_term_average": 51424, 
        "date": "2014-01-31", 
        "operating_revenue": 39809, 
        "short_term_average": 50687
    }, 
    {
        "accumulated_operating_revenue_yoy": -8.545524338750068, 
        "accumulated_operating_revenue": 100064, 
        "long_term_average": 52126, 
        "date": "2014-02-28", 
        "operating_revenue": 60255, 
        "short_term_average": 51649
    }, 
    {
        "accumulated_operating_revenue_yoy": -2.1636620842250354, 
        "accumulated_operating_revenue": 161835, 
        "long_term_average": 52607, 
        "date": "2014-03-31", 
        "operating_revenue": 61771, 
        "short_term_average": 53945
    }, 
    {
        "accumulated_operating_revenue_yoy": 2.0703171181986013, 
        "accumulated_operating_revenue": 224471, 
        "long_term_average": 53285, 
        "date": "2014-04-30", 
        "operating_revenue": 62636, 
        "short_term_average": 61554
    }, 
    {
        "accumulated_operating_revenue_yoy": 3.3827771503384576, 
        "accumulated_operating_revenue": 287431, 
        "long_term_average": 53689, 
        "date": "2014-05-31", 
        "operating_revenue": 62960, 
        "short_term_average": 62455
    }, 
    {
        "accumulated_operating_revenue_yoy": 4.855277410037309, 
        "accumulated_operating_revenue": 348497, 
        "long_term_average": 54250, 
        "date": "2014-06-30", 
        "operating_revenue": 61066, 
        "short_term_average": 62220
    }, 
    {
        "accumulated_operating_revenue_yoy": 7.260292916615568, 
        "accumulated_operating_revenue": 411074, 
        "long_term_average": 55224, 
        "date": "2014-07-31", 
        "operating_revenue": 62577, 
        "short_term_average": 62201
    }, 
    {
        "accumulated_operating_revenue_yoy": 11.571893430474624, 
        "accumulated_operating_revenue": 473510, 
        "long_term_average": 56998, 
        "date": "2014-08-31", 
        "operating_revenue": 62436, 
        "short_term_average": 62026
    }, 
    {
        "accumulated_operating_revenue_yoy": 13.950554083993058, 
        "accumulated_operating_revenue": 536453, 
        "long_term_average": 58379, 
        "date": "2014-09-30", 
        "operating_revenue": 62943, 
        "short_term_average": 62652
    }, 
    {
        "accumulated_operating_revenue_yoy": 14.936856607095022, 
        "accumulated_operating_revenue": 600683, 
        "long_term_average": 59411, 
        "date": "2014-10-31", 
        "operating_revenue": 64230, 
        "short_term_average": 63203
    }, 
    {
        "accumulated_operating_revenue_yoy": 14.174776029848893, 
        "accumulated_operating_revenue": 662200, 
        "long_term_average": 59757, 
        "date": "2014-11-30", 
        "operating_revenue": 61517, 
        "short_term_average": 62896
    }, 
    {
        "accumulated_operating_revenue_yoy": 14.167872944667673, 
        "accumulated_operating_revenue": 724821, 
        "long_term_average": 60401, 
        "date": "2014-12-31", 
        "operating_revenue": 62621, 
        "short_term_average": 62789
    }, 
    {
        "accumulated_operating_revenue_yoy": 81.79808585998141, 
        "accumulated_operating_revenue": 72372, 
        "long_term_average": 63115, 
        "date": "2015-01-31", 
        "operating_revenue": 72372, 
        "short_term_average": 65503
    }, 
    {
        "accumulated_operating_revenue_yoy": 34.57787016309562, 
        "accumulated_operating_revenue": 134664, 
        "long_term_average": 63285, 
        "date": "2015-02-28", 
        "operating_revenue": 62292, 
        "short_term_average": 65761
    }, 
    {
        "accumulated_operating_revenue_yoy": 32.85012512744462, 
        "accumulated_operating_revenue": 214998, 
        "long_term_average": 64832, 
        "date": "2015-03-31", 
        "operating_revenue": 80334, 
        "short_term_average": 71666
    }, 
    {
        "accumulated_operating_revenue_yoy": 28.257547745588518, 
        "accumulated_operating_revenue": 287901, 
        "long_term_average": 65687, 
        "date": "2015-04-30", 
        "operating_revenue": 72903, 
        "short_term_average": 71843
    }, 
    {
        "accumulated_operating_revenue_yoy": 8.531438849671748, 
        "accumulated_operating_revenue": 311953, 
        "long_term_average": 62445, 
        "date": "2015-05-31", 
        "operating_revenue": 24052, 
        "short_term_average": 59096
    }, 
    {
        "accumulated_operating_revenue_yoy": -1.7136445937841644, 
        "accumulated_operating_revenue": 342525, 
        "long_term_average": 59904, 
        "date": "2015-06-30", 
        "operating_revenue": 30572, 
        "short_term_average": 42509
    }, 
    {
        "accumulated_operating_revenue_yoy": -7.578927395067554, 
        "accumulated_operating_revenue": 379919, 
        "long_term_average": 57805, 
        "date": "2015-07-31", 
        "operating_revenue": 37394, 
        "short_term_average": 30672
    }, 
    {
        "accumulated_operating_revenue_yoy": -10.556482439652806, 
        "accumulated_operating_revenue": 423524, 
        "long_term_average": 56236, 
        "date": "2015-08-31", 
        "operating_revenue": 43605, 
        "short_term_average": 37190
    }
]