[
    {
        "date": "2013-07-31", 
        "operating_revenue": 385452, 
        "accumulated_operating_revenue": 385452, 
        "long_term_average": 385452, 
        "short_term_average": 385452
    }, 
    {
        "date": "2013-08-31", 
        "operating_revenue": 356549, 
        "accumulated_operating_revenue": 742001, 
        "long_term_average": 371000, 
        "short_term_average": 371000
    }, 
    {
        "date": "2013-09-30", 
        "operating_revenue": 383631, 
        "accumulated_operating_revenue": 1125632, 
        "long_term_average": 375210, 
        "short_term_average": 375210
    }, 
    {
        "date": "2013-10-31", 
        "operating_revenue": 353730, 
        "accumulated_operating_revenue": 1479362, 
        "long_term_average": 369840, 
        "short_term_average": 364636
    }, 
    {
        "date": "2013-11-30", 
        "operating_revenue": 314990, 
        "accumulated_operating_revenue": 1794352, 
        "long_term_average": 358870, 
        "short_term_average": 350783
    }, 
    {
        "date": "2013-12-31", 
        "operating_revenue": 426098, 
        "accumulated_operating_revenue": 2220450, 
        "long_term_average": 370075, 
        "short_term_average": 364939
    }, 
    {
        "date": "2014-01-31", 
        "operating_revenue": 403906, 
        "accumulated_operating_revenue": 403906, 
        "long_term_average": 374908, 
        "short_term_average": 381664
    }, 
    {
        "date": "2014-02-28", 
        "operating_revenue": 340884, 
        "accumulated_operating_revenue": 744790, 
        "long_term_average": 370655, 
        "short_term_average": 390296
    }, 
    {
        "date": "2014-03-31", 
        "operating_revenue": 480819, 
        "accumulated_operating_revenue": 1225609, 
        "long_term_average": 382895, 
        "short_term_average": 408536
    }, 
    {
        "date": "2014-04-30", 
        "operating_revenue": 429546, 
        "accumulated_operating_revenue": 1655155, 
        "long_term_average": 387560, 
        "short_term_average": 417083
    }, 
    {
        "date": "2014-05-31", 
        "operating_revenue": 467078, 
        "accumulated_operating_revenue": 2122233, 
        "long_term_average": 394789, 
        "short_term_average": 459147
    }, 
    {
        "date": "2014-06-30", 
        "operating_revenue": 449562, 
        "accumulated_operating_revenue": 2571795, 
        "long_term_average": 399353, 
        "short_term_average": 448728
    }, 
    {
        "accumulated_operating_revenue_yoy": 673.4156263296079, 
        "accumulated_operating_revenue": 2981146, 
        "long_term_average": 401345, 
        "date": "2014-07-31", 
        "operating_revenue": 409351, 
        "short_term_average": 441997
    }, 
    {
        "accumulated_operating_revenue_yoy": 354.8563950722438, 
        "accumulated_operating_revenue": 3375039, 
        "long_term_average": 404457, 
        "date": "2014-08-31", 
        "operating_revenue": 393893, 
        "short_term_average": 417602
    }, 
    {
        "accumulated_operating_revenue_yoy": 229.30176114396178, 
        "accumulated_operating_revenue": 3706726, 
        "long_term_average": 400128, 
        "date": "2014-09-30", 
        "operating_revenue": 331687, 
        "short_term_average": 378310
    }, 
    {
        "accumulated_operating_revenue_yoy": 175.69492794866977, 
        "accumulated_operating_revenue": 4078526, 
        "long_term_average": 401634, 
        "date": "2014-10-31", 
        "operating_revenue": 371800, 
        "short_term_average": 365793
    }, 
    {
        "accumulated_operating_revenue_yoy": 145.71633659393476, 
        "accumulated_operating_revenue": 4409016, 
        "long_term_average": 402926, 
        "date": "2014-11-30", 
        "operating_revenue": 330490, 
        "short_term_average": 344659
    }, 
    {
        "accumulated_operating_revenue_yoy": 114.96566011394087, 
        "accumulated_operating_revenue": 4773205, 
        "long_term_average": 397767, 
        "date": "2014-12-31", 
        "operating_revenue": 364189, 
        "short_term_average": 355493
    }, 
    {
        "accumulated_operating_revenue_yoy": 16.41198694745807, 
        "accumulated_operating_revenue": 470195, 
        "long_term_average": 403291, 
        "date": "2015-01-31", 
        "operating_revenue": 470195, 
        "short_term_average": 388291
    }, 
    {
        "accumulated_operating_revenue_yoy": 11.544462197397925, 
        "accumulated_operating_revenue": 830772, 
        "long_term_average": 404932, 
        "date": "2015-02-28", 
        "operating_revenue": 360577, 
        "short_term_average": 398320
    }, 
    {
        "accumulated_operating_revenue_yoy": 6.297195924638283, 
        "accumulated_operating_revenue": 1302788, 
        "long_term_average": 404198, 
        "date": "2015-03-31", 
        "operating_revenue": 472016, 
        "short_term_average": 434262
    }, 
    {
        "accumulated_operating_revenue_yoy": 4.532083097957593, 
        "accumulated_operating_revenue": 1730168, 
        "long_term_average": 404018, 
        "date": "2015-04-30", 
        "operating_revenue": 427380, 
        "short_term_average": 419991
    }, 
    {
        "accumulated_operating_revenue_yoy": 2.0717329341311723, 
        "accumulated_operating_revenue": 2166200, 
        "long_term_average": 401431, 
        "date": "2015-05-31", 
        "operating_revenue": 436032, 
        "short_term_average": 445142
    }, 
    {
        "accumulated_operating_revenue_yoy": 0.45248552081328414, 
        "accumulated_operating_revenue": 2583432, 
        "long_term_average": 398736, 
        "date": "2015-06-30", 
        "operating_revenue": 417232, 
        "short_term_average": 426881
    }, 
    {
        "accumulated_operating_revenue_yoy": 2.390221746938929, 
        "accumulated_operating_revenue": 3052402, 
        "long_term_average": 403705, 
        "date": "2015-07-31", 
        "operating_revenue": 468970, 
        "short_term_average": 440744
    }, 
    {
        "accumulated_operating_revenue_yoy": 3.6363135359324734, 
        "accumulated_operating_revenue": 3497766, 
        "long_term_average": 407994, 
        "date": "2015-08-31", 
        "operating_revenue": 445364, 
        "short_term_average": 443855
    }, 
    {
        "accumulated_operating_revenue_yoy": 6.0417737917504555, 
        "accumulated_operating_revenue": 3930678, 
        "long_term_average": 416429, 
        "date": "2015-09-30", 
        "operating_revenue": 432912, 
        "short_term_average": 449082
    }
]