[
    {
        "date": "2012-01-31", 
        "operating_revenue": 64818, 
        "accumulated_operating_revenue": 64818, 
        "long_term_average": 64818, 
        "short_term_average": 64818
    }, 
    {
        "date": "2012-02-29", 
        "operating_revenue": 63264, 
        "accumulated_operating_revenue": 128082, 
        "long_term_average": 64041, 
        "short_term_average": 64041
    }, 
    {
        "date": "2012-03-31", 
        "operating_revenue": 63645, 
        "accumulated_operating_revenue": 191727, 
        "long_term_average": 63909, 
        "short_term_average": 63909
    }, 
    {
        "date": "2012-04-30", 
        "operating_revenue": 58725, 
        "accumulated_operating_revenue": 250452, 
        "long_term_average": 62613, 
        "short_term_average": 61878
    }, 
    {
        "date": "2012-05-31", 
        "operating_revenue": 65656, 
        "accumulated_operating_revenue": 316108, 
        "long_term_average": 63221, 
        "short_term_average": 62675
    }, 
    {
        "date": "2012-06-30", 
        "operating_revenue": 59538, 
        "accumulated_operating_revenue": 375646, 
        "long_term_average": 62607, 
        "short_term_average": 61306
    }, 
    {
        "date": "2012-07-31", 
        "operating_revenue": 74243, 
        "accumulated_operating_revenue": 449889, 
        "long_term_average": 64269, 
        "short_term_average": 66479
    }, 
    {
        "date": "2012-08-31", 
        "operating_revenue": 86656, 
        "accumulated_operating_revenue": 536545, 
        "long_term_average": 67068, 
        "short_term_average": 73479
    }, 
    {
        "date": "2012-09-30", 
        "operating_revenue": 74063, 
        "accumulated_operating_revenue": 610608, 
        "long_term_average": 67845, 
        "short_term_average": 78320
    }, 
    {
        "date": "2012-10-31", 
        "operating_revenue": 84899, 
        "accumulated_operating_revenue": 695507, 
        "long_term_average": 69550, 
        "short_term_average": 81872
    }, 
    {
        "date": "2012-11-30", 
        "operating_revenue": 87707, 
        "accumulated_operating_revenue": 783214, 
        "long_term_average": 71201, 
        "short_term_average": 82223
    }, 
    {
        "date": "2012-12-31", 
        "operating_revenue": 74496, 
        "accumulated_operating_revenue": 857710, 
        "long_term_average": 71475, 
        "short_term_average": 82367
    }, 
    {
        "accumulated_operating_revenue_yoy": 8.320219692060848, 
        "accumulated_operating_revenue": 70211, 
        "long_term_average": 71925, 
        "date": "2013-01-31", 
        "operating_revenue": 70211, 
        "short_term_average": 77471
    }, 
    {
        "accumulated_operating_revenue_yoy": -9.783576146531129, 
        "accumulated_operating_revenue": 115551, 
        "long_term_average": 70431, 
        "date": "2013-02-28", 
        "operating_revenue": 45340, 
        "short_term_average": 63349
    }, 
    {
        "accumulated_operating_revenue_yoy": -4.045856869402849, 
        "accumulated_operating_revenue": 183970, 
        "long_term_average": 70829, 
        "date": "2013-03-31", 
        "operating_revenue": 68419, 
        "short_term_average": 61323
    }, 
    {
        "accumulated_operating_revenue_yoy": -3.8358647565202117, 
        "accumulated_operating_revenue": 240845, 
        "long_term_average": 70675, 
        "date": "2013-04-30", 
        "operating_revenue": 56875, 
        "short_term_average": 56878
    }, 
    {
        "accumulated_operating_revenue_yoy": -5.2640236881065965, 
        "accumulated_operating_revenue": 299468, 
        "long_term_average": 70089, 
        "date": "2013-05-31", 
        "operating_revenue": 58623, 
        "short_term_average": 61305
    }, 
    {
        "accumulated_operating_revenue_yoy": -6.537005585045495, 
        "accumulated_operating_revenue": 351090, 
        "long_term_average": 69429, 
        "date": "2013-06-30", 
        "operating_revenue": 51622, 
        "short_term_average": 55706
    }, 
    {
        "accumulated_operating_revenue_yoy": -4.769176396844555, 
        "accumulated_operating_revenue": 428433, 
        "long_term_average": 69687, 
        "date": "2013-07-31", 
        "operating_revenue": 77343, 
        "short_term_average": 62529
    }, 
    {
        "accumulated_operating_revenue_yoy": -4.859424652172698, 
        "accumulated_operating_revenue": 510472, 
        "long_term_average": 69303, 
        "date": "2013-08-31", 
        "operating_revenue": 82039, 
        "short_term_average": 70334
    }, 
    {
        "accumulated_operating_revenue_yoy": -4.989125592851715, 
        "accumulated_operating_revenue": 580144, 
        "long_term_average": 68937, 
        "date": "2013-09-30", 
        "operating_revenue": 69672, 
        "short_term_average": 76351
    }, 
    {
        "accumulated_operating_revenue_yoy": -4.384427475208732, 
        "accumulated_operating_revenue": 665013, 
        "long_term_average": 68934, 
        "date": "2013-10-31", 
        "operating_revenue": 84869, 
        "short_term_average": 78860
    }, 
    {
        "accumulated_operating_revenue_yoy": -4.324360902639636, 
        "accumulated_operating_revenue": 749345, 
        "long_term_average": 68653, 
        "date": "2013-11-30", 
        "operating_revenue": 84332, 
        "short_term_average": 79624
    }, 
    {
        "accumulated_operating_revenue_yoy": -4.11689265602593, 
        "accumulated_operating_revenue": 822399, 
        "long_term_average": 68533, 
        "date": "2013-12-31", 
        "operating_revenue": 73054, 
        "short_term_average": 80751
    }, 
    {
        "accumulated_operating_revenue_yoy": -12.369856575180528, 
        "accumulated_operating_revenue": 61526, 
        "long_term_average": 67809, 
        "date": "2014-01-31", 
        "operating_revenue": 61526, 
        "short_term_average": 72970
    }, 
    {
        "accumulated_operating_revenue_yoy": 0.1895267024950022, 
        "accumulated_operating_revenue": 115770, 
        "long_term_average": 68551, 
        "date": "2014-02-28", 
        "operating_revenue": 54244, 
        "short_term_average": 62941
    }, 
    {
        "accumulated_operating_revenue_yoy": 1.963363591889982, 
        "accumulated_operating_revenue": 187582, 
        "long_term_average": 68834, 
        "date": "2014-03-31", 
        "operating_revenue": 71812, 
        "short_term_average": 62527
    }, 
    {
        "accumulated_operating_revenue_yoy": 12.341547468288733, 
        "accumulated_operating_revenue": 270569, 
        "long_term_average": 71010, 
        "date": "2014-04-30", 
        "operating_revenue": 82987, 
        "short_term_average": 69681
    }, 
    {
        "accumulated_operating_revenue_yoy": 12.846781626083589, 
        "accumulated_operating_revenue": 337940, 
        "long_term_average": 71739, 
        "date": "2014-05-31", 
        "operating_revenue": 67371, 
        "short_term_average": 74056
    }, 
    {
        "accumulated_operating_revenue_yoy": 16.382693896151984, 
        "accumulated_operating_revenue": 408608, 
        "long_term_average": 73326, 
        "date": "2014-06-30", 
        "operating_revenue": 70668, 
        "short_term_average": 73675
    }, 
    {
        "accumulated_operating_revenue_yoy": 13.359148338246587, 
        "accumulated_operating_revenue": 485668, 
        "long_term_average": 73302, 
        "date": "2014-07-31", 
        "operating_revenue": 77060, 
        "short_term_average": 71699
    }, 
    {
        "accumulated_operating_revenue_yoy": 11.71954583209265, 
        "accumulated_operating_revenue": 570297, 
        "long_term_average": 73518, 
        "date": "2014-08-31", 
        "operating_revenue": 84629, 
        "short_term_average": 77452
    }, 
    {
        "accumulated_operating_revenue_yoy": 14.012038390468573, 
        "accumulated_operating_revenue": 661434, 
        "long_term_average": 75307, 
        "date": "2014-09-30", 
        "operating_revenue": 91137, 
        "short_term_average": 84275
    }, 
    {
        "accumulated_operating_revenue_yoy": 12.287428967554018, 
        "accumulated_operating_revenue": 746726, 
        "long_term_average": 75342, 
        "date": "2014-10-31", 
        "operating_revenue": 85292, 
        "short_term_average": 87019
    }, 
    {
        "accumulated_operating_revenue_yoy": 10.259092941168621, 
        "accumulated_operating_revenue": 826221, 
        "long_term_average": 74939, 
        "date": "2014-11-30", 
        "operating_revenue": 79495, 
        "short_term_average": 85308
    }, 
    {
        "accumulated_operating_revenue_yoy": 10.423772402446987, 
        "accumulated_operating_revenue": 908124, 
        "long_term_average": 75677, 
        "date": "2014-12-31", 
        "operating_revenue": 81903, 
        "short_term_average": 82230
    }, 
    {
        "accumulated_operating_revenue_yoy": 33.83285115235835, 
        "accumulated_operating_revenue": 82342, 
        "long_term_average": 77411, 
        "date": "2015-01-31", 
        "operating_revenue": 82342, 
        "short_term_average": 81246
    }, 
    {
        "accumulated_operating_revenue_yoy": 6.541418329446317, 
        "accumulated_operating_revenue": 123343, 
        "long_term_average": 76308, 
        "date": "2015-02-28", 
        "operating_revenue": 41001, 
        "short_term_average": 68415
    }, 
    {
        "accumulated_operating_revenue_yoy": 7.659583542130909, 
        "accumulated_operating_revenue": 201950, 
        "long_term_average": 76874, 
        "date": "2015-03-31", 
        "operating_revenue": 78607, 
        "short_term_average": 67316
    }, 
    {
        "accumulated_operating_revenue_yoy": -2.354297794647576, 
        "accumulated_operating_revenue": 264199, 
        "long_term_average": 75146, 
        "date": "2015-04-30", 
        "operating_revenue": 62249, 
        "short_term_average": 60619
    }, 
    {
        "accumulated_operating_revenue_yoy": -2.011895602769722, 
        "accumulated_operating_revenue": 331141, 
        "long_term_average": 75110, 
        "date": "2015-05-31", 
        "operating_revenue": 66942, 
        "short_term_average": 69266
    }, 
    {
        "accumulated_operating_revenue_yoy": -5.31169237998277, 
        "accumulated_operating_revenue": 386904, 
        "long_term_average": 73868, 
        "date": "2015-06-30", 
        "operating_revenue": 55763, 
        "short_term_average": 61651
    }, 
    {
        "accumulated_operating_revenue_yoy": -2.8727443438727693, 
        "accumulated_operating_revenue": 471716, 
        "long_term_average": 74514, 
        "date": "2015-07-31", 
        "operating_revenue": 84812, 
        "short_term_average": 69172
    }, 
    {
        "accumulated_operating_revenue_yoy": -3.3231807286378854, 
        "accumulated_operating_revenue": 551345, 
        "long_term_average": 74097, 
        "date": "2015-08-31", 
        "operating_revenue": 79629, 
        "short_term_average": 73401
    }, 
    {
        "accumulated_operating_revenue_yoy": -5.877079194598403, 
        "accumulated_operating_revenue": 622561, 
        "long_term_average": 72437, 
        "date": "2015-09-30", 
        "operating_revenue": 71216, 
        "short_term_average": 78552
    }, 
    {
        "accumulated_operating_revenue_yoy": -6.66656846018486, 
        "accumulated_operating_revenue": 696945, 
        "long_term_average": 71528, 
        "date": "2015-10-31", 
        "operating_revenue": 74384, 
        "short_term_average": 75076
    }
]