[
    {
        "date": "2011-09-30", 
        "operating_revenue": 156831, 
        "accumulated_operating_revenue": 156831, 
        "long_term_average": 156831, 
        "short_term_average": 156831
    }, 
    {
        "date": "2011-10-31", 
        "operating_revenue": 126351, 
        "accumulated_operating_revenue": 283182, 
        "long_term_average": 141591, 
        "short_term_average": 141591
    }, 
    {
        "date": "2011-11-30", 
        "operating_revenue": 77313, 
        "accumulated_operating_revenue": 360495, 
        "long_term_average": 120165, 
        "short_term_average": 120165
    }, 
    {
        "date": "2011-12-31", 
        "operating_revenue": 67264, 
        "accumulated_operating_revenue": 427759, 
        "long_term_average": 106939, 
        "short_term_average": 90309
    }, 
    {
        "date": "2012-01-31", 
        "operating_revenue": 69821, 
        "accumulated_operating_revenue": 69821, 
        "long_term_average": 99516, 
        "short_term_average": 71466
    }, 
    {
        "date": "2012-02-29", 
        "operating_revenue": 73571, 
        "accumulated_operating_revenue": 143392, 
        "long_term_average": 95191, 
        "short_term_average": 70218
    }, 
    {
        "date": "2012-03-31", 
        "operating_revenue": 82767, 
        "accumulated_operating_revenue": 226159, 
        "long_term_average": 93416, 
        "short_term_average": 75386
    }, 
    {
        "date": "2012-04-30", 
        "operating_revenue": 92341, 
        "accumulated_operating_revenue": 318500, 
        "long_term_average": 93282, 
        "short_term_average": 82893
    }, 
    {
        "date": "2012-05-31", 
        "operating_revenue": 105454, 
        "accumulated_operating_revenue": 423954, 
        "long_term_average": 94634, 
        "short_term_average": 93520
    }, 
    {
        "date": "2012-06-30", 
        "operating_revenue": 159006, 
        "accumulated_operating_revenue": 582960, 
        "long_term_average": 101071, 
        "short_term_average": 118933
    }, 
    {
        "date": "2012-07-31", 
        "operating_revenue": 124814, 
        "accumulated_operating_revenue": 707774, 
        "long_term_average": 103230, 
        "short_term_average": 129758
    }, 
    {
        "date": "2012-08-31", 
        "operating_revenue": 159140, 
        "accumulated_operating_revenue": 866914, 
        "long_term_average": 107889, 
        "short_term_average": 147653
    }, 
    {
        "accumulated_operating_revenue_yoy": 552.1197977440685, 
        "accumulated_operating_revenue": 1022726, 
        "long_term_average": 107804, 
        "date": "2012-09-30", 
        "operating_revenue": 155812, 
        "short_term_average": 146588
    }, 
    {
        "accumulated_operating_revenue_yoy": 297.62661468596167, 
        "accumulated_operating_revenue": 1126007, 
        "long_term_average": 105882, 
        "date": "2012-10-31", 
        "operating_revenue": 103281, 
        "short_term_average": 139411
    }, 
    {
        "accumulated_operating_revenue_yoy": 230.8417592477011, 
        "accumulated_operating_revenue": 1192668, 
        "long_term_average": 104994, 
        "date": "2012-11-30", 
        "operating_revenue": 66661, 
        "short_term_average": 108584
    }, 
    {
        "accumulated_operating_revenue_yoy": 193.82479386757495, 
        "accumulated_operating_revenue": 1256862, 
        "long_term_average": 104738, 
        "date": "2012-12-31", 
        "operating_revenue": 64194, 
        "short_term_average": 78045
    }, 
    {
        "accumulated_operating_revenue_yoy": 24.558513914151902, 
        "accumulated_operating_revenue": 86968, 
        "long_term_average": 106167, 
        "date": "2013-01-31", 
        "operating_revenue": 86968, 
        "short_term_average": 72607
    }, 
    {
        "accumulated_operating_revenue_yoy": 24.32144052666815, 
        "accumulated_operating_revenue": 178267, 
        "long_term_average": 107644, 
        "date": "2013-02-28", 
        "operating_revenue": 91299, 
        "short_term_average": 80820
    }, 
    {
        "accumulated_operating_revenue_yoy": 23.49409044079608, 
        "accumulated_operating_revenue": 279293, 
        "long_term_average": 109166, 
        "date": "2013-03-31", 
        "operating_revenue": 101026, 
        "short_term_average": 93097
    }, 
    {
        "accumulated_operating_revenue_yoy": 20.404395604395603, 
        "accumulated_operating_revenue": 383488, 
        "long_term_average": 110154, 
        "date": "2013-04-30", 
        "operating_revenue": 104195, 
        "short_term_average": 98840
    }, 
    {
        "accumulated_operating_revenue_yoy": 19.002297419059616, 
        "accumulated_operating_revenue": 504515, 
        "long_term_average": 111451, 
        "date": "2013-05-31", 
        "operating_revenue": 121027, 
        "short_term_average": 108749
    }, 
    {
        "accumulated_operating_revenue_yoy": 17.091224097708245, 
        "accumulated_operating_revenue": 682595, 
        "long_term_average": 113041, 
        "date": "2013-06-30", 
        "operating_revenue": 178080, 
        "short_term_average": 134434
    }, 
    {
        "accumulated_operating_revenue_yoy": 15.872015643411597, 
        "accumulated_operating_revenue": 820112, 
        "long_term_average": 114100, 
        "date": "2013-07-31", 
        "operating_revenue": 137517, 
        "short_term_average": 145541
    }, 
    {
        "accumulated_operating_revenue_yoy": 5.49454732534023, 
        "accumulated_operating_revenue": 914547, 
        "long_term_average": 108707, 
        "date": "2013-08-31", 
        "operating_revenue": 94435, 
        "short_term_average": 136677
    }, 
    {
        "accumulated_operating_revenue_yoy": -3.7060757231164554, 
        "accumulated_operating_revenue": 984823, 
        "long_term_average": 101579, 
        "date": "2013-09-30", 
        "operating_revenue": 70276, 
        "short_term_average": 100742
    }, 
    {
        "accumulated_operating_revenue_yoy": -7.710786877879089, 
        "accumulated_operating_revenue": 1039183, 
        "long_term_average": 97503, 
        "date": "2013-10-31", 
        "operating_revenue": 54360, 
        "short_term_average": 73023
    }, 
    {
        "accumulated_operating_revenue_yoy": -8.888559096077032, 
        "accumulated_operating_revenue": 1086657, 
        "long_term_average": 95904, 
        "date": "2013-11-30", 
        "operating_revenue": 47474, 
        "short_term_average": 57370
    }, 
    {
        "accumulated_operating_revenue_yoy": -8.434657106348986, 
        "accumulated_operating_revenue": 1150850, 
        "long_term_average": 95904, 
        "date": "2013-12-31", 
        "operating_revenue": 64193, 
        "short_term_average": 55342
    }, 
    {
        "accumulated_operating_revenue_yoy": -21.875862386165025, 
        "accumulated_operating_revenue": 67943, 
        "long_term_average": 94318, 
        "date": "2014-01-31", 
        "operating_revenue": 67943, 
        "short_term_average": 59870
    }, 
    {
        "accumulated_operating_revenue_yoy": -13.306444827141311, 
        "accumulated_operating_revenue": 154546, 
        "long_term_average": 93927, 
        "date": "2014-02-28", 
        "operating_revenue": 86603, 
        "short_term_average": 72913
    }, 
    {
        "accumulated_operating_revenue_yoy": 20.18489543239537, 
        "accumulated_operating_revenue": 335668, 
        "long_term_average": 100602, 
        "date": "2014-03-31", 
        "operating_revenue": 181122, 
        "short_term_average": 111889
    }, 
    {
        "accumulated_operating_revenue_yoy": 32.5772905540721, 
        "accumulated_operating_revenue": 508418, 
        "long_term_average": 106315, 
        "date": "2014-04-30", 
        "operating_revenue": 172750, 
        "short_term_average": 146825
    }, 
    {
        "accumulated_operating_revenue_yoy": 28.612429759273756, 
        "accumulated_operating_revenue": 648869, 
        "long_term_average": 107933, 
        "date": "2014-05-31", 
        "operating_revenue": 140451, 
        "short_term_average": 164774
    }, 
    {
        "accumulated_operating_revenue_yoy": 16.21151634571012, 
        "accumulated_operating_revenue": 793254, 
        "long_term_average": 105125, 
        "date": "2014-06-30", 
        "operating_revenue": 144385, 
        "short_term_average": 152528
    }, 
    {
        "accumulated_operating_revenue_yoy": 6.0134469438320615, 
        "accumulated_operating_revenue": 869429, 
        "long_term_average": 100013, 
        "date": "2014-07-31", 
        "operating_revenue": 76175, 
        "short_term_average": 120337
    }, 
    {
        "accumulated_operating_revenue_yoy": 6.463855876187884, 
        "accumulated_operating_revenue": 973662, 
        "long_term_average": 100830, 
        "date": "2014-08-31", 
        "operating_revenue": 104233, 
        "short_term_average": 108264
    }, 
    {
        "accumulated_operating_revenue_yoy": 11.27573178124394, 
        "accumulated_operating_revenue": 1095869, 
        "long_term_average": 105158, 
        "date": "2014-09-30", 
        "operating_revenue": 122207, 
        "short_term_average": 100871
    }, 
    {
        "accumulated_operating_revenue_yoy": 12.595279176045027, 
        "accumulated_operating_revenue": 1170071, 
        "long_term_average": 106811, 
        "date": "2014-10-31", 
        "operating_revenue": 74202, 
        "short_term_average": 100214
    }, 
    {
        "accumulated_operating_revenue_yoy": 15.019918888849013, 
        "accumulated_operating_revenue": 1249872, 
        "long_term_average": 109505, 
        "date": "2014-11-30", 
        "operating_revenue": 79801, 
        "short_term_average": 92070
    }, 
    {
        "accumulated_operating_revenue_yoy": 14.911673980101664, 
        "accumulated_operating_revenue": 1322461, 
        "long_term_average": 110205, 
        "date": "2014-12-31", 
        "operating_revenue": 72589, 
        "short_term_average": 75530
    }, 
    {
        "accumulated_operating_revenue_yoy": 8.686693257583562, 
        "accumulated_operating_revenue": 73845, 
        "long_term_average": 110696, 
        "date": "2015-01-31", 
        "operating_revenue": 73845, 
        "short_term_average": 75411
    }, 
    {
        "accumulated_operating_revenue_yoy": 14.307714208067502, 
        "accumulated_operating_revenue": 176658, 
        "long_term_average": 112047, 
        "date": "2015-02-28", 
        "operating_revenue": 102813, 
        "short_term_average": 83082
    }, 
    {
        "accumulated_operating_revenue_yoy": 4.292932302155701, 
        "accumulated_operating_revenue": 350078, 
        "long_term_average": 111405, 
        "date": "2015-03-31", 
        "operating_revenue": 173420, 
        "short_term_average": 116692
    }, 
    {
        "accumulated_operating_revenue_yoy": -5.73386465467391, 
        "accumulated_operating_revenue": 479266, 
        "long_term_average": 107775, 
        "date": "2015-04-30", 
        "operating_revenue": 129188, 
        "short_term_average": 135140
    }, 
    {
        "accumulated_operating_revenue_yoy": -9.127266058326104, 
        "accumulated_operating_revenue": 589645, 
        "long_term_average": 105269, 
        "date": "2015-05-31", 
        "operating_revenue": 110379, 
        "short_term_average": 137662
    }, 
    {
        "accumulated_operating_revenue_yoy": -12.524109553812524, 
        "accumulated_operating_revenue": 693906, 
        "long_term_average": 101926, 
        "date": "2015-06-30", 
        "operating_revenue": 104261, 
        "short_term_average": 114609
    }, 
    {
        "accumulated_operating_revenue_yoy": -10.98169028178264, 
        "accumulated_operating_revenue": 773951, 
        "long_term_average": 102248, 
        "date": "2015-07-31", 
        "operating_revenue": 80045, 
        "short_term_average": 98228
    }, 
    {
        "accumulated_operating_revenue_yoy": -10.848733954904269, 
        "accumulated_operating_revenue": 868032, 
        "long_term_average": 101402, 
        "date": "2015-08-31", 
        "operating_revenue": 94081, 
        "short_term_average": 92795
    }
]