[
    {
        "date": "2011-09-30", 
        "operating_revenue": 95180, 
        "accumulated_operating_revenue": 95180, 
        "long_term_average": 95180, 
        "short_term_average": 95180
    }, 
    {
        "date": "2011-10-31", 
        "operating_revenue": 104899, 
        "accumulated_operating_revenue": 200079, 
        "long_term_average": 100039, 
        "short_term_average": 100039
    }, 
    {
        "date": "2011-11-30", 
        "operating_revenue": 81669, 
        "accumulated_operating_revenue": 281748, 
        "long_term_average": 93916, 
        "short_term_average": 93916
    }, 
    {
        "date": "2011-12-31", 
        "operating_revenue": 80098, 
        "accumulated_operating_revenue": 361846, 
        "long_term_average": 90461, 
        "short_term_average": 88888
    }, 
    {
        "date": "2012-01-31", 
        "operating_revenue": 44693, 
        "accumulated_operating_revenue": 44693, 
        "long_term_average": 81307, 
        "short_term_average": 68820
    }, 
    {
        "date": "2012-02-29", 
        "operating_revenue": 50559, 
        "accumulated_operating_revenue": 95252, 
        "long_term_average": 76183, 
        "short_term_average": 58450
    }, 
    {
        "date": "2012-03-31", 
        "operating_revenue": 91510, 
        "accumulated_operating_revenue": 186762, 
        "long_term_average": 78372, 
        "short_term_average": 62254
    }, 
    {
        "date": "2012-04-30", 
        "operating_revenue": 89148, 
        "accumulated_operating_revenue": 275910, 
        "long_term_average": 79719, 
        "short_term_average": 77072
    }, 
    {
        "date": "2012-05-31", 
        "operating_revenue": 114028, 
        "accumulated_operating_revenue": 389938, 
        "long_term_average": 83531, 
        "short_term_average": 98228
    }, 
    {
        "date": "2012-06-30", 
        "operating_revenue": 103790, 
        "accumulated_operating_revenue": 493728, 
        "long_term_average": 85557, 
        "short_term_average": 102322
    }, 
    {
        "date": "2012-07-31", 
        "operating_revenue": 85232, 
        "accumulated_operating_revenue": 578960, 
        "long_term_average": 85527, 
        "short_term_average": 101016
    }, 
    {
        "date": "2012-08-31", 
        "operating_revenue": 83137, 
        "accumulated_operating_revenue": 662097, 
        "long_term_average": 85328, 
        "short_term_average": 90719
    }, 
    {
        "accumulated_operating_revenue_yoy": 679.815087203194, 
        "accumulated_operating_revenue": 742228, 
        "long_term_average": 84074, 
        "date": "2012-09-30", 
        "operating_revenue": 80131, 
        "short_term_average": 82833
    }, 
    {
        "accumulated_operating_revenue_yoy": 297.64243123966037, 
        "accumulated_operating_revenue": 795599, 
        "long_term_average": 79780, 
        "date": "2012-10-31", 
        "operating_revenue": 53371, 
        "short_term_average": 72213
    }, 
    {
        "accumulated_operating_revenue_yoy": 209.2114229737212, 
        "accumulated_operating_revenue": 871197, 
        "long_term_average": 79274, 
        "date": "2012-11-30", 
        "operating_revenue": 75598, 
        "short_term_average": 69700
    }, 
    {
        "accumulated_operating_revenue_yoy": 154.3092917981683, 
        "accumulated_operating_revenue": 920208, 
        "long_term_average": 76684, 
        "date": "2012-12-31", 
        "operating_revenue": 49011, 
        "short_term_average": 59326
    }, 
    {
        "accumulated_operating_revenue_yoy": 11.131497102454523, 
        "accumulated_operating_revenue": 49668, 
        "long_term_average": 77098, 
        "date": "2013-01-31", 
        "operating_revenue": 49668, 
        "short_term_average": 58092
    }, 
    {
        "accumulated_operating_revenue_yoy": -1.3385545710326292, 
        "accumulated_operating_revenue": 93977, 
        "long_term_average": 76577, 
        "date": "2013-02-28", 
        "operating_revenue": 44309, 
        "short_term_average": 47662
    }, 
    {
        "accumulated_operating_revenue_yoy": -9.192448142555767, 
        "accumulated_operating_revenue": 169594, 
        "long_term_average": 75253, 
        "date": "2013-03-31", 
        "operating_revenue": 75617, 
        "short_term_average": 56531
    }, 
    {
        "accumulated_operating_revenue_yoy": -10.363524337646334, 
        "accumulated_operating_revenue": 247316, 
        "long_term_average": 74301, 
        "date": "2013-04-30", 
        "operating_revenue": 77722, 
        "short_term_average": 65882
    }, 
    {
        "accumulated_operating_revenue_yoy": -11.243582313085671, 
        "accumulated_operating_revenue": 346095, 
        "long_term_average": 73030, 
        "date": "2013-05-31", 
        "operating_revenue": 98779, 
        "short_term_average": 84039
    }, 
    {
        "accumulated_operating_revenue_yoy": -9.330441052563355, 
        "accumulated_operating_revenue": 447661, 
        "long_term_average": 72845, 
        "date": "2013-06-30", 
        "operating_revenue": 101566, 
        "short_term_average": 92689
    }, 
    {
        "accumulated_operating_revenue_yoy": -4.5148196766616, 
        "accumulated_operating_revenue": 552821, 
        "long_term_average": 74505, 
        "date": "2013-07-31", 
        "operating_revenue": 105160, 
        "short_term_average": 101835
    }, 
    {
        "accumulated_operating_revenue_yoy": -3.3495092108860183, 
        "accumulated_operating_revenue": 639920, 
        "long_term_average": 74835, 
        "date": "2013-08-31", 
        "operating_revenue": 87099, 
        "short_term_average": 97941
    }, 
    {
        "accumulated_operating_revenue_yoy": -2.837268332641722, 
        "accumulated_operating_revenue": 721169, 
        "long_term_average": 74929, 
        "date": "2013-09-30", 
        "operating_revenue": 81249, 
        "short_term_average": 91169
    }, 
    {
        "accumulated_operating_revenue_yoy": -1.1727013231540009, 
        "accumulated_operating_revenue": 786269, 
        "long_term_average": 75906, 
        "date": "2013-10-31", 
        "operating_revenue": 65100, 
        "short_term_average": 77816
    }, 
    {
        "accumulated_operating_revenue_yoy": -0.8311552955301729, 
        "accumulated_operating_revenue": 863956, 
        "long_term_average": 76080, 
        "date": "2013-11-30", 
        "operating_revenue": 77687, 
        "short_term_average": 74678
    }, 
    {
        "accumulated_operating_revenue_yoy": 2.4457513953367065, 
        "accumulated_operating_revenue": 942714, 
        "long_term_average": 78559, 
        "date": "2013-12-31", 
        "operating_revenue": 78758, 
        "short_term_average": 73848
    }, 
    {
        "accumulated_operating_revenue_yoy": 35.78762986228558, 
        "accumulated_operating_revenue": 67443, 
        "long_term_average": 80040, 
        "date": "2014-01-31", 
        "operating_revenue": 67443, 
        "short_term_average": 74629
    }, 
    {
        "accumulated_operating_revenue_yoy": 52.95338221054088, 
        "accumulated_operating_revenue": 143741, 
        "long_term_average": 82706, 
        "date": "2014-02-28", 
        "operating_revenue": 76298, 
        "short_term_average": 74166
    }, 
    {
        "accumulated_operating_revenue_yoy": 35.18048987582108, 
        "accumulated_operating_revenue": 229258, 
        "long_term_average": 83531, 
        "date": "2014-03-31", 
        "operating_revenue": 85517, 
        "short_term_average": 76419
    }, 
    {
        "accumulated_operating_revenue_yoy": 26.081612188455257, 
        "accumulated_operating_revenue": 311820, 
        "long_term_average": 83934, 
        "date": "2014-04-30", 
        "operating_revenue": 82562, 
        "short_term_average": 81459
    }, 
    {
        "accumulated_operating_revenue_yoy": 14.836388852771638, 
        "accumulated_operating_revenue": 397443, 
        "long_term_average": 82838, 
        "date": "2014-05-31", 
        "operating_revenue": 85623, 
        "short_term_average": 84567
    }, 
    {
        "accumulated_operating_revenue_yoy": 13.046479367199733, 
        "accumulated_operating_revenue": 506065, 
        "long_term_average": 83426, 
        "date": "2014-06-30", 
        "operating_revenue": 108622, 
        "short_term_average": 92269
    }, 
    {
        "accumulated_operating_revenue_yoy": 10.862467236230172, 
        "accumulated_operating_revenue": 612871, 
        "long_term_average": 83563, 
        "date": "2014-07-31", 
        "operating_revenue": 106806, 
        "short_term_average": 100350
    }, 
    {
        "accumulated_operating_revenue_yoy": 9.890142517814727, 
        "accumulated_operating_revenue": 703209, 
        "long_term_average": 83833, 
        "date": "2014-08-31", 
        "operating_revenue": 90338, 
        "short_term_average": 101922
    }, 
    {
        "accumulated_operating_revenue_yoy": 7.9016152940572875, 
        "accumulated_operating_revenue": 778153, 
        "long_term_average": 83308, 
        "date": "2014-09-30", 
        "operating_revenue": 74944, 
        "short_term_average": 90696
    }, 
    {
        "accumulated_operating_revenue_yoy": 8.139580728732787, 
        "accumulated_operating_revenue": 850268, 
        "long_term_average": 83892, 
        "date": "2014-10-31", 
        "operating_revenue": 72115, 
        "short_term_average": 79132
    }, 
    {
        "accumulated_operating_revenue_yoy": 7.072582400029631, 
        "accumulated_operating_revenue": 925060, 
        "long_term_average": 83651, 
        "date": "2014-11-30", 
        "operating_revenue": 74792, 
        "short_term_average": 73950
    }, 
    {
        "accumulated_operating_revenue_yoy": 7.8697250703818975, 
        "accumulated_operating_revenue": 1016903, 
        "long_term_average": 84741, 
        "date": "2014-12-31", 
        "operating_revenue": 91843, 
        "short_term_average": 79583
    }, 
    {
        "accumulated_operating_revenue_yoy": 11.67059591062082, 
        "accumulated_operating_revenue": 75314, 
        "long_term_average": 85397, 
        "date": "2015-01-31", 
        "operating_revenue": 75314, 
        "short_term_average": 80649
    }, 
    {
        "accumulated_operating_revenue_yoy": 6.6049352655122755, 
        "accumulated_operating_revenue": 153235, 
        "long_term_average": 85533, 
        "date": "2015-02-28", 
        "operating_revenue": 77921, 
        "short_term_average": 81692
    }, 
    {
        "accumulated_operating_revenue_yoy": 5.495555225989933, 
        "accumulated_operating_revenue": 241857, 
        "long_term_average": 85791, 
        "date": "2015-03-31", 
        "operating_revenue": 88622, 
        "short_term_average": 80619
    }, 
    {
        "accumulated_operating_revenue_yoy": 9.326534539157207, 
        "accumulated_operating_revenue": 340902, 
        "long_term_average": 87165, 
        "date": "2015-04-30", 
        "operating_revenue": 99045, 
        "short_term_average": 88529
    }, 
    {
        "accumulated_operating_revenue_yoy": 10.337834607729913, 
        "accumulated_operating_revenue": 438530, 
        "long_term_average": 88165, 
        "date": "2015-05-31", 
        "operating_revenue": 97628, 
        "short_term_average": 95098
    }, 
    {
        "accumulated_operating_revenue_yoy": 2.3289498384594864, 
        "accumulated_operating_revenue": 517851, 
        "long_term_average": 85724, 
        "date": "2015-06-30", 
        "operating_revenue": 79321, 
        "short_term_average": 91998
    }, 
    {
        "accumulated_operating_revenue_yoy": -0.40873201701499995, 
        "accumulated_operating_revenue": 610366, 
        "long_term_average": 84533, 
        "date": "2015-07-31", 
        "operating_revenue": 92515, 
        "short_term_average": 89821
    }, 
    {
        "accumulated_operating_revenue_yoy": -2.7744241043558886, 
        "accumulated_operating_revenue": 683699, 
        "long_term_average": 83116, 
        "date": "2015-08-31", 
        "operating_revenue": 73333, 
        "short_term_average": 81723
    }, 
    {
        "accumulated_operating_revenue_yoy": -1.5011186746051226, 
        "accumulated_operating_revenue": 766472, 
        "long_term_average": 83768, 
        "date": "2015-09-30", 
        "operating_revenue": 82773, 
        "short_term_average": 82873
    }
]