[
    {
        "date": "2012-01-31", 
        "operating_revenue": 124786, 
        "accumulated_operating_revenue": 124786, 
        "long_term_average": 124786, 
        "short_term_average": 124786
    }, 
    {
        "date": "2012-02-29", 
        "operating_revenue": 103784, 
        "accumulated_operating_revenue": 228570, 
        "long_term_average": 114285, 
        "short_term_average": 114285
    }, 
    {
        "date": "2012-03-31", 
        "operating_revenue": 177142, 
        "accumulated_operating_revenue": 405712, 
        "long_term_average": 135237, 
        "short_term_average": 135237
    }, 
    {
        "date": "2012-04-30", 
        "operating_revenue": 123557, 
        "accumulated_operating_revenue": 529269, 
        "long_term_average": 132317, 
        "short_term_average": 134827
    }, 
    {
        "date": "2012-05-31", 
        "operating_revenue": 149456, 
        "accumulated_operating_revenue": 678725, 
        "long_term_average": 135745, 
        "short_term_average": 150051
    }, 
    {
        "date": "2012-06-30", 
        "operating_revenue": 117016, 
        "accumulated_operating_revenue": 795741, 
        "long_term_average": 132623, 
        "short_term_average": 130009
    }, 
    {
        "date": "2012-07-31", 
        "operating_revenue": 126305, 
        "accumulated_operating_revenue": 922046, 
        "long_term_average": 131720, 
        "short_term_average": 130925
    }, 
    {
        "date": "2012-08-31", 
        "operating_revenue": 226525, 
        "accumulated_operating_revenue": 1148571, 
        "long_term_average": 143571, 
        "short_term_average": 156615
    }, 
    {
        "date": "2012-09-30", 
        "operating_revenue": 307767, 
        "accumulated_operating_revenue": 1456338, 
        "long_term_average": 161815, 
        "short_term_average": 220199
    }, 
    {
        "date": "2012-10-31", 
        "operating_revenue": 257398, 
        "accumulated_operating_revenue": 1713736, 
        "long_term_average": 171373, 
        "short_term_average": 263896
    }, 
    {
        "date": "2012-11-30", 
        "operating_revenue": 213235, 
        "accumulated_operating_revenue": 1926971, 
        "long_term_average": 175179, 
        "short_term_average": 259466
    }, 
    {
        "date": "2012-12-31", 
        "operating_revenue": 198784, 
        "accumulated_operating_revenue": 2125755, 
        "long_term_average": 177146, 
        "short_term_average": 223139
    }, 
    {
        "accumulated_operating_revenue_yoy": -58.78463930248585, 
        "accumulated_operating_revenue": 51431, 
        "long_term_average": 171033, 
        "date": "2013-01-31", 
        "operating_revenue": 51431, 
        "short_term_average": 154483
    }, 
    {
        "accumulated_operating_revenue_yoy": -45.57115981974887, 
        "accumulated_operating_revenue": 124408, 
        "long_term_average": 168466, 
        "date": "2013-02-28", 
        "operating_revenue": 72977, 
        "short_term_average": 107730
    }, 
    {
        "accumulated_operating_revenue_yoy": -24.975351973813936, 
        "accumulated_operating_revenue": 304384, 
        "long_term_average": 168702, 
        "date": "2013-03-31", 
        "operating_revenue": 179976, 
        "short_term_average": 101461
    }, 
    {
        "accumulated_operating_revenue_yoy": -5.380628753998439, 
        "accumulated_operating_revenue": 500791, 
        "long_term_average": 174773, 
        "date": "2013-04-30", 
        "operating_revenue": 196407, 
        "short_term_average": 149786
    }, 
    {
        "accumulated_operating_revenue_yoy": 0.9531106118089063, 
        "accumulated_operating_revenue": 685194, 
        "long_term_average": 177685, 
        "date": "2013-05-31", 
        "operating_revenue": 184403, 
        "short_term_average": 186928
    }, 
    {
        "accumulated_operating_revenue_yoy": 2.687306548236172, 
        "accumulated_operating_revenue": 817125, 
        "long_term_average": 178928, 
        "date": "2013-06-30", 
        "operating_revenue": 131931, 
        "short_term_average": 170913
    }, 
    {
        "accumulated_operating_revenue_yoy": 11.309847881775964, 
        "accumulated_operating_revenue": 1026328, 
        "long_term_average": 185836, 
        "date": "2013-07-31", 
        "operating_revenue": 209203, 
        "short_term_average": 175179
    }, 
    {
        "accumulated_operating_revenue_yoy": 10.203983906959168, 
        "accumulated_operating_revenue": 1265771, 
        "long_term_average": 186912, 
        "date": "2013-08-31", 
        "operating_revenue": 239443, 
        "short_term_average": 193525
    }, 
    {
        "accumulated_operating_revenue_yoy": 11.735393844011487, 
        "accumulated_operating_revenue": 1627245, 
        "long_term_average": 191388, 
        "date": "2013-09-30", 
        "operating_revenue": 361474, 
        "short_term_average": 270040
    }, 
    {
        "accumulated_operating_revenue_yoy": 9.073217811844998, 
        "accumulated_operating_revenue": 1869227, 
        "long_term_average": 190103, 
        "date": "2013-10-31", 
        "operating_revenue": 241982, 
        "short_term_average": 280966
    }, 
    {
        "accumulated_operating_revenue_yoy": 4.045416355513394, 
        "accumulated_operating_revenue": 2004925, 
        "long_term_average": 183642, 
        "date": "2013-11-30", 
        "operating_revenue": 135698, 
        "short_term_average": 246384
    }, 
    {
        "accumulated_operating_revenue_yoy": 0.4384324628190925, 
        "accumulated_operating_revenue": 2135075, 
        "long_term_average": 177922, 
        "date": "2013-12-31", 
        "operating_revenue": 130150, 
        "short_term_average": 169276
    }, 
    {
        "accumulated_operating_revenue_yoy": 291.9795454103556, 
        "accumulated_operating_revenue": 201599, 
        "long_term_average": 190436, 
        "date": "2014-01-31", 
        "operating_revenue": 201599, 
        "short_term_average": 155815
    }, 
    {
        "accumulated_operating_revenue_yoy": 156.97945469744712, 
        "accumulated_operating_revenue": 319703, 
        "long_term_average": 194197, 
        "date": "2014-02-28", 
        "operating_revenue": 118104, 
        "short_term_average": 149951
    }, 
    {
        "accumulated_operating_revenue_yoy": 62.90770868376787, 
        "accumulated_operating_revenue": 495865, 
        "long_term_average": 193879, 
        "date": "2014-03-31", 
        "operating_revenue": 176162, 
        "short_term_average": 165288
    }, 
    {
        "accumulated_operating_revenue_yoy": 29.781685373738746, 
        "accumulated_operating_revenue": 649935, 
        "long_term_average": 190351, 
        "date": "2014-04-30", 
        "operating_revenue": 154070, 
        "short_term_average": 149445
    }, 
    {
        "accumulated_operating_revenue_yoy": 14.579082712341323, 
        "accumulated_operating_revenue": 785089, 
        "long_term_average": 186247, 
        "date": "2014-05-31", 
        "operating_revenue": 135154, 
        "short_term_average": 155128
    }, 
    {
        "accumulated_operating_revenue_yoy": 13.40211106011932, 
        "accumulated_operating_revenue": 926637, 
        "long_term_average": 187048, 
        "date": "2014-06-30", 
        "operating_revenue": 141548, 
        "short_term_average": 143590
    }, 
    {
        "accumulated_operating_revenue_yoy": 10.530941375466712, 
        "accumulated_operating_revenue": 1134410, 
        "long_term_average": 186929, 
        "date": "2014-07-31", 
        "operating_revenue": 207773, 
        "short_term_average": 161491
    }, 
    {
        "accumulated_operating_revenue_yoy": 8.009900685037024, 
        "accumulated_operating_revenue": 1367158, 
        "long_term_average": 186371, 
        "date": "2014-08-31", 
        "operating_revenue": 232748, 
        "short_term_average": 194023
    }, 
    {
        "accumulated_operating_revenue_yoy": 3.631045109986511, 
        "accumulated_operating_revenue": 1686331, 
        "long_term_average": 182846, 
        "date": "2014-09-30", 
        "operating_revenue": 319173, 
        "short_term_average": 253231
    }, 
    {
        "accumulated_operating_revenue_yoy": 10.834906621828168, 
        "accumulated_operating_revenue": 2071756, 
        "long_term_average": 194800, 
        "date": "2014-10-31", 
        "operating_revenue": 385425, 
        "short_term_average": 312448
    }, 
    {
        "accumulated_operating_revenue_yoy": 14.98100926468571, 
        "accumulated_operating_revenue": 2305283, 
        "long_term_average": 202952, 
        "date": "2014-11-30", 
        "operating_revenue": 233527, 
        "short_term_average": 312708
    }, 
    {
        "accumulated_operating_revenue_yoy": 13.001182628244909, 
        "accumulated_operating_revenue": 2412660, 
        "long_term_average": 201055, 
        "date": "2014-12-31", 
        "operating_revenue": 107377, 
        "short_term_average": 242109
    }, 
    {
        "accumulated_operating_revenue_yoy": -24.599328369684372, 
        "accumulated_operating_revenue": 152007, 
        "long_term_average": 196922, 
        "date": "2015-01-31", 
        "operating_revenue": 152007, 
        "short_term_average": 164303
    }, 
    {
        "accumulated_operating_revenue_yoy": -27.638464449817484, 
        "accumulated_operating_revenue": 231342, 
        "long_term_average": 193691, 
        "date": "2015-02-28", 
        "operating_revenue": 79335, 
        "short_term_average": 112906
    }, 
    {
        "accumulated_operating_revenue_yoy": -20.80304115031309, 
        "accumulated_operating_revenue": 392710, 
        "long_term_average": 192458, 
        "date": "2015-03-31", 
        "operating_revenue": 161368, 
        "short_term_average": 130903
    }, 
    {
        "accumulated_operating_revenue_yoy": 0.14739935532014742, 
        "accumulated_operating_revenue": 650893, 
        "long_term_average": 201134, 
        "date": "2015-04-30", 
        "operating_revenue": 258183, 
        "short_term_average": 166295
    }, 
    {
        "accumulated_operating_revenue_yoy": 14.644963819388629, 
        "accumulated_operating_revenue": 900065, 
        "long_term_average": 210636, 
        "date": "2015-05-31", 
        "operating_revenue": 249172, 
        "short_term_average": 222907
    }, 
    {
        "accumulated_operating_revenue_yoy": 18.693404213300354, 
        "accumulated_operating_revenue": 1099857, 
        "long_term_average": 215490, 
        "date": "2015-06-30", 
        "operating_revenue": 199792, 
        "short_term_average": 235715
    }, 
    {
        "accumulated_operating_revenue_yoy": 26.829100589733873, 
        "accumulated_operating_revenue": 1438762, 
        "long_term_average": 226417, 
        "date": "2015-07-31", 
        "operating_revenue": 338905, 
        "short_term_average": 262623
    }, 
    {
        "accumulated_operating_revenue_yoy": 24.620636385845675, 
        "accumulated_operating_revenue": 1703761, 
        "long_term_average": 229105, 
        "date": "2015-08-31", 
        "operating_revenue": 264999, 
        "short_term_average": 267898
    }, 
    {
        "accumulated_operating_revenue_yoy": 23.911853604067055, 
        "accumulated_operating_revenue": 2089564, 
        "long_term_average": 234657, 
        "date": "2015-09-30", 
        "operating_revenue": 385803, 
        "short_term_average": 329902
    }
]