[
    {
        "date": "2012-01-31", 
        "operating_revenue": 131466, 
        "accumulated_operating_revenue": 131466, 
        "long_term_average": 131466, 
        "short_term_average": 131466
    }, 
    {
        "date": "2012-02-29", 
        "operating_revenue": 256727, 
        "accumulated_operating_revenue": 388193, 
        "long_term_average": 194096, 
        "short_term_average": 194096
    }, 
    {
        "date": "2012-03-31", 
        "operating_revenue": 289908, 
        "accumulated_operating_revenue": 678101, 
        "long_term_average": 226033, 
        "short_term_average": 226033
    }, 
    {
        "date": "2012-04-30", 
        "operating_revenue": 281304, 
        "accumulated_operating_revenue": 959405, 
        "long_term_average": 239851, 
        "short_term_average": 275979
    }, 
    {
        "date": "2012-05-31", 
        "operating_revenue": 204083, 
        "accumulated_operating_revenue": 1163488, 
        "long_term_average": 232697, 
        "short_term_average": 258431
    }, 
    {
        "date": "2012-06-30", 
        "operating_revenue": 221211, 
        "accumulated_operating_revenue": 1384699, 
        "long_term_average": 230783, 
        "short_term_average": 235532
    }, 
    {
        "date": "2012-07-31", 
        "operating_revenue": 196972, 
        "accumulated_operating_revenue": 1581671, 
        "long_term_average": 225953, 
        "short_term_average": 207422
    }, 
    {
        "date": "2012-08-31", 
        "operating_revenue": 216455, 
        "accumulated_operating_revenue": 1798126, 
        "long_term_average": 224765, 
        "short_term_average": 211546
    }, 
    {
        "date": "2012-09-30", 
        "operating_revenue": 225121, 
        "accumulated_operating_revenue": 2023247, 
        "long_term_average": 224805, 
        "short_term_average": 212849
    }, 
    {
        "date": "2012-10-31", 
        "operating_revenue": 294795, 
        "accumulated_operating_revenue": 2318042, 
        "long_term_average": 231804, 
        "short_term_average": 245457
    }, 
    {
        "date": "2012-11-30", 
        "operating_revenue": 235257, 
        "accumulated_operating_revenue": 2553299, 
        "long_term_average": 232118, 
        "short_term_average": 251724
    }, 
    {
        "date": "2012-12-31", 
        "operating_revenue": 214105, 
        "accumulated_operating_revenue": 2767404, 
        "long_term_average": 230617, 
        "short_term_average": 248052
    }, 
    {
        "accumulated_operating_revenue_yoy": 31.532867813731308, 
        "accumulated_operating_revenue": 172921, 
        "long_term_average": 234071, 
        "date": "2013-01-31", 
        "operating_revenue": 172921, 
        "short_term_average": 207427
    }, 
    {
        "accumulated_operating_revenue_yoy": -24.73073960632984, 
        "accumulated_operating_revenue": 292190, 
        "long_term_average": 222616, 
        "date": "2013-02-28", 
        "operating_revenue": 119269, 
        "short_term_average": 168765
    }, 
    {
        "accumulated_operating_revenue_yoy": -26.90277701994246, 
        "accumulated_operating_revenue": 495673, 
        "long_term_average": 215414, 
        "date": "2013-03-31", 
        "operating_revenue": 203483, 
        "short_term_average": 165224
    }, 
    {
        "accumulated_operating_revenue_yoy": -10.609075416534205, 
        "accumulated_operating_revenue": 857621, 
        "long_term_average": 222135, 
        "date": "2013-04-30", 
        "operating_revenue": 361948, 
        "short_term_average": 228233
    }, 
    {
        "accumulated_operating_revenue_yoy": -5.645266646497428, 
        "accumulated_operating_revenue": 1097806, 
        "long_term_average": 225143, 
        "date": "2013-05-31", 
        "operating_revenue": 240185, 
        "short_term_average": 268538
    }, 
    {
        "accumulated_operating_revenue_yoy": -5.953207159101003, 
        "accumulated_operating_revenue": 1302265, 
        "long_term_average": 223747, 
        "date": "2013-06-30", 
        "operating_revenue": 204459, 
        "short_term_average": 268864
    }, 
    {
        "accumulated_operating_revenue_yoy": -0.369988448925219, 
        "accumulated_operating_revenue": 1575819, 
        "long_term_average": 230129, 
        "date": "2013-07-31", 
        "operating_revenue": 273554, 
        "short_term_average": 239399
    }, 
    {
        "accumulated_operating_revenue_yoy": 0.11712193694991341, 
        "accumulated_operating_revenue": 1800232, 
        "long_term_average": 230792, 
        "date": "2013-08-31", 
        "operating_revenue": 224413, 
        "short_term_average": 234142
    }, 
    {
        "accumulated_operating_revenue_yoy": -3.3840158912876186, 
        "accumulated_operating_revenue": 1954780, 
        "long_term_average": 224911, 
        "date": "2013-09-30", 
        "operating_revenue": 154548, 
        "short_term_average": 217505
    }, 
    {
        "accumulated_operating_revenue_yoy": -6.863464941532552, 
        "accumulated_operating_revenue": 2158944, 
        "long_term_average": 217358, 
        "date": "2013-10-31", 
        "operating_revenue": 204164, 
        "short_term_average": 194375
    }, 
    {
        "accumulated_operating_revenue_yoy": -4.714488980726504, 
        "accumulated_operating_revenue": 2432924, 
        "long_term_average": 220585, 
        "date": "2013-11-30", 
        "operating_revenue": 273980, 
        "short_term_average": 210897
    }, 
    {
        "accumulated_operating_revenue_yoy": 4.885264312691605, 
        "accumulated_operating_revenue": 2902599, 
        "long_term_average": 241883, 
        "date": "2013-12-31", 
        "operating_revenue": 469675, 
        "short_term_average": 315939
    }, 
    {
        "accumulated_operating_revenue_yoy": 9.962931049438762, 
        "accumulated_operating_revenue": 190149, 
        "long_term_average": 243318, 
        "date": "2014-01-31", 
        "operating_revenue": 190149, 
        "short_term_average": 311268
    }, 
    {
        "accumulated_operating_revenue_yoy": 52.755398884287615, 
        "accumulated_operating_revenue": 446336, 
        "long_term_average": 254728, 
        "date": "2014-02-28", 
        "operating_revenue": 256187, 
        "short_term_average": 305337
    }, 
    {
        "accumulated_operating_revenue_yoy": 43.195816596828955, 
        "accumulated_operating_revenue": 709783, 
        "long_term_average": 259725, 
        "date": "2014-03-31", 
        "operating_revenue": 263447, 
        "short_term_average": 236594
    }, 
    {
        "accumulated_operating_revenue_yoy": 18.683077956346686, 
        "accumulated_operating_revenue": 1017851, 
        "long_term_average": 255235, 
        "date": "2014-04-30", 
        "operating_revenue": 308068, 
        "short_term_average": 275900
    }, 
    {
        "accumulated_operating_revenue_yoy": 17.202219700019857, 
        "accumulated_operating_revenue": 1286653, 
        "long_term_average": 257620, 
        "date": "2014-05-31", 
        "operating_revenue": 268802, 
        "short_term_average": 280105
    }, 
    {
        "accumulated_operating_revenue_yoy": 17.09060751843903, 
        "accumulated_operating_revenue": 1524830, 
        "long_term_average": 260430, 
        "date": "2014-06-30", 
        "operating_revenue": 238177, 
        "short_term_average": 271682
    }, 
    {
        "accumulated_operating_revenue_yoy": 8.039946212096694, 
        "accumulated_operating_revenue": 1702514, 
        "long_term_average": 252441, 
        "date": "2014-07-31", 
        "operating_revenue": 177684, 
        "short_term_average": 228221
    }, 
    {
        "accumulated_operating_revenue_yoy": 6.0081700580814035, 
        "accumulated_operating_revenue": 1908393, 
        "long_term_average": 250896, 
        "date": "2014-08-31", 
        "operating_revenue": 205879, 
        "short_term_average": 207246
    }, 
    {
        "accumulated_operating_revenue_yoy": 5.940105791956128, 
        "accumulated_operating_revenue": 2070896, 
        "long_term_average": 251559, 
        "date": "2014-09-30", 
        "operating_revenue": 162503, 
        "short_term_average": 182022
    }, 
    {
        "accumulated_operating_revenue_yoy": 2.0000055582729335, 
        "accumulated_operating_revenue": 2202123, 
        "long_term_average": 245481, 
        "date": "2014-10-31", 
        "operating_revenue": 131227, 
        "short_term_average": 166536
    }, 
    {
        "accumulated_operating_revenue_yoy": -1.2189036731110385, 
        "accumulated_operating_revenue": 2403269, 
        "long_term_average": 239412, 
        "date": "2014-11-30", 
        "operating_revenue": 201146, 
        "short_term_average": 164958
    }, 
    {
        "accumulated_operating_revenue_yoy": -9.482708427860686, 
        "accumulated_operating_revenue": 2627354, 
        "long_term_average": 218946, 
        "date": "2014-12-31", 
        "operating_revenue": 224085, 
        "short_term_average": 185486
    }, 
    {
        "accumulated_operating_revenue_yoy": 10.83097991575028, 
        "accumulated_operating_revenue": 210744, 
        "long_term_average": 220662, 
        "date": "2015-01-31", 
        "operating_revenue": 210744, 
        "short_term_average": 211991
    }, 
    {
        "accumulated_operating_revenue_yoy": -22.03429703183252, 
        "accumulated_operating_revenue": 347989, 
        "long_term_average": 210750, 
        "date": "2015-02-28", 
        "operating_revenue": 137245, 
        "short_term_average": 190691
    }, 
    {
        "accumulated_operating_revenue_yoy": -12.028465037905951, 
        "accumulated_operating_revenue": 624407, 
        "long_term_average": 211831, 
        "date": "2015-03-31", 
        "operating_revenue": 276418, 
        "short_term_average": 208135
    }, 
    {
        "accumulated_operating_revenue_yoy": -12.668455402608044, 
        "accumulated_operating_revenue": 888905, 
        "long_term_average": 208200, 
        "date": "2015-04-30", 
        "operating_revenue": 264498, 
        "short_term_average": 226053
    }, 
    {
        "accumulated_operating_revenue_yoy": -7.803968902260361, 
        "accumulated_operating_revenue": 1186243, 
        "long_term_average": 210578, 
        "date": "2015-05-31", 
        "operating_revenue": 297338, 
        "short_term_average": 279418
    }, 
    {
        "accumulated_operating_revenue_yoy": -5.71053822393316, 
        "accumulated_operating_revenue": 1437754, 
        "long_term_average": 211689, 
        "date": "2015-06-30", 
        "operating_revenue": 251511, 
        "short_term_average": 271115
    }, 
    {
        "accumulated_operating_revenue_yoy": 1.1420170406821912, 
        "accumulated_operating_revenue": 1721957, 
        "long_term_average": 220566, 
        "date": "2015-07-31", 
        "operating_revenue": 284203, 
        "short_term_average": 277684
    }, 
    {
        "accumulated_operating_revenue_yoy": 4.5109157285737265, 
        "accumulated_operating_revenue": 1994479, 
        "long_term_average": 226120, 
        "date": "2015-08-31", 
        "operating_revenue": 272522, 
        "short_term_average": 269412
    }
]