[
    {
        "date": "2011-09-30", 
        "operating_revenue": 16290298, 
        "accumulated_operating_revenue": 16290298, 
        "long_term_average": 16290298, 
        "short_term_average": 16290298
    }, 
    {
        "date": "2011-10-31", 
        "operating_revenue": 14208211, 
        "accumulated_operating_revenue": 30498509, 
        "long_term_average": 15249254, 
        "short_term_average": 15249254
    }, 
    {
        "date": "2011-11-30", 
        "operating_revenue": 14217366, 
        "accumulated_operating_revenue": 44715875, 
        "long_term_average": 14905291, 
        "short_term_average": 14905291
    }, 
    {
        "date": "2011-12-31", 
        "operating_revenue": 13936176, 
        "accumulated_operating_revenue": 58652051, 
        "long_term_average": 14663012, 
        "short_term_average": 14120584
    }, 
    {
        "date": "2012-01-31", 
        "operating_revenue": 10507143, 
        "accumulated_operating_revenue": 10507143, 
        "long_term_average": 13831838, 
        "short_term_average": 12886895
    }, 
    {
        "date": "2012-02-29", 
        "operating_revenue": 12632228, 
        "accumulated_operating_revenue": 23139371, 
        "long_term_average": 13631903, 
        "short_term_average": 12358515
    }, 
    {
        "date": "2012-03-31", 
        "operating_revenue": 14556274, 
        "accumulated_operating_revenue": 37695645, 
        "long_term_average": 13763956, 
        "short_term_average": 12565215
    }, 
    {
        "date": "2012-04-30", 
        "operating_revenue": 13700618, 
        "accumulated_operating_revenue": 51396263, 
        "long_term_average": 13756039, 
        "short_term_average": 13629706
    }, 
    {
        "date": "2012-05-31", 
        "operating_revenue": 13517498, 
        "accumulated_operating_revenue": 64913761, 
        "long_term_average": 13729534, 
        "short_term_average": 13924796
    }, 
    {
        "date": "2012-06-30", 
        "operating_revenue": 13393111, 
        "accumulated_operating_revenue": 78306872, 
        "long_term_average": 13695892, 
        "short_term_average": 13537075
    }, 
    {
        "date": "2012-07-31", 
        "operating_revenue": 12103180, 
        "accumulated_operating_revenue": 90410052, 
        "long_term_average": 13551100, 
        "short_term_average": 13004596
    }, 
    {
        "date": "2012-08-31", 
        "operating_revenue": 12332480, 
        "accumulated_operating_revenue": 102742532, 
        "long_term_average": 13449548, 
        "short_term_average": 12609590
    }, 
    {
        "accumulated_operating_revenue_yoy": 603.6115791129174, 
        "accumulated_operating_revenue": 114620423, 
        "long_term_average": 13081848, 
        "date": "2012-09-30", 
        "operating_revenue": 11877891, 
        "short_term_average": 12104517
    }, 
    {
        "accumulated_operating_revenue_yoy": 317.78408577284875, 
        "accumulated_operating_revenue": 127417917, 
        "long_term_average": 12964288, 
        "date": "2012-10-31", 
        "operating_revenue": 12797494, 
        "short_term_average": 12335955
    }, 
    {
        "accumulated_operating_revenue_yoy": 211.7184556938671, 
        "accumulated_operating_revenue": 139387635, 
        "long_term_average": 12776984, 
        "date": "2012-11-30", 
        "operating_revenue": 11969718, 
        "short_term_average": 12215034
    }, 
    {
        "accumulated_operating_revenue_yoy": 168.35858817622594, 
        "accumulated_operating_revenue": 157397816, 
        "long_term_average": 13116484, 
        "date": "2012-12-31", 
        "operating_revenue": 18010181, 
        "short_term_average": 14259131
    }, 
    {
        "accumulated_operating_revenue_yoy": 16.7407924304447, 
        "accumulated_operating_revenue": 12266122, 
        "long_term_average": 13263066, 
        "date": "2013-01-31", 
        "operating_revenue": 12266122, 
        "short_term_average": 14082007
    }, 
    {
        "accumulated_operating_revenue_yoy": -5.91435696328997, 
        "accumulated_operating_revenue": 21770826, 
        "long_term_average": 13002439, 
        "date": "2013-02-28", 
        "operating_revenue": 9504704, 
        "short_term_average": 13260335
    }, 
    {
        "accumulated_operating_revenue_yoy": -9.18758387076279, 
        "accumulated_operating_revenue": 34232326, 
        "long_term_average": 12827874, 
        "date": "2013-03-31", 
        "operating_revenue": 12461500, 
        "short_term_average": 11410775
    }, 
    {
        "accumulated_operating_revenue_yoy": -7.580329332504195, 
        "accumulated_operating_revenue": 47500257, 
        "long_term_average": 12791817, 
        "date": "2013-04-30", 
        "operating_revenue": 13267931, 
        "short_term_average": 11744711
    }, 
    {
        "accumulated_operating_revenue_yoy": -7.244847513919275, 
        "accumulated_operating_revenue": 60210858, 
        "long_term_average": 12724576, 
        "date": "2013-05-31", 
        "operating_revenue": 12710601, 
        "short_term_average": 12813344
    }, 
    {
        "accumulated_operating_revenue_yoy": -7.2478913472626, 
        "accumulated_operating_revenue": 72631275, 
        "long_term_average": 12643518, 
        "date": "2013-06-30", 
        "operating_revenue": 12420417, 
        "short_term_average": 12799649
    }, 
    {
        "accumulated_operating_revenue_yoy": -6.454657276383383, 
        "accumulated_operating_revenue": 84574393, 
        "long_term_average": 12630179, 
        "date": "2013-07-31", 
        "operating_revenue": 11943118, 
        "short_term_average": 12358045
    }, 
    {
        "accumulated_operating_revenue_yoy": -6.017091344410317, 
        "accumulated_operating_revenue": 96560420, 
        "long_term_average": 12601308, 
        "date": "2013-08-31", 
        "operating_revenue": 11986027, 
        "short_term_average": 12116520
    }, 
    {
        "accumulated_operating_revenue_yoy": -5.210608933104356, 
        "accumulated_operating_revenue": 108648001, 
        "long_term_average": 12618782, 
        "date": "2013-09-30", 
        "operating_revenue": 12087581, 
        "short_term_average": 12005575
    }, 
    {
        "accumulated_operating_revenue_yoy": -5.183439782648463, 
        "accumulated_operating_revenue": 120813286, 
        "long_term_average": 12566098, 
        "date": "2013-10-31", 
        "operating_revenue": 12165285, 
        "short_term_average": 12079631
    }, 
    {
        "accumulated_operating_revenue_yoy": -3.9494902112371735, 
        "accumulated_operating_revenue": 133882534, 
        "long_term_average": 12657726, 
        "date": "2013-11-30", 
        "operating_revenue": 13069248, 
        "short_term_average": 12440704
    }, 
    {
        "accumulated_operating_revenue_yoy": -6.049241496463966, 
        "accumulated_operating_revenue": 147876442, 
        "long_term_average": 12323036, 
        "date": "2013-12-31", 
        "operating_revenue": 13993908, 
        "short_term_average": 13076147
    }, 
    {
        "accumulated_operating_revenue_yoy": -4.325808923146207, 
        "accumulated_operating_revenue": 11735513, 
        "long_term_average": 12278819, 
        "date": "2014-01-31", 
        "operating_revenue": 11735513, 
        "short_term_average": 12932889
    }, 
    {
        "accumulated_operating_revenue_yoy": 6.2923427893824515, 
        "accumulated_operating_revenue": 23140721, 
        "long_term_average": 12437194, 
        "date": "2014-02-28", 
        "operating_revenue": 11405208, 
        "short_term_average": 12378209
    }, 
    {
        "accumulated_operating_revenue_yoy": 7.047441064916243, 
        "accumulated_operating_revenue": 36644829, 
        "long_term_average": 12524078, 
        "date": "2014-03-31", 
        "operating_revenue": 13504108, 
        "short_term_average": 12214943
    }, 
    {
        "accumulated_operating_revenue_yoy": 6.687986972365223, 
        "accumulated_operating_revenue": 50677068, 
        "long_term_average": 12587771, 
        "date": "2014-04-30", 
        "operating_revenue": 14032239, 
        "short_term_average": 12980518
    }, 
    {
        "accumulated_operating_revenue_yoy": 8.825599196742887, 
        "accumulated_operating_revenue": 65524827, 
        "long_term_average": 12765867, 
        "date": "2014-05-31", 
        "operating_revenue": 14847759, 
        "short_term_average": 14128035
    }, 
    {
        "accumulated_operating_revenue_yoy": 9.69678970939172, 
        "accumulated_operating_revenue": 79674177, 
        "long_term_average": 12909945, 
        "date": "2014-06-30", 
        "operating_revenue": 14149350, 
        "short_term_average": 14343116
    }, 
    {
        "accumulated_operating_revenue_yoy": 10.594835720547234, 
        "accumulated_operating_revenue": 93534911, 
        "long_term_average": 13069746, 
        "date": "2014-07-31", 
        "operating_revenue": 13860734, 
        "short_term_average": 14285947
    }, 
    {
        "accumulated_operating_revenue_yoy": 9.522186212528903, 
        "accumulated_operating_revenue": 105755083, 
        "long_term_average": 13089258, 
        "date": "2014-08-31", 
        "operating_revenue": 12220172, 
        "short_term_average": 13410085
    }, 
    {
        "accumulated_operating_revenue_yoy": 13.217284135766105, 
        "accumulated_operating_revenue": 123008316, 
        "long_term_average": 13519729, 
        "date": "2014-09-30", 
        "operating_revenue": 17253233, 
        "short_term_average": 14444713
    }, 
    {
        "accumulated_operating_revenue_yoy": 12.04696725159847, 
        "accumulated_operating_revenue": 135367623, 
        "long_term_average": 13535898, 
        "date": "2014-10-31", 
        "operating_revenue": 12359307, 
        "short_term_average": 13944237
    }, 
    {
        "accumulated_operating_revenue_yoy": 10.782423643101945, 
        "accumulated_operating_revenue": 148318316, 
        "long_term_average": 13526018, 
        "date": "2014-11-30", 
        "operating_revenue": 12950693, 
        "short_term_average": 14187744
    }, 
    {
        "accumulated_operating_revenue_yoy": 9.262138589999346, 
        "accumulated_operating_revenue": 161572963, 
        "long_term_average": 13464413, 
        "date": "2014-12-31", 
        "operating_revenue": 13254647, 
        "short_term_average": 12854882
    }, 
    {
        "accumulated_operating_revenue_yoy": 9.957621792928864, 
        "accumulated_operating_revenue": 12904091, 
        "long_term_average": 13561795, 
        "date": "2015-01-31", 
        "operating_revenue": 12904091, 
        "short_term_average": 13036477
    }, 
    {
        "accumulated_operating_revenue_yoy": -1.3729563568913865, 
        "accumulated_operating_revenue": 22823009, 
        "long_term_average": 13437937, 
        "date": "2015-02-28", 
        "operating_revenue": 9918918, 
        "short_term_average": 12025885
    }, 
    {
        "accumulated_operating_revenue_yoy": -2.28114040319304, 
        "accumulated_operating_revenue": 35808909, 
        "long_term_average": 13394753, 
        "date": "2015-03-31", 
        "operating_revenue": 12985900, 
        "short_term_average": 11936303
    }, 
    {
        "accumulated_operating_revenue_yoy": -2.737847817083656, 
        "accumulated_operating_revenue": 49289607, 
        "long_term_average": 13348791, 
        "date": "2015-04-30", 
        "operating_revenue": 13480698, 
        "short_term_average": 12128505
    }, 
    {
        "accumulated_operating_revenue_yoy": -4.446667215161057, 
        "accumulated_operating_revenue": 62611156, 
        "long_term_average": 13221607, 
        "date": "2015-05-31", 
        "operating_revenue": 13321549, 
        "short_term_average": 13262715
    }, 
    {
        "accumulated_operating_revenue_yoy": -5.666259972788925, 
        "accumulated_operating_revenue": 75159631, 
        "long_term_average": 13088201, 
        "date": "2015-06-30", 
        "operating_revenue": 12548475, 
        "short_term_average": 13116907
    }, 
    {
        "accumulated_operating_revenue_yoy": -6.273579498033627, 
        "accumulated_operating_revenue": 87666924, 
        "long_term_average": 12975414, 
        "date": "2015-07-31", 
        "operating_revenue": 12507293, 
        "short_term_average": 12792439
    }, 
    {
        "accumulated_operating_revenue_yoy": -6.46607407040662, 
        "accumulated_operating_revenue": 98916881, 
        "long_term_average": 12894563, 
        "date": "2015-08-31", 
        "operating_revenue": 11249957, 
        "short_term_average": 12101908
    }
]