[
    {
        "date": "2012-01-31", 
        "operating_revenue": 602967, 
        "accumulated_operating_revenue": 602967, 
        "long_term_average": 602967, 
        "short_term_average": 602967
    }, 
    {
        "date": "2012-02-29", 
        "operating_revenue": 1109128, 
        "accumulated_operating_revenue": 1712095, 
        "long_term_average": 856047, 
        "short_term_average": 856047
    }, 
    {
        "date": "2012-03-31", 
        "operating_revenue": 1580281, 
        "accumulated_operating_revenue": 3292376, 
        "long_term_average": 1097458, 
        "short_term_average": 1097458
    }, 
    {
        "date": "2012-04-30", 
        "operating_revenue": 1518555, 
        "accumulated_operating_revenue": 4810931, 
        "long_term_average": 1202732, 
        "short_term_average": 1402654
    }, 
    {
        "date": "2012-05-31", 
        "operating_revenue": 1307097, 
        "accumulated_operating_revenue": 6118028, 
        "long_term_average": 1223605, 
        "short_term_average": 1468644
    }, 
    {
        "date": "2012-06-30", 
        "operating_revenue": 1145759, 
        "accumulated_operating_revenue": 7263787, 
        "long_term_average": 1210631, 
        "short_term_average": 1323803
    }, 
    {
        "date": "2012-07-31", 
        "operating_revenue": 1492133, 
        "accumulated_operating_revenue": 8755920, 
        "long_term_average": 1250845, 
        "short_term_average": 1314996
    }, 
    {
        "date": "2012-08-31", 
        "operating_revenue": 1093634, 
        "accumulated_operating_revenue": 9849554, 
        "long_term_average": 1231194, 
        "short_term_average": 1243842
    }, 
    {
        "date": "2012-09-30", 
        "operating_revenue": 1067901, 
        "accumulated_operating_revenue": 10917455, 
        "long_term_average": 1213050, 
        "short_term_average": 1217889
    }, 
    {
        "date": "2012-10-31", 
        "operating_revenue": 995178, 
        "accumulated_operating_revenue": 11912633, 
        "long_term_average": 1191263, 
        "short_term_average": 1052237
    }, 
    {
        "date": "2012-11-30", 
        "operating_revenue": 914473, 
        "accumulated_operating_revenue": 12827106, 
        "long_term_average": 1166100, 
        "short_term_average": 992517
    }, 
    {
        "date": "2012-12-31", 
        "operating_revenue": 1058752, 
        "accumulated_operating_revenue": 13885858, 
        "long_term_average": 1157154, 
        "short_term_average": 989467
    }, 
    {
        "accumulated_operating_revenue_yoy": 58.06370829581054, 
        "accumulated_operating_revenue": 953072, 
        "long_term_average": 1186330, 
        "date": "2013-01-31", 
        "operating_revenue": 953072, 
        "short_term_average": 975432
    }, 
    {
        "accumulated_operating_revenue_yoy": -7.940797677698959, 
        "accumulated_operating_revenue": 1576141, 
        "long_term_average": 1145825, 
        "date": "2013-02-28", 
        "operating_revenue": 623069, 
        "short_term_average": 878297
    }, 
    {
        "accumulated_operating_revenue_yoy": -19.04606278262264, 
        "accumulated_operating_revenue": 2665308, 
        "long_term_average": 1104899, 
        "date": "2013-03-31", 
        "operating_revenue": 1089167, 
        "short_term_average": 888436
    }, 
    {
        "accumulated_operating_revenue_yoy": -23.531848617242694, 
        "accumulated_operating_revenue": 3678830, 
        "long_term_average": 1062813, 
        "date": "2013-04-30", 
        "operating_revenue": 1013522, 
        "short_term_average": 908586
    }, 
    {
        "accumulated_operating_revenue_yoy": -24.728539980529675, 
        "accumulated_operating_revenue": 4605129, 
        "long_term_average": 1031079, 
        "date": "2013-05-31", 
        "operating_revenue": 926299, 
        "short_term_average": 1009662
    }, 
    {
        "accumulated_operating_revenue_yoy": -22.947905823780353, 
        "accumulated_operating_revenue": 5596900, 
        "long_term_average": 1018247, 
        "date": "2013-06-30", 
        "operating_revenue": 991771, 
        "short_term_average": 977197
    }, 
    {
        "accumulated_operating_revenue_yoy": -25.445424352894957, 
        "accumulated_operating_revenue": 6527939, 
        "long_term_average": 971489, 
        "date": "2013-07-31", 
        "operating_revenue": 931039, 
        "short_term_average": 949703
    }, 
    {
        "accumulated_operating_revenue_yoy": -25.27649475296039, 
        "accumulated_operating_revenue": 7359932, 
        "long_term_average": 949686, 
        "date": "2013-08-31", 
        "operating_revenue": 831993, 
        "short_term_average": 918267
    }, 
    {
        "accumulated_operating_revenue_yoy": -24.10178929063596, 
        "accumulated_operating_revenue": 8286153, 
        "long_term_average": 937879, 
        "date": "2013-09-30", 
        "operating_revenue": 926221, 
        "short_term_average": 896417
    }, 
    {
        "accumulated_operating_revenue_yoy": -23.023759734728667, 
        "accumulated_operating_revenue": 9169897, 
        "long_term_average": 928593, 
        "date": "2013-10-31", 
        "operating_revenue": 883744, 
        "short_term_average": 880652
    }, 
    {
        "accumulated_operating_revenue_yoy": -21.680525599461017, 
        "accumulated_operating_revenue": 10046122, 
        "long_term_average": 925406, 
        "date": "2013-11-30", 
        "operating_revenue": 876225, 
        "short_term_average": 895396
    }, 
    {
        "accumulated_operating_revenue_yoy": -20.466383856150625, 
        "accumulated_operating_revenue": 11043925, 
        "long_term_average": 920327, 
        "date": "2013-12-31", 
        "operating_revenue": 997803, 
        "short_term_average": 919257
    }, 
    {
        "accumulated_operating_revenue_yoy": -8.96595430355734, 
        "accumulated_operating_revenue": 867620, 
        "long_term_average": 913206, 
        "date": "2014-01-31", 
        "operating_revenue": 867620, 
        "short_term_average": 913882
    }, 
    {
        "accumulated_operating_revenue_yoy": 4.813845969364416, 
        "accumulated_operating_revenue": 1652014, 
        "long_term_average": 926649, 
        "date": "2014-02-28", 
        "operating_revenue": 784394, 
        "short_term_average": 883272
    }, 
    {
        "accumulated_operating_revenue_yoy": -6.394232861643006, 
        "accumulated_operating_revenue": 2494882, 
        "long_term_average": 906124, 
        "date": "2014-03-31", 
        "operating_revenue": 842868, 
        "short_term_average": 831627
    }, 
    {
        "accumulated_operating_revenue_yoy": -8.200378924821207, 
        "accumulated_operating_revenue": 3377152, 
        "long_term_average": 895187, 
        "date": "2014-04-30", 
        "operating_revenue": 882270, 
        "short_term_average": 836510
    }, 
    {
        "accumulated_operating_revenue_yoy": -9.133403211940426, 
        "accumulated_operating_revenue": 4184524, 
        "long_term_average": 885276, 
        "date": "2014-05-31", 
        "operating_revenue": 807372, 
        "short_term_average": 844170
    }, 
    {
        "accumulated_operating_revenue_yoy": -10.777466097303865, 
        "accumulated_operating_revenue": 4993696, 
        "long_term_average": 870060, 
        "date": "2014-06-30", 
        "operating_revenue": 809172, 
        "short_term_average": 832938
    }, 
    {
        "accumulated_operating_revenue_yoy": -9.123951679082785, 
        "accumulated_operating_revenue": 5932333, 
        "long_term_average": 870693, 
        "date": "2014-07-31", 
        "operating_revenue": 938637, 
        "short_term_average": 851727
    }, 
    {
        "accumulated_operating_revenue_yoy": -9.008928343359694, 
        "accumulated_operating_revenue": 6696881, 
        "long_term_average": 865072, 
        "date": "2014-08-31", 
        "operating_revenue": 764548, 
        "short_term_average": 837452
    }, 
    {
        "accumulated_operating_revenue_yoy": -9.142348687020382, 
        "accumulated_operating_revenue": 7528604, 
        "long_term_average": 857198, 
        "date": "2014-09-30", 
        "operating_revenue": 831723, 
        "short_term_average": 844969
    }, 
    {
        "accumulated_operating_revenue_yoy": -9.659236085203574, 
        "accumulated_operating_revenue": 8284155, 
        "long_term_average": 846515, 
        "date": "2014-10-31", 
        "operating_revenue": 755551, 
        "short_term_average": 783940
    }, 
    {
        "accumulated_operating_revenue_yoy": -9.844903336829873, 
        "accumulated_operating_revenue": 9057091, 
        "long_term_average": 837907, 
        "date": "2014-11-30", 
        "operating_revenue": 772936, 
        "short_term_average": 786736
    }, 
    {
        "accumulated_operating_revenue_yoy": -10.200078323603249, 
        "accumulated_operating_revenue": 9917436, 
        "long_term_average": 826453, 
        "date": "2014-12-31", 
        "operating_revenue": 860345, 
        "short_term_average": 796277
    }, 
    {
        "accumulated_operating_revenue_yoy": -5.851985892441391, 
        "accumulated_operating_revenue": 816847, 
        "long_term_average": 822221, 
        "date": "2015-01-31", 
        "operating_revenue": 816847, 
        "short_term_average": 816709
    }, 
    {
        "accumulated_operating_revenue_yoy": -17.154031382300634, 
        "accumulated_operating_revenue": 1368627, 
        "long_term_average": 802837, 
        "date": "2015-02-28", 
        "operating_revenue": 551780, 
        "short_term_average": 742990
    }, 
    {
        "accumulated_operating_revenue_yoy": -11.565035941579602, 
        "accumulated_operating_revenue": 2206348, 
        "long_term_average": 802408, 
        "date": "2015-03-31", 
        "operating_revenue": 837721, 
        "short_term_average": 735449
    }, 
    {
        "accumulated_operating_revenue_yoy": -13.626629775621588, 
        "accumulated_operating_revenue": 2916960, 
        "long_term_average": 788103, 
        "date": "2015-04-30", 
        "operating_revenue": 710612, 
        "short_term_average": 700037
    }, 
    {
        "accumulated_operating_revenue_yoy": -11.343416837853002, 
        "accumulated_operating_revenue": 3709856, 
        "long_term_average": 786897, 
        "date": "2015-05-31", 
        "operating_revenue": 792896, 
        "short_term_average": 780409
    }, 
    {
        "accumulated_operating_revenue_yoy": -10.353013078889864, 
        "accumulated_operating_revenue": 4476698, 
        "long_term_average": 783369, 
        "date": "2015-06-30", 
        "operating_revenue": 766842, 
        "short_term_average": 756783
    }, 
    {
        "accumulated_operating_revenue_yoy": -12.395561746112364, 
        "accumulated_operating_revenue": 5196987, 
        "long_term_average": 765174, 
        "date": "2015-07-31", 
        "operating_revenue": 720289, 
        "short_term_average": 760009
    }, 
    {
        "accumulated_operating_revenue_yoy": -12.890030448502818, 
        "accumulated_operating_revenue": 5833651, 
        "long_term_average": 754517, 
        "date": "2015-08-31", 
        "operating_revenue": 636664, 
        "short_term_average": 707931
    }, 
    {
        "accumulated_operating_revenue_yoy": -15.033915982298977, 
        "accumulated_operating_revenue": 6396760, 
        "long_term_average": 732132, 
        "date": "2015-09-30", 
        "operating_revenue": 563109, 
        "short_term_average": 640020
    }
]