[
    {
        "date": "2012-01-31", 
        "operating_revenue": 980136, 
        "accumulated_operating_revenue": 980136, 
        "long_term_average": 980136, 
        "short_term_average": 980136
    }, 
    {
        "date": "2012-02-29", 
        "operating_revenue": 1582921, 
        "accumulated_operating_revenue": 2563057, 
        "long_term_average": 1281528, 
        "short_term_average": 1281528
    }, 
    {
        "date": "2012-03-31", 
        "operating_revenue": 1821633, 
        "accumulated_operating_revenue": 4384690, 
        "long_term_average": 1461563, 
        "short_term_average": 1461563
    }, 
    {
        "date": "2012-04-30", 
        "operating_revenue": 1183208, 
        "accumulated_operating_revenue": 5567898, 
        "long_term_average": 1391974, 
        "short_term_average": 1529254
    }, 
    {
        "date": "2012-05-31", 
        "operating_revenue": 1780109, 
        "accumulated_operating_revenue": 7348007, 
        "long_term_average": 1469601, 
        "short_term_average": 1594983
    }, 
    {
        "date": "2012-06-30", 
        "operating_revenue": 1760281, 
        "accumulated_operating_revenue": 9108288, 
        "long_term_average": 1518048, 
        "short_term_average": 1574532
    }, 
    {
        "date": "2012-07-31", 
        "operating_revenue": 1304813, 
        "accumulated_operating_revenue": 10413101, 
        "long_term_average": 1487585, 
        "short_term_average": 1615067
    }, 
    {
        "date": "2012-08-31", 
        "operating_revenue": 1414660, 
        "accumulated_operating_revenue": 11827761, 
        "long_term_average": 1478470, 
        "short_term_average": 1493251
    }, 
    {
        "date": "2012-09-30", 
        "operating_revenue": 1488950, 
        "accumulated_operating_revenue": 13316711, 
        "long_term_average": 1479634, 
        "short_term_average": 1402807
    }, 
    {
        "date": "2012-10-31", 
        "operating_revenue": 1533435, 
        "accumulated_operating_revenue": 14850146, 
        "long_term_average": 1485014, 
        "short_term_average": 1479015
    }, 
    {
        "date": "2012-11-30", 
        "operating_revenue": 1563005, 
        "accumulated_operating_revenue": 16413151, 
        "long_term_average": 1492104, 
        "short_term_average": 1528463
    }, 
    {
        "date": "2012-12-31", 
        "operating_revenue": 1870885, 
        "accumulated_operating_revenue": 18284036, 
        "long_term_average": 1523669, 
        "short_term_average": 1655775
    }, 
    {
        "accumulated_operating_revenue_yoy": 54.99175624607198, 
        "accumulated_operating_revenue": 1519130, 
        "long_term_average": 1568585, 
        "date": "2013-01-31", 
        "operating_revenue": 1519130, 
        "short_term_average": 1651006
    }, 
    {
        "accumulated_operating_revenue_yoy": -2.743949900450907, 
        "accumulated_operating_revenue": 2492728, 
        "long_term_average": 1517808, 
        "date": "2013-02-28", 
        "operating_revenue": 973598, 
        "short_term_average": 1454537
    }, 
    {
        "accumulated_operating_revenue_yoy": -0.5970775585047061, 
        "accumulated_operating_revenue": 4358510, 
        "long_term_average": 1521488, 
        "date": "2013-03-31", 
        "operating_revenue": 1865782, 
        "short_term_average": 1452836
    }, 
    {
        "accumulated_operating_revenue_yoy": 2.4981779479437303, 
        "accumulated_operating_revenue": 5706994, 
        "long_term_average": 1535261, 
        "date": "2013-04-30", 
        "operating_revenue": 1348484, 
        "short_term_average": 1395954
    }, 
    {
        "accumulated_operating_revenue_yoy": -1.9866339267232598, 
        "accumulated_operating_revenue": 7202029, 
        "long_term_average": 1511504, 
        "date": "2013-05-31", 
        "operating_revenue": 1495035, 
        "short_term_average": 1569767
    }, 
    {
        "accumulated_operating_revenue_yoy": -5.322537012444051, 
        "accumulated_operating_revenue": 8623496, 
        "long_term_average": 1483270, 
        "date": "2013-06-30", 
        "operating_revenue": 1421467, 
        "short_term_average": 1421662
    }, 
    {
        "accumulated_operating_revenue_yoy": -2.532098747529674, 
        "accumulated_operating_revenue": 10149431, 
        "long_term_average": 1501697, 
        "date": "2013-07-31", 
        "operating_revenue": 1525935, 
        "short_term_average": 1480812
    }, 
    {
        "accumulated_operating_revenue_yoy": -1.716148982043178, 
        "accumulated_operating_revenue": 11624779, 
        "long_term_average": 1506754, 
        "date": "2013-08-31", 
        "operating_revenue": 1475348, 
        "short_term_average": 1474250
    }, 
    {
        "accumulated_operating_revenue_yoy": -1.5635993001575237, 
        "accumulated_operating_revenue": 13108491, 
        "long_term_average": 1506318, 
        "date": "2013-09-30", 
        "operating_revenue": 1483712, 
        "short_term_average": 1494998
    }, 
    {
        "accumulated_operating_revenue_yoy": -1.5652371363890967, 
        "accumulated_operating_revenue": 14617706, 
        "long_term_average": 1504299, 
        "date": "2013-10-31", 
        "operating_revenue": 1509215, 
        "short_term_average": 1489425
    }, 
    {
        "accumulated_operating_revenue_yoy": -2.2892922876295967, 
        "accumulated_operating_revenue": 16037406, 
        "long_term_average": 1492357, 
        "date": "2013-11-30", 
        "operating_revenue": 1419700, 
        "short_term_average": 1470875
    }, 
    {
        "accumulated_operating_revenue_yoy": -3.8738821122426144, 
        "accumulated_operating_revenue": 17575734, 
        "long_term_average": 1464644, 
        "date": "2013-12-31", 
        "operating_revenue": 1538328, 
        "short_term_average": 1489081
    }, 
    {
        "accumulated_operating_revenue_yoy": -16.110536952071254, 
        "accumulated_operating_revenue": 1274390, 
        "long_term_average": 1444249, 
        "date": "2014-01-31", 
        "operating_revenue": 1274390, 
        "short_term_average": 1410806
    }, 
    {
        "accumulated_operating_revenue_yoy": -7.829895600322217, 
        "accumulated_operating_revenue": 2297550, 
        "long_term_average": 1448379, 
        "date": "2014-02-28", 
        "operating_revenue": 1023160, 
        "short_term_average": 1278626
    }, 
    {
        "accumulated_operating_revenue_yoy": -14.335151232875454, 
        "accumulated_operating_revenue": 3733711, 
        "long_term_average": 1412577, 
        "date": "2014-03-31", 
        "operating_revenue": 1436161, 
        "short_term_average": 1244570
    }, 
    {
        "accumulated_operating_revenue_yoy": -9.885536939411537, 
        "accumulated_operating_revenue": 5142827, 
        "long_term_average": 1417630, 
        "date": "2014-04-30", 
        "operating_revenue": 1409116, 
        "short_term_average": 1289479
    }, 
    {
        "accumulated_operating_revenue_yoy": -7.710229992131384, 
        "accumulated_operating_revenue": 6646736, 
        "long_term_average": 1418370, 
        "date": "2014-05-31", 
        "operating_revenue": 1503909, 
        "short_term_average": 1449728
    }, 
    {
        "accumulated_operating_revenue_yoy": -8.184824345022019, 
        "accumulated_operating_revenue": 7917678, 
        "long_term_average": 1405826, 
        "date": "2014-06-30", 
        "operating_revenue": 1270942, 
        "short_term_average": 1394655
    }, 
    {
        "accumulated_operating_revenue_yoy": -7.984467306590881, 
        "accumulated_operating_revenue": 9339053, 
        "long_term_average": 1397113, 
        "date": "2014-07-31", 
        "operating_revenue": 1421375, 
        "short_term_average": 1398742
    }, 
    {
        "accumulated_operating_revenue_yoy": -7.941570330068211, 
        "accumulated_operating_revenue": 10701589, 
        "long_term_average": 1387712, 
        "date": "2014-08-31", 
        "operating_revenue": 1362536, 
        "short_term_average": 1351617
    }, 
    {
        "accumulated_operating_revenue_yoy": -8.048882209248951, 
        "accumulated_operating_revenue": 12053404, 
        "long_term_average": 1376720, 
        "date": "2014-09-30", 
        "operating_revenue": 1351815, 
        "short_term_average": 1378575
    }, 
    {
        "accumulated_operating_revenue_yoy": -8.850827893241252, 
        "accumulated_operating_revenue": 13323918, 
        "long_term_average": 1356828, 
        "date": "2014-10-31", 
        "operating_revenue": 1270514, 
        "short_term_average": 1328288
    }, 
    {
        "accumulated_operating_revenue_yoy": -8.178691741045903, 
        "accumulated_operating_revenue": 14725756, 
        "long_term_average": 1355340, 
        "date": "2014-11-30", 
        "operating_revenue": 1401838, 
        "short_term_average": 1341389
    }, 
    {
        "accumulated_operating_revenue_yoy": -8.521487637443762, 
        "accumulated_operating_revenue": 16078020, 
        "long_term_average": 1339835, 
        "date": "2014-12-31", 
        "operating_revenue": 1352264, 
        "short_term_average": 1341538
    }, 
    {
        "accumulated_operating_revenue_yoy": 4.70342673749794, 
        "accumulated_operating_revenue": 1334330, 
        "long_term_average": 1344830, 
        "date": "2015-01-31", 
        "operating_revenue": 1334330, 
        "short_term_average": 1362810
    }, 
    {
        "accumulated_operating_revenue_yoy": -3.511827816587234, 
        "accumulated_operating_revenue": 2216864, 
        "long_term_average": 1333111, 
        "date": "2015-02-28", 
        "operating_revenue": 882534, 
        "short_term_average": 1189709
    }, 
    {
        "accumulated_operating_revenue_yoy": -0.7106066859486446, 
        "accumulated_operating_revenue": 3707179, 
        "long_term_average": 1337624, 
        "date": "2015-03-31", 
        "operating_revenue": 1490315, 
        "short_term_average": 1235726
    }, 
    {
        "accumulated_operating_revenue_yoy": -1.8098411632357068, 
        "accumulated_operating_revenue": 5049750, 
        "long_term_average": 1332078, 
        "date": "2015-04-30", 
        "operating_revenue": 1342571, 
        "short_term_average": 1238473
    }, 
    {
        "accumulated_operating_revenue_yoy": -3.649776371440057, 
        "accumulated_operating_revenue": 6404145, 
        "long_term_average": 1319619, 
        "date": "2015-05-31", 
        "operating_revenue": 1354395, 
        "short_term_average": 1395760
    }, 
    {
        "accumulated_operating_revenue_yoy": -3.5768820101044776, 
        "accumulated_operating_revenue": 7634472, 
        "long_term_average": 1316234, 
        "date": "2015-06-30", 
        "operating_revenue": 1230327, 
        "short_term_average": 1309097
    }, 
    {
        "accumulated_operating_revenue_yoy": -4.377124747016641, 
        "accumulated_operating_revenue": 8930271, 
        "long_term_average": 1305769, 
        "date": "2015-07-31", 
        "operating_revenue": 1295799, 
        "short_term_average": 1293507
    }, 
    {
        "accumulated_operating_revenue_yoy": -4.799324661038655, 
        "accumulated_operating_revenue": 10187985, 
        "long_term_average": 1297034, 
        "date": "2015-08-31", 
        "operating_revenue": 1257714, 
        "short_term_average": 1261280
    }, 
    {
        "accumulated_operating_revenue_yoy": -3.2757136490239604, 
        "accumulated_operating_revenue": 11658569, 
        "long_term_average": 1306932, 
        "date": "2015-09-30", 
        "operating_revenue": 1470584, 
        "short_term_average": 1341365
    }, 
    {
        "accumulated_operating_revenue_yoy": -2.585785952750535, 
        "accumulated_operating_revenue": 12979390, 
        "long_term_average": 1311124, 
        "date": "2015-10-31", 
        "operating_revenue": 1320821, 
        "short_term_average": 1349706
    }
]