[
    {
        "date": "2012-01-31", 
        "operating_revenue": 551584, 
        "accumulated_operating_revenue": 551584, 
        "long_term_average": 551584, 
        "short_term_average": 551584
    }, 
    {
        "date": "2012-02-29", 
        "operating_revenue": 553825, 
        "accumulated_operating_revenue": 1105409, 
        "long_term_average": 552704, 
        "short_term_average": 552704
    }, 
    {
        "date": "2012-03-31", 
        "operating_revenue": 588363, 
        "accumulated_operating_revenue": 1693772, 
        "long_term_average": 564590, 
        "short_term_average": 564590
    }, 
    {
        "date": "2012-04-30", 
        "operating_revenue": 591858, 
        "accumulated_operating_revenue": 2285630, 
        "long_term_average": 571407, 
        "short_term_average": 578015
    }, 
    {
        "date": "2012-05-31", 
        "operating_revenue": 641484, 
        "accumulated_operating_revenue": 2927114, 
        "long_term_average": 585422, 
        "short_term_average": 607235
    }, 
    {
        "date": "2012-06-30", 
        "operating_revenue": 613581, 
        "accumulated_operating_revenue": 3540695, 
        "long_term_average": 590115, 
        "short_term_average": 615641
    }, 
    {
        "date": "2012-07-31", 
        "operating_revenue": 612177, 
        "accumulated_operating_revenue": 4152872, 
        "long_term_average": 593267, 
        "short_term_average": 622414
    }, 
    {
        "date": "2012-08-31", 
        "operating_revenue": 604558, 
        "accumulated_operating_revenue": 4757430, 
        "long_term_average": 594678, 
        "short_term_average": 610105
    }, 
    {
        "date": "2012-09-30", 
        "operating_revenue": 607857, 
        "accumulated_operating_revenue": 5365287, 
        "long_term_average": 596143, 
        "short_term_average": 608197
    }, 
    {
        "date": "2012-10-31", 
        "operating_revenue": 564055, 
        "accumulated_operating_revenue": 5929342, 
        "long_term_average": 592934, 
        "short_term_average": 592156
    }, 
    {
        "date": "2012-11-30", 
        "operating_revenue": 583263, 
        "accumulated_operating_revenue": 6512605, 
        "long_term_average": 592055, 
        "short_term_average": 585058
    }, 
    {
        "date": "2012-12-31", 
        "operating_revenue": 558432, 
        "accumulated_operating_revenue": 7071037, 
        "long_term_average": 589253, 
        "short_term_average": 568583
    }, 
    {
        "accumulated_operating_revenue_yoy": -9.648213146139119, 
        "accumulated_operating_revenue": 498366, 
        "long_term_average": 584818, 
        "date": "2013-01-31", 
        "operating_revenue": 498366, 
        "short_term_average": 546687
    }, 
    {
        "accumulated_operating_revenue_yoy": -26.805915276608022, 
        "accumulated_operating_revenue": 809094, 
        "long_term_average": 564560, 
        "date": "2013-02-28", 
        "operating_revenue": 310728, 
        "short_term_average": 455842
    }, 
    {
        "accumulated_operating_revenue_yoy": -37.463897147904206, 
        "accumulated_operating_revenue": 1059219, 
        "long_term_average": 536373, 
        "date": "2013-03-31", 
        "operating_revenue": 250125, 
        "short_term_average": 353073
    }, 
    {
        "accumulated_operating_revenue_yoy": -37.470981742451755, 
        "accumulated_operating_revenue": 1429182, 
        "long_term_average": 517882, 
        "date": "2013-04-30", 
        "operating_revenue": 369963, 
        "short_term_average": 310272
    }, 
    {
        "accumulated_operating_revenue_yoy": -42.62922455360468, 
        "accumulated_operating_revenue": 1679308, 
        "long_term_average": 485269, 
        "date": "2013-05-31", 
        "operating_revenue": 250126, 
        "short_term_average": 290071
    }, 
    {
        "accumulated_operating_revenue_yoy": -47.30633392596651, 
        "accumulated_operating_revenue": 1865722, 
        "long_term_average": 449672, 
        "date": "2013-06-30", 
        "operating_revenue": 186414, 
        "short_term_average": 268834
    }, 
    {
        "accumulated_operating_revenue_yoy": -48.928187529016064, 
        "accumulated_operating_revenue": 2120947, 
        "long_term_average": 419926, 
        "date": "2013-07-31", 
        "operating_revenue": 255225, 
        "short_term_average": 230588
    }, 
    {
        "accumulated_operating_revenue_yoy": -50.646399421536415, 
        "accumulated_operating_revenue": 2347963, 
        "long_term_average": 388464, 
        "date": "2013-08-31", 
        "operating_revenue": 227016, 
        "short_term_average": 222885
    }, 
    {
        "accumulated_operating_revenue_yoy": -52.188391785938016, 
        "accumulated_operating_revenue": 2565230, 
        "long_term_average": 355915, 
        "date": "2013-09-30", 
        "operating_revenue": 217267, 
        "short_term_average": 233169
    }, 
    {
        "accumulated_operating_revenue_yoy": -53.239499425062675, 
        "accumulated_operating_revenue": 2772590, 
        "long_term_average": 326190, 
        "date": "2013-10-31", 
        "operating_revenue": 207360, 
        "short_term_average": 217214
    }, 
    {
        "accumulated_operating_revenue_yoy": -53.52074937755322, 
        "accumulated_operating_revenue": 3027010, 
        "long_term_average": 298786, 
        "date": "2013-11-30", 
        "operating_revenue": 254420, 
        "short_term_average": 226349
    }, 
    {
        "accumulated_operating_revenue_yoy": -53.70469706211408, 
        "accumulated_operating_revenue": 3273558, 
        "long_term_average": 272796, 
        "date": "2013-12-31", 
        "operating_revenue": 246548, 
        "short_term_average": 236109
    }, 
    {
        "accumulated_operating_revenue_yoy": -44.013636564292106, 
        "accumulated_operating_revenue": 279017, 
        "long_term_average": 254517, 
        "date": "2014-01-31", 
        "operating_revenue": 279017, 
        "short_term_average": 259995
    }, 
    {
        "accumulated_operating_revenue_yoy": -36.86258951370298, 
        "accumulated_operating_revenue": 510841, 
        "long_term_average": 247942, 
        "date": "2014-02-28", 
        "operating_revenue": 231824, 
        "short_term_average": 252463
    }, 
    {
        "accumulated_operating_revenue_yoy": -29.196606178703366, 
        "accumulated_operating_revenue": 749963, 
        "long_term_average": 247025, 
        "date": "2014-03-31", 
        "operating_revenue": 239122, 
        "short_term_average": 249987
    }, 
    {
        "accumulated_operating_revenue_yoy": -31.168108750320112, 
        "accumulated_operating_revenue": 983733, 
        "long_term_average": 235675, 
        "date": "2014-04-30", 
        "operating_revenue": 233770, 
        "short_term_average": 234905
    }, 
    {
        "accumulated_operating_revenue_yoy": -27.08151214666994, 
        "accumulated_operating_revenue": 1224526, 
        "long_term_average": 234898, 
        "date": "2014-05-31", 
        "operating_revenue": 240793, 
        "short_term_average": 237895
    }, 
    {
        "accumulated_operating_revenue_yoy": -21.233066877058853, 
        "accumulated_operating_revenue": 1469572, 
        "long_term_average": 239784, 
        "date": "2014-06-30", 
        "operating_revenue": 245046, 
        "short_term_average": 239869
    }, 
    {
        "accumulated_operating_revenue_yoy": -19.80553969523991, 
        "accumulated_operating_revenue": 1700882, 
        "long_term_average": 237791, 
        "date": "2014-07-31", 
        "operating_revenue": 231310, 
        "short_term_average": 239049
    }, 
    {
        "accumulated_operating_revenue_yoy": -19.09629751405793, 
        "accumulated_operating_revenue": 1899589, 
        "long_term_average": 235432, 
        "date": "2014-08-31", 
        "operating_revenue": 198707, 
        "short_term_average": 225021
    }, 
    {
        "accumulated_operating_revenue_yoy": -17.538115490618775, 
        "accumulated_operating_revenue": 2115337, 
        "long_term_average": 235305, 
        "date": "2014-09-30", 
        "operating_revenue": 215748, 
        "short_term_average": 215255
    }, 
    {
        "accumulated_operating_revenue_yoy": -14.989558499453578, 
        "accumulated_operating_revenue": 2356991, 
        "long_term_average": 238163, 
        "date": "2014-10-31", 
        "operating_revenue": 241654, 
        "short_term_average": 218703
    }, 
    {
        "accumulated_operating_revenue_yoy": -14.47795018846981, 
        "accumulated_operating_revenue": 2588761, 
        "long_term_average": 236275, 
        "date": "2014-11-30", 
        "operating_revenue": 231770, 
        "short_term_average": 229724
    }, 
    {
        "accumulated_operating_revenue_yoy": -12.713445126067722, 
        "accumulated_operating_revenue": 2857376, 
        "long_term_average": 238114, 
        "date": "2014-12-31", 
        "operating_revenue": 268615, 
        "short_term_average": 247346
    }, 
    {
        "accumulated_operating_revenue_yoy": -8.402713813136833, 
        "accumulated_operating_revenue": 255572, 
        "long_term_average": 236160, 
        "date": "2015-01-31", 
        "operating_revenue": 255572, 
        "short_term_average": 251985
    }, 
    {
        "accumulated_operating_revenue_yoy": -10.664570776425542, 
        "accumulated_operating_revenue": 456362, 
        "long_term_average": 233574, 
        "date": "2015-02-28", 
        "operating_revenue": 200790, 
        "short_term_average": 241659
    }, 
    {
        "accumulated_operating_revenue_yoy": -5.027181340946154, 
        "accumulated_operating_revenue": 712261, 
        "long_term_average": 234972, 
        "date": "2015-03-31", 
        "operating_revenue": 255899, 
        "short_term_average": 237420
    }, 
    {
        "accumulated_operating_revenue_yoy": -3.3733746860174456, 
        "accumulated_operating_revenue": 950548, 
        "long_term_average": 235349, 
        "date": "2015-04-30", 
        "operating_revenue": 238287, 
        "short_term_average": 231658
    }, 
    {
        "accumulated_operating_revenue_yoy": -5.603066002681854, 
        "accumulated_operating_revenue": 1155915, 
        "long_term_average": 232397, 
        "date": "2015-05-31", 
        "operating_revenue": 205367, 
        "short_term_average": 233184
    }, 
    {
        "accumulated_operating_revenue_yoy": -7.428353289257009, 
        "accumulated_operating_revenue": 1360407, 
        "long_term_average": 229017, 
        "date": "2015-06-30", 
        "operating_revenue": 204492, 
        "short_term_average": 216048
    }, 
    {
        "accumulated_operating_revenue_yoy": -7.403276652936536, 
        "accumulated_operating_revenue": 1574961, 
        "long_term_average": 227621, 
        "date": "2015-07-31", 
        "operating_revenue": 214554, 
        "short_term_average": 208137
    }, 
    {
        "accumulated_operating_revenue_yoy": -5.963711097505829, 
        "accumulated_operating_revenue": 1786303, 
        "long_term_average": 228674, 
        "date": "2015-08-31", 
        "operating_revenue": 211342, 
        "short_term_average": 210129
    }
]