[
    {
        "date": "2012-01-31", 
        "operating_revenue": 320641, 
        "accumulated_operating_revenue": 320641, 
        "long_term_average": 320641, 
        "short_term_average": 320641
    }, 
    {
        "date": "2012-02-29", 
        "operating_revenue": 526619, 
        "accumulated_operating_revenue": 847260, 
        "long_term_average": 423630, 
        "short_term_average": 423630
    }, 
    {
        "date": "2012-03-31", 
        "operating_revenue": 654554, 
        "accumulated_operating_revenue": 1501814, 
        "long_term_average": 500604, 
        "short_term_average": 500604
    }, 
    {
        "date": "2012-04-30", 
        "operating_revenue": 482105, 
        "accumulated_operating_revenue": 1983919, 
        "long_term_average": 495979, 
        "short_term_average": 554426
    }, 
    {
        "date": "2012-05-31", 
        "operating_revenue": 344820, 
        "accumulated_operating_revenue": 2328739, 
        "long_term_average": 465747, 
        "short_term_average": 493826
    }, 
    {
        "date": "2012-06-30", 
        "operating_revenue": 578545, 
        "accumulated_operating_revenue": 2907284, 
        "long_term_average": 484547, 
        "short_term_average": 468490
    }, 
    {
        "date": "2012-07-31", 
        "operating_revenue": 418172, 
        "accumulated_operating_revenue": 3325456, 
        "long_term_average": 475065, 
        "short_term_average": 447179
    }, 
    {
        "date": "2012-08-31", 
        "operating_revenue": 416329, 
        "accumulated_operating_revenue": 3741785, 
        "long_term_average": 467723, 
        "short_term_average": 471015
    }, 
    {
        "date": "2012-09-30", 
        "operating_revenue": 406745, 
        "accumulated_operating_revenue": 4148530, 
        "long_term_average": 460947, 
        "short_term_average": 413748
    }, 
    {
        "date": "2012-10-31", 
        "operating_revenue": 346672, 
        "accumulated_operating_revenue": 4495202, 
        "long_term_average": 449520, 
        "short_term_average": 389915
    }, 
    {
        "date": "2012-11-30", 
        "operating_revenue": 435895, 
        "accumulated_operating_revenue": 4931097, 
        "long_term_average": 448281, 
        "short_term_average": 396437
    }, 
    {
        "date": "2012-12-31", 
        "operating_revenue": 378937, 
        "accumulated_operating_revenue": 5310034, 
        "long_term_average": 442502, 
        "short_term_average": 387168
    }, 
    {
        "accumulated_operating_revenue_yoy": 11.874027338986593, 
        "accumulated_operating_revenue": 358714, 
        "long_term_average": 445675, 
        "date": "2013-01-31", 
        "operating_revenue": 358714, 
        "short_term_average": 391182
    }, 
    {
        "accumulated_operating_revenue_yoy": -17.293628874253475, 
        "accumulated_operating_revenue": 700738, 
        "long_term_average": 430292, 
        "date": "2013-02-28", 
        "operating_revenue": 342024, 
        "short_term_average": 359891
    }, 
    {
        "accumulated_operating_revenue_yoy": -31.67249739315255, 
        "accumulated_operating_revenue": 1026152, 
        "long_term_average": 402864, 
        "date": "2013-03-31", 
        "operating_revenue": 325414, 
        "short_term_average": 342050
    }, 
    {
        "accumulated_operating_revenue_yoy": -31.209237877151235, 
        "accumulated_operating_revenue": 1364753, 
        "long_term_average": 390905, 
        "date": "2013-04-30", 
        "operating_revenue": 338601, 
        "short_term_average": 335346
    }, 
    {
        "accumulated_operating_revenue_yoy": -28.64223942657378, 
        "accumulated_operating_revenue": 1661736, 
        "long_term_average": 386919, 
        "date": "2013-05-31", 
        "operating_revenue": 296983, 
        "short_term_average": 320332
    }, 
    {
        "accumulated_operating_revenue_yoy": -30.252428039365952, 
        "accumulated_operating_revenue": 2027760, 
        "long_term_average": 369209, 
        "date": "2013-06-30", 
        "operating_revenue": 366024, 
        "short_term_average": 333869
    }, 
    {
        "accumulated_operating_revenue_yoy": -29.932646830991, 
        "accumulated_operating_revenue": 2330059, 
        "long_term_average": 359553, 
        "date": "2013-07-31", 
        "operating_revenue": 302299, 
        "short_term_average": 321768
    }, 
    {
        "accumulated_operating_revenue_yoy": -26.58038877166914, 
        "accumulated_operating_revenue": 2747204, 
        "long_term_average": 359621, 
        "date": "2013-08-31", 
        "operating_revenue": 417145, 
        "short_term_average": 361822
    }, 
    {
        "accumulated_operating_revenue_yoy": -24.77923505434455, 
        "accumulated_operating_revenue": 3120556, 
        "long_term_average": 356838, 
        "date": "2013-09-30", 
        "operating_revenue": 373352, 
        "short_term_average": 364265
    }, 
    {
        "accumulated_operating_revenue_yoy": -22.963595406836, 
        "accumulated_operating_revenue": 3462942, 
        "long_term_average": 356481, 
        "date": "2013-10-31", 
        "operating_revenue": 342386, 
        "short_term_average": 377627
    }, 
    {
        "accumulated_operating_revenue_yoy": -22.97178498009672, 
        "accumulated_operating_revenue": 3798336, 
        "long_term_average": 348106, 
        "date": "2013-11-30", 
        "operating_revenue": 335394, 
        "short_term_average": 350377
    }, 
    {
        "accumulated_operating_revenue_yoy": -19.32563896954332, 
        "accumulated_operating_revenue": 4283836, 
        "long_term_average": 356986, 
        "date": "2013-12-31", 
        "operating_revenue": 485500, 
        "short_term_average": 387760
    }, 
    {
        "accumulated_operating_revenue_yoy": -3.8275617901726724, 
        "accumulated_operating_revenue": 344984, 
        "long_term_average": 355842, 
        "date": "2014-01-31", 
        "operating_revenue": 344984, 
        "short_term_average": 388626
    }, 
    {
        "accumulated_operating_revenue_yoy": 2.05811587212339, 
        "accumulated_operating_revenue": 715160, 
        "long_term_average": 358188, 
        "date": "2014-02-28", 
        "operating_revenue": 370176, 
        "short_term_average": 400220
    }, 
    {
        "accumulated_operating_revenue_yoy": 12.792061994714231, 
        "accumulated_operating_revenue": 1157418, 
        "long_term_average": 367925, 
        "date": "2014-03-31", 
        "operating_revenue": 442258, 
        "short_term_average": 385806
    }, 
    {
        "accumulated_operating_revenue_yoy": 6.432739111033278, 
        "accumulated_operating_revenue": 1452544, 
        "long_term_average": 364302, 
        "date": "2014-04-30", 
        "operating_revenue": 295126, 
        "short_term_average": 369186
    }, 
    {
        "accumulated_operating_revenue_yoy": 6.263750680011746, 
        "accumulated_operating_revenue": 1765823, 
        "long_term_average": 365660, 
        "date": "2014-05-31", 
        "operating_revenue": 313279, 
        "short_term_average": 350221
    }, 
    {
        "accumulated_operating_revenue_yoy": 1.9130469089044069, 
        "accumulated_operating_revenue": 2066552, 
        "long_term_average": 360219, 
        "date": "2014-06-30", 
        "operating_revenue": 300729, 
        "short_term_average": 303044
    }, 
    {
        "accumulated_operating_revenue_yoy": 1.8810253302598774, 
        "accumulated_operating_revenue": 2373888, 
        "long_term_average": 360638, 
        "date": "2014-07-31", 
        "operating_revenue": 307336, 
        "short_term_average": 307114
    }, 
    {
        "accumulated_operating_revenue_yoy": -3.353955512586616, 
        "accumulated_operating_revenue": 2655064, 
        "long_term_average": 349308, 
        "date": "2014-08-31", 
        "operating_revenue": 281176, 
        "short_term_average": 296413
    }, 
    {
        "accumulated_operating_revenue_yoy": -3.4075337856458914, 
        "accumulated_operating_revenue": 3014222, 
        "long_term_average": 348125, 
        "date": "2014-09-30", 
        "operating_revenue": 359158, 
        "short_term_average": 315890
    }, 
    {
        "accumulated_operating_revenue_yoy": -5.323594793097892, 
        "accumulated_operating_revenue": 3278589, 
        "long_term_average": 341623, 
        "date": "2014-10-31", 
        "operating_revenue": 264367, 
        "short_term_average": 301567
    }, 
    {
        "accumulated_operating_revenue_yoy": -7.073544836475762, 
        "accumulated_operating_revenue": 3529659, 
        "long_term_average": 334596, 
        "date": "2014-11-30", 
        "operating_revenue": 251070, 
        "short_term_average": 291531
    }, 
    {
        "accumulated_operating_revenue_yoy": -11.150006676259315, 
        "accumulated_operating_revenue": 3806188, 
        "long_term_average": 317182, 
        "date": "2014-12-31", 
        "operating_revenue": 276529, 
        "short_term_average": 263988
    }, 
    {
        "accumulated_operating_revenue_yoy": -15.878417549799412, 
        "accumulated_operating_revenue": 290206, 
        "long_term_average": 312617, 
        "date": "2015-01-31", 
        "operating_revenue": 290206, 
        "short_term_average": 272601
    }, 
    {
        "accumulated_operating_revenue_yoy": -30.981179036858887, 
        "accumulated_operating_revenue": 493595, 
        "long_term_average": 298718, 
        "date": "2015-02-28", 
        "operating_revenue": 203389, 
        "short_term_average": 256708
    }, 
    {
        "accumulated_operating_revenue_yoy": -29.876328171844573, 
        "accumulated_operating_revenue": 811624, 
        "long_term_average": 288366, 
        "date": "2015-03-31", 
        "operating_revenue": 318029, 
        "short_term_average": 270541
    }, 
    {
        "accumulated_operating_revenue_yoy": -24.793052740571024, 
        "accumulated_operating_revenue": 1092414, 
        "long_term_average": 287171, 
        "date": "2015-04-30", 
        "operating_revenue": 280790, 
        "short_term_average": 267402
    }, 
    {
        "accumulated_operating_revenue_yoy": -24.538359733676593, 
        "accumulated_operating_revenue": 1332519, 
        "long_term_average": 281073, 
        "date": "2015-05-31", 
        "operating_revenue": 240105, 
        "short_term_average": 279641
    }, 
    {
        "accumulated_operating_revenue_yoy": -23.491642116917454, 
        "accumulated_operating_revenue": 1581085, 
        "long_term_average": 276726, 
        "date": "2015-06-30", 
        "operating_revenue": 248566, 
        "short_term_average": 256487
    }, 
    {
        "accumulated_operating_revenue_yoy": -21.76256841097811, 
        "accumulated_operating_revenue": 1857269, 
        "long_term_average": 274130, 
        "date": "2015-07-31", 
        "operating_revenue": 276184, 
        "short_term_average": 254951
    }, 
    {
        "accumulated_operating_revenue_yoy": -20.5349098929442, 
        "accumulated_operating_revenue": 2109849, 
        "long_term_average": 271747, 
        "date": "2015-08-31", 
        "operating_revenue": 252580, 
        "short_term_average": 259110
    }, 
    {
        "accumulated_operating_revenue_yoy": -20.73971326597709, 
        "accumulated_operating_revenue": 2389081, 
        "long_term_average": 265087, 
        "date": "2015-09-30", 
        "operating_revenue": 279232, 
        "short_term_average": 269332
    }, 
    {
        "accumulated_operating_revenue_yoy": -18.557129301659952, 
        "accumulated_operating_revenue": 2670177, 
        "long_term_average": 266481, 
        "date": "2015-10-31", 
        "operating_revenue": 281096, 
        "short_term_average": 270969
    }
]