[
    {
        "date": "2012-01-31", 
        "operating_revenue": 2513573, 
        "accumulated_operating_revenue": 2513573, 
        "long_term_average": 2513573, 
        "short_term_average": 2513573
    }, 
    {
        "date": "2012-02-29", 
        "operating_revenue": 4210130, 
        "accumulated_operating_revenue": 6723703, 
        "long_term_average": 3361851, 
        "short_term_average": 3361851
    }, 
    {
        "date": "2012-03-31", 
        "operating_revenue": 4542600, 
        "accumulated_operating_revenue": 11266303, 
        "long_term_average": 3755434, 
        "short_term_average": 3755434
    }, 
    {
        "date": "2012-04-30", 
        "operating_revenue": 4261395, 
        "accumulated_operating_revenue": 15527698, 
        "long_term_average": 3881924, 
        "short_term_average": 4338041
    }, 
    {
        "date": "2012-05-31", 
        "operating_revenue": 4332721, 
        "accumulated_operating_revenue": 19860419, 
        "long_term_average": 3972083, 
        "short_term_average": 4378905
    }, 
    {
        "date": "2012-06-30", 
        "operating_revenue": 3912902, 
        "accumulated_operating_revenue": 23773321, 
        "long_term_average": 3962220, 
        "short_term_average": 4169006
    }, 
    {
        "date": "2012-07-31", 
        "operating_revenue": 4055641, 
        "accumulated_operating_revenue": 27828962, 
        "long_term_average": 3975566, 
        "short_term_average": 4100421
    }, 
    {
        "date": "2012-08-31", 
        "operating_revenue": 3667692, 
        "accumulated_operating_revenue": 31496654, 
        "long_term_average": 3937081, 
        "short_term_average": 3878745
    }, 
    {
        "date": "2012-09-30", 
        "operating_revenue": 3925089, 
        "accumulated_operating_revenue": 35421743, 
        "long_term_average": 3935749, 
        "short_term_average": 3882807
    }, 
    {
        "date": "2012-10-31", 
        "operating_revenue": 3413959, 
        "accumulated_operating_revenue": 38835702, 
        "long_term_average": 3883570, 
        "short_term_average": 3668913
    }, 
    {
        "date": "2012-11-30", 
        "operating_revenue": 3746568, 
        "accumulated_operating_revenue": 42582270, 
        "long_term_average": 3871115, 
        "short_term_average": 3695205
    }, 
    {
        "date": "2012-12-31", 
        "operating_revenue": 3773812, 
        "accumulated_operating_revenue": 46356082, 
        "long_term_average": 3863006, 
        "short_term_average": 3644779
    }, 
    {
        "accumulated_operating_revenue_yoy": 65.55126905007334, 
        "accumulated_operating_revenue": 4161252, 
        "long_term_average": 4000313, 
        "date": "2013-01-31", 
        "operating_revenue": 4161252, 
        "short_term_average": 3893877
    }, 
    {
        "accumulated_operating_revenue_yoy": -5.688457684701421, 
        "accumulated_operating_revenue": 6341228, 
        "long_term_average": 3831133, 
        "date": "2013-02-28", 
        "operating_revenue": 2179976, 
        "short_term_average": 3371680
    }, 
    {
        "accumulated_operating_revenue_yoy": -8.734471281306742, 
        "accumulated_operating_revenue": 10282251, 
        "long_term_average": 3781002, 
        "date": "2013-03-31", 
        "operating_revenue": 3941023, 
        "short_term_average": 3427417
    }, 
    {
        "accumulated_operating_revenue_yoy": -7.381828265851126, 
        "accumulated_operating_revenue": 14381470, 
        "long_term_average": 3767487, 
        "date": "2013-04-30", 
        "operating_revenue": 4099219, 
        "short_term_average": 3406739
    }, 
    {
        "accumulated_operating_revenue_yoy": -7.964615449452501, 
        "accumulated_operating_revenue": 18278613, 
        "long_term_average": 3731189, 
        "date": "2013-05-31", 
        "operating_revenue": 3897143, 
        "short_term_average": 3979128
    }, 
    {
        "accumulated_operating_revenue_yoy": -7.738241535543142, 
        "accumulated_operating_revenue": 21933684, 
        "long_term_average": 3709703, 
        "date": "2013-06-30", 
        "operating_revenue": 3655071, 
        "short_term_average": 3883811
    }, 
    {
        "accumulated_operating_revenue_yoy": -7.3195363880262585, 
        "accumulated_operating_revenue": 25792011, 
        "long_term_average": 3693260, 
        "date": "2013-07-31", 
        "operating_revenue": 3858327, 
        "short_term_average": 3803513
    }, 
    {
        "accumulated_operating_revenue_yoy": -5.47087954168084, 
        "accumulated_operating_revenue": 29773510, 
        "long_term_average": 3719411, 
        "date": "2013-08-31", 
        "operating_revenue": 3981499, 
        "short_term_average": 3831632
    }, 
    {
        "accumulated_operating_revenue_yoy": -5.5349591351278224, 
        "accumulated_operating_revenue": 33461164, 
        "long_term_average": 3699625, 
        "date": "2013-09-30", 
        "operating_revenue": 3687654, 
        "short_term_average": 3842493
    }, 
    {
        "accumulated_operating_revenue_yoy": -4.894200187240081, 
        "accumulated_operating_revenue": 36935005, 
        "long_term_average": 3704615, 
        "date": "2013-10-31", 
        "operating_revenue": 3473841, 
        "short_term_average": 3714331
    }, 
    {
        "accumulated_operating_revenue_yoy": -4.980857056234908, 
        "accumulated_operating_revenue": 40461308, 
        "long_term_average": 3686260, 
        "date": "2013-11-30", 
        "operating_revenue": 3526303, 
        "short_term_average": 3562599
    }, 
    {
        "accumulated_operating_revenue_yoy": -4.4114944830755976, 
        "accumulated_operating_revenue": 44311086, 
        "long_term_average": 3692590, 
        "date": "2013-12-31", 
        "operating_revenue": 3849778, 
        "short_term_average": 3616640
    }, 
    {
        "accumulated_operating_revenue_yoy": -16.10709949793956, 
        "accumulated_operating_revenue": 3490995, 
        "long_term_average": 3636735, 
        "date": "2014-01-31", 
        "operating_revenue": 3490995, 
        "short_term_average": 3622358
    }, 
    {
        "accumulated_operating_revenue_yoy": -1.8206568191523786, 
        "accumulated_operating_revenue": 6225776, 
        "long_term_average": 3682969, 
        "date": "2014-02-28", 
        "operating_revenue": 2734781, 
        "short_term_average": 3358518
    }, 
    {
        "accumulated_operating_revenue_yoy": 0.1610639537976655, 
        "accumulated_operating_revenue": 10298812, 
        "long_term_average": 3693970, 
        "date": "2014-03-31", 
        "operating_revenue": 4073036, 
        "short_term_average": 3432937
    }, 
    {
        "accumulated_operating_revenue_yoy": 1.9983770782819839, 
        "accumulated_operating_revenue": 14668866, 
        "long_term_average": 3716540, 
        "date": "2014-04-30", 
        "operating_revenue": 4370054, 
        "short_term_average": 3725957
    }, 
    {
        "accumulated_operating_revenue_yoy": 2.430430580263393, 
        "accumulated_operating_revenue": 18722862, 
        "long_term_average": 3729611, 
        "date": "2014-05-31", 
        "operating_revenue": 4053996, 
        "short_term_average": 4165695
    }, 
    {
        "accumulated_operating_revenue_yoy": 3.8091549053045535, 
        "accumulated_operating_revenue": 22769172, 
        "long_term_average": 3762214, 
        "date": "2014-06-30", 
        "operating_revenue": 4046310, 
        "short_term_average": 4156786
    }, 
    {
        "accumulated_operating_revenue_yoy": 2.933005107666866, 
        "accumulated_operating_revenue": 26548492, 
        "long_term_average": 3755630, 
        "date": "2014-07-31", 
        "operating_revenue": 3779320, 
        "short_term_average": 3959875
    }, 
    {
        "accumulated_operating_revenue_yoy": 1.1350425260575592, 
        "accumulated_operating_revenue": 30111452, 
        "long_term_average": 3720752, 
        "date": "2014-08-31", 
        "operating_revenue": 3562960, 
        "short_term_average": 3796196
    }, 
    {
        "accumulated_operating_revenue_yoy": 1.6530566599536107, 
        "accumulated_operating_revenue": 34014296, 
        "long_term_average": 3738684, 
        "date": "2014-09-30", 
        "operating_revenue": 3902844, 
        "short_term_average": 3748374
    }, 
    {
        "accumulated_operating_revenue_yoy": 0.675611117420994, 
        "accumulated_operating_revenue": 37184542, 
        "long_term_average": 3713385, 
        "date": "2014-10-31", 
        "operating_revenue": 3170246, 
        "short_term_average": 3545350
    }, 
    {
        "accumulated_operating_revenue_yoy": 0.6931906403025825, 
        "accumulated_operating_revenue": 40741782, 
        "long_term_average": 3715963, 
        "date": "2014-11-30", 
        "operating_revenue": 3557240, 
        "short_term_average": 3543443
    }, 
    {
        "accumulated_operating_revenue_yoy": 1.4998436282965397, 
        "accumulated_operating_revenue": 44975683, 
        "long_term_average": 3747973, 
        "date": "2014-12-31", 
        "operating_revenue": 4233901, 
        "short_term_average": 3653795
    }, 
    {
        "accumulated_operating_revenue_yoy": -6.8187436533137396, 
        "accumulated_operating_revenue": 3252953, 
        "long_term_average": 3728136, 
        "date": "2015-01-31", 
        "operating_revenue": 3252953, 
        "short_term_average": 3681364
    }, 
    {
        "accumulated_operating_revenue_yoy": -21.239151553155782, 
        "accumulated_operating_revenue": 4903474, 
        "long_term_average": 3637781, 
        "date": "2015-02-28", 
        "operating_revenue": 1650521, 
        "short_term_average": 3045791
    }, 
    {
        "accumulated_operating_revenue_yoy": -23.19784068298363, 
        "accumulated_operating_revenue": 7909710, 
        "long_term_average": 3548881, 
        "date": "2015-03-31", 
        "operating_revenue": 3006236, 
        "short_term_average": 2636570
    }, 
    {
        "accumulated_operating_revenue_yoy": -22.567654513989016, 
        "accumulated_operating_revenue": 11358447, 
        "long_term_average": 3472105, 
        "date": "2015-04-30", 
        "operating_revenue": 3448737, 
        "short_term_average": 2701831
    }, 
    {
        "accumulated_operating_revenue_yoy": -22.9000673080857, 
        "accumulated_operating_revenue": 14435314, 
        "long_term_average": 3390677, 
        "date": "2015-05-31", 
        "operating_revenue": 3076867, 
        "short_term_average": 3177280
    }, 
    {
        "accumulated_operating_revenue_yoy": -22.53121457381059, 
        "accumulated_operating_revenue": 17639001, 
        "long_term_average": 3320459, 
        "date": "2015-06-30", 
        "operating_revenue": 3203687, 
        "short_term_average": 3243097
    }, 
    {
        "accumulated_operating_revenue_yoy": -22.8727341650893, 
        "accumulated_operating_revenue": 20476126, 
        "long_term_average": 3241943, 
        "date": "2015-07-31", 
        "operating_revenue": 2837125, 
        "short_term_average": 3039226
    }, 
    {
        "accumulated_operating_revenue_yoy": -21.969070106615916, 
        "accumulated_operating_revenue": 23496246, 
        "long_term_average": 3196706, 
        "date": "2015-08-31", 
        "operating_revenue": 3020120, 
        "short_term_average": 3020310
    }
]