[
    {
        "date": "2012-01-31", 
        "operating_revenue": 730241, 
        "accumulated_operating_revenue": 730241, 
        "long_term_average": 730241, 
        "short_term_average": 730241
    }, 
    {
        "date": "2012-02-29", 
        "operating_revenue": 495192, 
        "accumulated_operating_revenue": 1225433, 
        "long_term_average": 612716, 
        "short_term_average": 612716
    }, 
    {
        "date": "2012-03-31", 
        "operating_revenue": 789406, 
        "accumulated_operating_revenue": 2014839, 
        "long_term_average": 671613, 
        "short_term_average": 671613
    }, 
    {
        "date": "2012-04-30", 
        "operating_revenue": 673482, 
        "accumulated_operating_revenue": 2688321, 
        "long_term_average": 672080, 
        "short_term_average": 652693
    }, 
    {
        "date": "2012-05-31", 
        "operating_revenue": 562555, 
        "accumulated_operating_revenue": 3250876, 
        "long_term_average": 650175, 
        "short_term_average": 675147
    }, 
    {
        "date": "2012-06-30", 
        "operating_revenue": 538414, 
        "accumulated_operating_revenue": 3789290, 
        "long_term_average": 631548, 
        "short_term_average": 591483
    }, 
    {
        "date": "2012-07-31", 
        "operating_revenue": 869950, 
        "accumulated_operating_revenue": 4659240, 
        "long_term_average": 665605, 
        "short_term_average": 656973
    }, 
    {
        "date": "2012-08-31", 
        "operating_revenue": 449720, 
        "accumulated_operating_revenue": 5108960, 
        "long_term_average": 638620, 
        "short_term_average": 619361
    }, 
    {
        "date": "2012-09-30", 
        "operating_revenue": 366457, 
        "accumulated_operating_revenue": 5475417, 
        "long_term_average": 608379, 
        "short_term_average": 562042
    }, 
    {
        "date": "2012-10-31", 
        "operating_revenue": 278731, 
        "accumulated_operating_revenue": 5754148, 
        "long_term_average": 575414, 
        "short_term_average": 364969
    }, 
    {
        "date": "2012-11-30", 
        "operating_revenue": 325116, 
        "accumulated_operating_revenue": 6079264, 
        "long_term_average": 552660, 
        "short_term_average": 323434
    }, 
    {
        "date": "2012-12-31", 
        "operating_revenue": 446180, 
        "accumulated_operating_revenue": 6525444, 
        "long_term_average": 543787, 
        "short_term_average": 350009
    }, 
    {
        "accumulated_operating_revenue_yoy": -37.25879538398967, 
        "accumulated_operating_revenue": 458162, 
        "long_term_average": 521113, 
        "date": "2013-01-31", 
        "operating_revenue": 458162, 
        "short_term_average": 409819
    }, 
    {
        "accumulated_operating_revenue_yoy": -32.35419643505602, 
        "accumulated_operating_revenue": 828954, 
        "long_term_average": 510747, 
        "date": "2013-02-28", 
        "operating_revenue": 370792, 
        "short_term_average": 425044
    }, 
    {
        "accumulated_operating_revenue_yoy": -43.08954710525258, 
        "accumulated_operating_revenue": 1146654, 
        "long_term_average": 471438, 
        "date": "2013-03-31", 
        "operating_revenue": 317700, 
        "short_term_average": 382218
    }, 
    {
        "accumulated_operating_revenue_yoy": -42.372246469078654, 
        "accumulated_operating_revenue": 1549219, 
        "long_term_average": 448861, 
        "date": "2013-04-30", 
        "operating_revenue": 402565, 
        "short_term_average": 363685
    }, 
    {
        "accumulated_operating_revenue_yoy": -37.34753340330422, 
        "accumulated_operating_revenue": 2036754, 
        "long_term_average": 442610, 
        "date": "2013-05-31", 
        "operating_revenue": 487535, 
        "short_term_average": 402600
    }, 
    {
        "accumulated_operating_revenue_yoy": -28.44746641191358, 
        "accumulated_operating_revenue": 2711333, 
        "long_term_average": 453957, 
        "date": "2013-06-30", 
        "operating_revenue": 674579, 
        "short_term_average": 521559
    }, 
    {
        "accumulated_operating_revenue_yoy": -29.27018140297559, 
        "accumulated_operating_revenue": 3295472, 
        "long_term_average": 430139, 
        "date": "2013-07-31", 
        "operating_revenue": 584139, 
        "short_term_average": 582084
    }, 
    {
        "accumulated_operating_revenue_yoy": -26.739238514296453, 
        "accumulated_operating_revenue": 3742863, 
        "long_term_average": 429945, 
        "date": "2013-08-31", 
        "operating_revenue": 447391, 
        "short_term_average": 568703
    }, 
    {
        "accumulated_operating_revenue_yoy": -24.404588728127923, 
        "accumulated_operating_revenue": 4139164, 
        "long_term_average": 432432, 
        "date": "2013-09-30", 
        "operating_revenue": 396301, 
        "short_term_average": 475943
    }, 
    {
        "accumulated_operating_revenue_yoy": -23.381550144348044, 
        "accumulated_operating_revenue": 4408739, 
        "long_term_average": 431669, 
        "date": "2013-10-31", 
        "operating_revenue": 269575, 
        "short_term_average": 371089
    }, 
    {
        "accumulated_operating_revenue_yoy": -22.547499170952275, 
        "accumulated_operating_revenue": 4708542, 
        "long_term_average": 429560, 
        "date": "2013-11-30", 
        "operating_revenue": 299803, 
        "short_term_average": 321893
    }, 
    {
        "accumulated_operating_revenue_yoy": -20.89695352530801, 
        "accumulated_operating_revenue": 5161825, 
        "long_term_average": 430152, 
        "date": "2013-12-31", 
        "operating_revenue": 453283, 
        "short_term_average": 340887
    }, 
    {
        "accumulated_operating_revenue_yoy": -0.6351465202264701, 
        "accumulated_operating_revenue": 455252, 
        "long_term_average": 429909, 
        "date": "2014-01-31", 
        "operating_revenue": 455252, 
        "short_term_average": 402779
    }, 
    {
        "accumulated_operating_revenue_yoy": -12.699015868190514, 
        "accumulated_operating_revenue": 723685, 
        "long_term_average": 421379, 
        "date": "2014-02-28", 
        "operating_revenue": 268433, 
        "short_term_average": 392322
    }, 
    {
        "accumulated_operating_revenue_yoy": -9.454290483441387, 
        "accumulated_operating_revenue": 1038246, 
        "long_term_average": 421118, 
        "date": "2014-03-31", 
        "operating_revenue": 314561, 
        "short_term_average": 346082
    }, 
    {
        "accumulated_operating_revenue_yoy": -5.8818669277874855, 
        "accumulated_operating_revenue": 1458096, 
        "long_term_average": 422558, 
        "date": "2014-04-30", 
        "operating_revenue": 419850, 
        "short_term_average": 334281
    }, 
    {
        "accumulated_operating_revenue_yoy": -6.008531221738118, 
        "accumulated_operating_revenue": 1914375, 
        "long_term_average": 419953, 
        "date": "2014-05-31", 
        "operating_revenue": 456279, 
        "short_term_average": 396896
    }, 
    {
        "accumulated_operating_revenue_yoy": -8.412577872212673, 
        "accumulated_operating_revenue": 2483240, 
        "long_term_average": 411144, 
        "date": "2014-06-30", 
        "operating_revenue": 568865, 
        "short_term_average": 481664
    }, 
    {
        "accumulated_operating_revenue_yoy": -0.25377244898454604, 
        "accumulated_operating_revenue": 3287109, 
        "long_term_average": 429455, 
        "date": "2014-07-31", 
        "operating_revenue": 803869, 
        "short_term_average": 609671
    }, 
    {
        "accumulated_operating_revenue_yoy": 1.2100897094015997, 
        "accumulated_operating_revenue": 3788155, 
        "long_term_average": 433926, 
        "date": "2014-08-31", 
        "operating_revenue": 501046, 
        "short_term_average": 624593
    }, 
    {
        "accumulated_operating_revenue_yoy": 2.3346260259318066, 
        "accumulated_operating_revenue": 4235798, 
        "long_term_average": 438204, 
        "date": "2014-09-30", 
        "operating_revenue": 447643, 
        "short_term_average": 584186
    }, 
    {
        "accumulated_operating_revenue_yoy": 3.2631779744729728, 
        "accumulated_operating_revenue": 4552604, 
        "long_term_average": 442140, 
        "date": "2014-10-31", 
        "operating_revenue": 316806, 
        "short_term_average": 421831
    }, 
    {
        "accumulated_operating_revenue_yoy": 3.262814688708309, 
        "accumulated_operating_revenue": 4862173, 
        "long_term_average": 442954, 
        "date": "2014-11-30", 
        "operating_revenue": 309569, 
        "short_term_average": 358006
    }, 
    {
        "accumulated_operating_revenue_yoy": 1.560610830471781, 
        "accumulated_operating_revenue": 5242381, 
        "long_term_average": 436865, 
        "date": "2014-12-31", 
        "operating_revenue": 380208, 
        "short_term_average": 335527
    }, 
    {
        "accumulated_operating_revenue_yoy": -31.228418546211767, 
        "accumulated_operating_revenue": 313084, 
        "long_term_average": 425017, 
        "date": "2015-01-31", 
        "operating_revenue": 313084, 
        "short_term_average": 334287
    }, 
    {
        "accumulated_operating_revenue_yoy": -6.159862371059231, 
        "accumulated_operating_revenue": 679107, 
        "long_term_average": 433150, 
        "date": "2015-02-28", 
        "operating_revenue": 366023, 
        "short_term_average": 353105
    }, 
    {
        "accumulated_operating_revenue_yoy": 4.107119122057778, 
        "accumulated_operating_revenue": 1080888, 
        "long_term_average": 440418, 
        "date": "2015-03-31", 
        "operating_revenue": 401781, 
        "short_term_average": 360296
    }, 
    {
        "accumulated_operating_revenue_yoy": 5.704288332181146, 
        "accumulated_operating_revenue": 1541270, 
        "long_term_average": 443796, 
        "date": "2015-04-30", 
        "operating_revenue": 460382, 
        "short_term_average": 409395
    }, 
    {
        "accumulated_operating_revenue_yoy": 3.060215475024486, 
        "accumulated_operating_revenue": 1972959, 
        "long_term_average": 441747, 
        "date": "2015-05-31", 
        "operating_revenue": 431689, 
        "short_term_average": 431284
    }, 
    {
        "accumulated_operating_revenue_yoy": 9.32825663246404, 
        "accumulated_operating_revenue": 2714883, 
        "long_term_average": 456168, 
        "date": "2015-06-30", 
        "operating_revenue": 741924, 
        "short_term_average": 544665
    }, 
    {
        "accumulated_operating_revenue_yoy": 2.074406416093899, 
        "accumulated_operating_revenue": 3355297, 
        "long_term_average": 442547, 
        "date": "2015-07-31", 
        "operating_revenue": 640414, 
        "short_term_average": 604675
    }, 
    {
        "accumulated_operating_revenue_yoy": -1.3992563662257749, 
        "accumulated_operating_revenue": 3735149, 
        "long_term_average": 432447, 
        "date": "2015-08-31", 
        "operating_revenue": 379852, 
        "short_term_average": 587396
    }
]