[
    {
        "date": "2012-01-31", 
        "operating_revenue": 269358, 
        "accumulated_operating_revenue": 269358, 
        "long_term_average": 269358, 
        "short_term_average": 269358
    }, 
    {
        "date": "2012-02-29", 
        "operating_revenue": 361256, 
        "accumulated_operating_revenue": 630614, 
        "long_term_average": 315307, 
        "short_term_average": 315307
    }, 
    {
        "date": "2012-03-31", 
        "operating_revenue": 329037, 
        "accumulated_operating_revenue": 959651, 
        "long_term_average": 319883, 
        "short_term_average": 319883
    }, 
    {
        "date": "2012-04-30", 
        "operating_revenue": 314998, 
        "accumulated_operating_revenue": 1274649, 
        "long_term_average": 318662, 
        "short_term_average": 335097
    }, 
    {
        "date": "2012-05-31", 
        "operating_revenue": 293829, 
        "accumulated_operating_revenue": 1568478, 
        "long_term_average": 313695, 
        "short_term_average": 312621
    }, 
    {
        "date": "2012-06-30", 
        "operating_revenue": 487563, 
        "accumulated_operating_revenue": 2056041, 
        "long_term_average": 342673, 
        "short_term_average": 365463
    }, 
    {
        "date": "2012-07-31", 
        "operating_revenue": 271007, 
        "accumulated_operating_revenue": 2327048, 
        "long_term_average": 332435, 
        "short_term_average": 350799
    }, 
    {
        "date": "2012-08-31", 
        "operating_revenue": 335857, 
        "accumulated_operating_revenue": 2662905, 
        "long_term_average": 332863, 
        "short_term_average": 364809
    }, 
    {
        "date": "2012-09-30", 
        "operating_revenue": 280231, 
        "accumulated_operating_revenue": 2943136, 
        "long_term_average": 327015, 
        "short_term_average": 295698
    }, 
    {
        "date": "2012-10-31", 
        "operating_revenue": 221047, 
        "accumulated_operating_revenue": 3164183, 
        "long_term_average": 316418, 
        "short_term_average": 279045
    }, 
    {
        "date": "2012-11-30", 
        "operating_revenue": 313546, 
        "accumulated_operating_revenue": 3477729, 
        "long_term_average": 316157, 
        "short_term_average": 271608
    }, 
    {
        "date": "2012-12-31", 
        "operating_revenue": 332345, 
        "accumulated_operating_revenue": 3810074, 
        "long_term_average": 317506, 
        "short_term_average": 288979
    }, 
    {
        "accumulated_operating_revenue_yoy": -8.984696946071772, 
        "accumulated_operating_revenue": 245157, 
        "long_term_average": 315489, 
        "date": "2013-01-31", 
        "operating_revenue": 245157, 
        "short_term_average": 297016
    }, 
    {
        "accumulated_operating_revenue_yoy": -14.711059380223086, 
        "accumulated_operating_revenue": 537844, 
        "long_term_average": 309775, 
        "date": "2013-02-28", 
        "operating_revenue": 292687, 
        "short_term_average": 290063
    }, 
    {
        "accumulated_operating_revenue_yoy": -18.261847275728364, 
        "accumulated_operating_revenue": 784401, 
        "long_term_average": 302902, 
        "date": "2013-03-31", 
        "operating_revenue": 246557, 
        "short_term_average": 261467
    }, 
    {
        "accumulated_operating_revenue_yoy": -21.210309661718636, 
        "accumulated_operating_revenue": 1004292, 
        "long_term_average": 294976, 
        "date": "2013-04-30", 
        "operating_revenue": 219891, 
        "short_term_average": 253045
    }, 
    {
        "accumulated_operating_revenue_yoy": -20.510584145904502, 
        "accumulated_operating_revenue": 1246774, 
        "long_term_average": 290697, 
        "date": "2013-05-31", 
        "operating_revenue": 242482, 
        "short_term_average": 236310
    }, 
    {
        "accumulated_operating_revenue_yoy": -29.238911091753522, 
        "accumulated_operating_revenue": 1454877, 
        "long_term_average": 267409, 
        "date": "2013-06-30", 
        "operating_revenue": 208103, 
        "short_term_average": 223492
    }, 
    {
        "accumulated_operating_revenue_yoy": -28.033328061990986, 
        "accumulated_operating_revenue": 1674699, 
        "long_term_average": 263143, 
        "date": "2013-07-31", 
        "operating_revenue": 219822, 
        "short_term_average": 223469
    }, 
    {
        "accumulated_operating_revenue_yoy": -28.355123446011028, 
        "accumulated_operating_revenue": 1907835, 
        "long_term_average": 254583, 
        "date": "2013-08-31", 
        "operating_revenue": 233136, 
        "short_term_average": 220353
    }, 
    {
        "accumulated_operating_revenue_yoy": -29.486506909636525, 
        "accumulated_operating_revenue": 2075308, 
        "long_term_average": 245187, 
        "date": "2013-09-30", 
        "operating_revenue": 167473, 
        "short_term_average": 206810
    }, 
    {
        "accumulated_operating_revenue_yoy": -26.675416687340775, 
        "accumulated_operating_revenue": 2320124, 
        "long_term_average": 247167, 
        "date": "2013-10-31", 
        "operating_revenue": 244816, 
        "short_term_average": 215141
    }, 
    {
        "accumulated_operating_revenue_yoy": -25.811298120123794, 
        "accumulated_operating_revenue": 2580082, 
        "long_term_average": 242702, 
        "date": "2013-11-30", 
        "operating_revenue": 259958, 
        "short_term_average": 224082
    }, 
    {
        "accumulated_operating_revenue_yoy": -23.894496537337595, 
        "accumulated_operating_revenue": 2899676, 
        "long_term_average": 241639, 
        "date": "2013-12-31", 
        "operating_revenue": 319594, 
        "short_term_average": 274789
    }, 
    {
        "accumulated_operating_revenue_yoy": -1.0275048234396733, 
        "accumulated_operating_revenue": 242638, 
        "long_term_average": 241429, 
        "date": "2014-01-31", 
        "operating_revenue": 242638, 
        "short_term_average": 274063
    }, 
    {
        "accumulated_operating_revenue_yoy": -21.825101702352352, 
        "accumulated_operating_revenue": 420459, 
        "long_term_average": 231857, 
        "date": "2014-02-28", 
        "operating_revenue": 177821, 
        "short_term_average": 246684
    }, 
    {
        "accumulated_operating_revenue_yoy": -16.88855572596159, 
        "accumulated_operating_revenue": 651927, 
        "long_term_average": 230600, 
        "date": "2014-03-31", 
        "operating_revenue": 231468, 
        "short_term_average": 217309
    }, 
    {
        "accumulated_operating_revenue_yoy": -14.955610519649664, 
        "accumulated_operating_revenue": 854094, 
        "long_term_average": 229123, 
        "date": "2014-04-30", 
        "operating_revenue": 202167, 
        "short_term_average": 203818
    }, 
    {
        "accumulated_operating_revenue_yoy": -3.2762152563335456, 
        "accumulated_operating_revenue": 1205927, 
        "long_term_average": 238235, 
        "date": "2014-05-31", 
        "operating_revenue": 351833, 
        "short_term_average": 261822
    }, 
    {
        "accumulated_operating_revenue_yoy": -6.193650734735652, 
        "accumulated_operating_revenue": 1364767, 
        "long_term_average": 234130, 
        "date": "2014-06-30", 
        "operating_revenue": 158840, 
        "short_term_average": 237613
    }, 
    {
        "accumulated_operating_revenue_yoy": -2.1490429026350406, 
        "accumulated_operating_revenue": 1638709, 
        "long_term_average": 238640, 
        "date": "2014-07-31", 
        "operating_revenue": 273942, 
        "short_term_average": 261538
    }, 
    {
        "accumulated_operating_revenue_yoy": -3.4774495698003234, 
        "accumulated_operating_revenue": 1841491, 
        "long_term_average": 236111, 
        "date": "2014-08-31", 
        "operating_revenue": 202782, 
        "short_term_average": 211854
    }, 
    {
        "accumulated_operating_revenue_yoy": -2.6132024740424074, 
        "accumulated_operating_revenue": 2021076, 
        "long_term_average": 237120, 
        "date": "2014-09-30", 
        "operating_revenue": 179585, 
        "short_term_average": 218769
    }, 
    {
        "accumulated_operating_revenue_yoy": -2.2217778015312972, 
        "accumulated_operating_revenue": 2268576, 
        "long_term_average": 237344, 
        "date": "2014-10-31", 
        "operating_revenue": 247500, 
        "short_term_average": 209955
    }, 
    {
        "accumulated_operating_revenue_yoy": -2.7393702990835176, 
        "accumulated_operating_revenue": 2509404, 
        "long_term_average": 235749, 
        "date": "2014-11-30", 
        "operating_revenue": 240828, 
        "short_term_average": 222637
    }, 
    {
        "accumulated_operating_revenue_yoy": -5.9193165029472254, 
        "accumulated_operating_revenue": 2728035, 
        "long_term_average": 227336, 
        "date": "2014-12-31", 
        "operating_revenue": 218631, 
        "short_term_average": 235653
    }, 
    {
        "accumulated_operating_revenue_yoy": -27.11364254568534, 
        "accumulated_operating_revenue": 176850, 
        "long_term_average": 221853, 
        "date": "2015-01-31", 
        "operating_revenue": 176850, 
        "short_term_average": 212103
    }, 
    {
        "accumulated_operating_revenue_yoy": -11.828263873528691, 
        "accumulated_operating_revenue": 370726, 
        "long_term_average": 223191, 
        "date": "2015-02-28", 
        "operating_revenue": 193876, 
        "short_term_average": 196452
    }, 
    {
        "accumulated_operating_revenue_yoy": -5.788378146632982, 
        "accumulated_operating_revenue": 614191, 
        "long_term_average": 224191, 
        "date": "2015-03-31", 
        "operating_revenue": 243465, 
        "short_term_average": 204730
    }, 
    {
        "accumulated_operating_revenue_yoy": -4.545284242718014, 
        "accumulated_operating_revenue": 815273, 
        "long_term_average": 224101, 
        "date": "2015-04-30", 
        "operating_revenue": 201082, 
        "short_term_average": 212807
    }, 
    {
        "accumulated_operating_revenue_yoy": -12.235151879010917, 
        "accumulated_operating_revenue": 1058380, 
        "long_term_average": 215040, 
        "date": "2015-05-31", 
        "operating_revenue": 243107, 
        "short_term_average": 229218
    }, 
    {
        "accumulated_operating_revenue_yoy": -12.750674657285824, 
        "accumulated_operating_revenue": 1190750, 
        "long_term_average": 212834, 
        "date": "2015-06-30", 
        "operating_revenue": 132370, 
        "short_term_average": 192186
    }, 
    {
        "accumulated_operating_revenue_yoy": -13.370952377755904, 
        "accumulated_operating_revenue": 1419598, 
        "long_term_average": 209077, 
        "date": "2015-07-31", 
        "operating_revenue": 228848, 
        "short_term_average": 201441
    }, 
    {
        "accumulated_operating_revenue_yoy": -10.423238560492559, 
        "accumulated_operating_revenue": 1649548, 
        "long_term_average": 211341, 
        "date": "2015-08-31", 
        "operating_revenue": 229950, 
        "short_term_average": 197056
    }
]