[
    {
        "date": "2011-09-30", 
        "operating_revenue": 388751, 
        "accumulated_operating_revenue": 388751, 
        "long_term_average": 388751, 
        "short_term_average": 388751
    }, 
    {
        "date": "2011-10-31", 
        "operating_revenue": 402752, 
        "accumulated_operating_revenue": 791503, 
        "long_term_average": 395751, 
        "short_term_average": 395751
    }, 
    {
        "date": "2011-11-30", 
        "operating_revenue": 503681, 
        "accumulated_operating_revenue": 1295184, 
        "long_term_average": 431728, 
        "short_term_average": 431728
    }, 
    {
        "date": "2011-12-31", 
        "operating_revenue": 291810, 
        "accumulated_operating_revenue": 1586994, 
        "long_term_average": 396748, 
        "short_term_average": 399414
    }, 
    {
        "date": "2012-01-31", 
        "operating_revenue": 268479, 
        "accumulated_operating_revenue": 268479, 
        "long_term_average": 371094, 
        "short_term_average": 354656
    }, 
    {
        "date": "2012-02-29", 
        "operating_revenue": 311328, 
        "accumulated_operating_revenue": 579807, 
        "long_term_average": 361133, 
        "short_term_average": 290539
    }, 
    {
        "date": "2012-03-31", 
        "operating_revenue": 391960, 
        "accumulated_operating_revenue": 971767, 
        "long_term_average": 365537, 
        "short_term_average": 323922
    }, 
    {
        "date": "2012-04-30", 
        "operating_revenue": 371237, 
        "accumulated_operating_revenue": 1343004, 
        "long_term_average": 366249, 
        "short_term_average": 358175
    }, 
    {
        "date": "2012-05-31", 
        "operating_revenue": 346979, 
        "accumulated_operating_revenue": 1689983, 
        "long_term_average": 364108, 
        "short_term_average": 370058
    }, 
    {
        "date": "2012-06-30", 
        "operating_revenue": 426723, 
        "accumulated_operating_revenue": 2116706, 
        "long_term_average": 370370, 
        "short_term_average": 381646
    }, 
    {
        "date": "2012-07-31", 
        "operating_revenue": 424702, 
        "accumulated_operating_revenue": 2541408, 
        "long_term_average": 375309, 
        "short_term_average": 399468
    }, 
    {
        "date": "2012-08-31", 
        "operating_revenue": 370642, 
        "accumulated_operating_revenue": 2912050, 
        "long_term_average": 374920, 
        "short_term_average": 407355
    }, 
    {
        "accumulated_operating_revenue_yoy": 743.9893402203467, 
        "accumulated_operating_revenue": 3281017, 
        "long_term_average": 373271, 
        "date": "2012-09-30", 
        "operating_revenue": 368967, 
        "short_term_average": 388103
    }, 
    {
        "accumulated_operating_revenue_yoy": 359.4807600223878, 
        "accumulated_operating_revenue": 3636804, 
        "long_term_average": 369357, 
        "date": "2012-10-31", 
        "operating_revenue": 355787, 
        "short_term_average": 365132
    }, 
    {
        "accumulated_operating_revenue_yoy": 207.6405360165042, 
        "accumulated_operating_revenue": 3984511, 
        "long_term_average": 356360, 
        "date": "2012-11-30", 
        "operating_revenue": 347707, 
        "short_term_average": 357487
    }, 
    {
        "accumulated_operating_revenue_yoy": 171.1901242222718, 
        "accumulated_operating_revenue": 4303771, 
        "long_term_average": 358647, 
        "date": "2012-12-31", 
        "operating_revenue": 319260, 
        "short_term_average": 340918
    }, 
    {
        "accumulated_operating_revenue_yoy": -10.75912827446467, 
        "accumulated_operating_revenue": 239593, 
        "long_term_average": 356240, 
        "date": "2013-01-31", 
        "operating_revenue": 239593, 
        "short_term_average": 302186
    }, 
    {
        "accumulated_operating_revenue_yoy": -20.321417299204736, 
        "accumulated_operating_revenue": 461982, 
        "long_term_average": 348828, 
        "date": "2013-02-28", 
        "operating_revenue": 222389, 
        "short_term_average": 260414
    }, 
    {
        "accumulated_operating_revenue_yoy": -27.611762902012522, 
        "accumulated_operating_revenue": 703445, 
        "long_term_average": 336287, 
        "date": "2013-03-31", 
        "operating_revenue": 241463, 
        "short_term_average": 234481
    }, 
    {
        "accumulated_operating_revenue_yoy": -28.111010838389163, 
        "accumulated_operating_revenue": 965472, 
        "long_term_average": 327186, 
        "date": "2013-04-30", 
        "operating_revenue": 262027, 
        "short_term_average": 241959
    }, 
    {
        "accumulated_operating_revenue_yoy": -24.828415433764718, 
        "accumulated_operating_revenue": 1270387, 
        "long_term_average": 323681, 
        "date": "2013-05-31", 
        "operating_revenue": 304915, 
        "short_term_average": 269468
    }, 
    {
        "accumulated_operating_revenue_yoy": -23.604411760537364, 
        "accumulated_operating_revenue": 1617070, 
        "long_term_average": 317011, 
        "date": "2013-06-30", 
        "operating_revenue": 346683, 
        "short_term_average": 304541
    }, 
    {
        "accumulated_operating_revenue_yoy": -25.641652186504487, 
        "accumulated_operating_revenue": 1889749, 
        "long_term_average": 304342, 
        "date": "2013-07-31", 
        "operating_revenue": 272679, 
        "short_term_average": 308092
    }, 
    {
        "accumulated_operating_revenue_yoy": -25.87637574904277, 
        "accumulated_operating_revenue": 2158517, 
        "long_term_average": 295853, 
        "date": "2013-08-31", 
        "operating_revenue": 268768, 
        "short_term_average": 296043
    }, 
    {
        "accumulated_operating_revenue_yoy": -23.880796716383976, 
        "accumulated_operating_revenue": 2497484, 
        "long_term_average": 293353, 
        "date": "2013-09-30", 
        "operating_revenue": 338967, 
        "short_term_average": 293471
    }, 
    {
        "accumulated_operating_revenue_yoy": -23.446465633011844, 
        "accumulated_operating_revenue": 2784102, 
        "long_term_average": 287589, 
        "date": "2013-10-31", 
        "operating_revenue": 286618, 
        "short_term_average": 298117
    }, 
    {
        "accumulated_operating_revenue_yoy": -22.12811057617861, 
        "accumulated_operating_revenue": 3102814, 
        "long_term_average": 285172, 
        "date": "2013-11-30", 
        "operating_revenue": 318712, 
        "short_term_average": 314765
    }, 
    {
        "accumulated_operating_revenue_yoy": -20.730796317926767, 
        "accumulated_operating_revenue": 3411565, 
        "long_term_average": 284297, 
        "date": "2013-12-31", 
        "operating_revenue": 308751, 
        "short_term_average": 304693
    }, 
    {
        "accumulated_operating_revenue_yoy": 37.034470956997914, 
        "accumulated_operating_revenue": 328325, 
        "long_term_average": 291691, 
        "date": "2014-01-31", 
        "operating_revenue": 328325, 
        "short_term_average": 318596
    }, 
    {
        "accumulated_operating_revenue_yoy": 44.04760358628691, 
        "accumulated_operating_revenue": 665474, 
        "long_term_average": 301254, 
        "date": "2014-02-28", 
        "operating_revenue": 337149, 
        "short_term_average": 324741
    }, 
    {
        "accumulated_operating_revenue_yoy": 47.3403037906304, 
        "accumulated_operating_revenue": 1036458, 
        "long_term_average": 312048, 
        "date": "2014-03-31", 
        "operating_revenue": 370984, 
        "short_term_average": 345486
    }, 
    {
        "accumulated_operating_revenue_yoy": 40.87275446620927, 
        "accumulated_operating_revenue": 1360087, 
        "long_term_average": 317181, 
        "date": "2014-04-30", 
        "operating_revenue": 323629, 
        "short_term_average": 343920
    }, 
    {
        "accumulated_operating_revenue_yoy": 31.676174268156082, 
        "accumulated_operating_revenue": 1672797, 
        "long_term_average": 317831, 
        "date": "2014-05-31", 
        "operating_revenue": 312710, 
        "short_term_average": 335774
    }, 
    {
        "accumulated_operating_revenue_yoy": 23.134867383601204, 
        "accumulated_operating_revenue": 1991177, 
        "long_term_average": 315472, 
        "date": "2014-06-30", 
        "operating_revenue": 318380, 
        "short_term_average": 318239
    }, 
    {
        "accumulated_operating_revenue_yoy": 22.19400565895259, 
        "accumulated_operating_revenue": 2309160, 
        "long_term_average": 319248, 
        "date": "2014-07-31", 
        "operating_revenue": 317983, 
        "short_term_average": 316357
    }, 
    {
        "accumulated_operating_revenue_yoy": 20.404796441260366, 
        "accumulated_operating_revenue": 2598958, 
        "long_term_average": 321000, 
        "date": "2014-08-31", 
        "operating_revenue": 289798, 
        "short_term_average": 308720
    }, 
    {
        "accumulated_operating_revenue_yoy": 15.418677356891978, 
        "accumulated_operating_revenue": 2882563, 
        "long_term_average": 316387, 
        "date": "2014-09-30", 
        "operating_revenue": 283605, 
        "short_term_average": 297128
    }, 
    {
        "accumulated_operating_revenue_yoy": 14.027646975577762, 
        "accumulated_operating_revenue": 3174646, 
        "long_term_average": 316842, 
        "date": "2014-10-31", 
        "operating_revenue": 292083, 
        "short_term_average": 288495
    }, 
    {
        "accumulated_operating_revenue_yoy": 13.37008921578928, 
        "accumulated_operating_revenue": 3517663, 
        "long_term_average": 318867, 
        "date": "2014-11-30", 
        "operating_revenue": 343017, 
        "short_term_average": 306235
    }, 
    {
        "accumulated_operating_revenue_yoy": 11.475173417478489, 
        "accumulated_operating_revenue": 3803048, 
        "long_term_average": 316920, 
        "date": "2014-12-31", 
        "operating_revenue": 285385, 
        "short_term_average": 306828
    }, 
    {
        "accumulated_operating_revenue_yoy": 2.732962765552425, 
        "accumulated_operating_revenue": 337298, 
        "long_term_average": 317668, 
        "date": "2015-01-31", 
        "operating_revenue": 337298, 
        "short_term_average": 321900
    }, 
    {
        "accumulated_operating_revenue_yoy": -11.651694882144156, 
        "accumulated_operating_revenue": 587935, 
        "long_term_average": 310459, 
        "date": "2015-02-28", 
        "operating_revenue": 250637, 
        "short_term_average": 291106
    }, 
    {
        "accumulated_operating_revenue_yoy": -10.555854651129135, 
        "accumulated_operating_revenue": 927051, 
        "long_term_average": 307803, 
        "date": "2015-03-31", 
        "operating_revenue": 339116, 
        "short_term_average": 309017
    }, 
    {
        "accumulated_operating_revenue_yoy": -9.094418224716506, 
        "accumulated_operating_revenue": 1236395, 
        "long_term_average": 306613, 
        "date": "2015-04-30", 
        "operating_revenue": 309344, 
        "short_term_average": 299699
    }, 
    {
        "accumulated_operating_revenue_yoy": -8.816252061666777, 
        "accumulated_operating_revenue": 1525319, 
        "long_term_average": 304630, 
        "date": "2015-05-31", 
        "operating_revenue": 288924, 
        "short_term_average": 312461
    }, 
    {
        "accumulated_operating_revenue_yoy": -10.188898324960563, 
        "accumulated_operating_revenue": 1788298, 
        "long_term_average": 300014, 
        "date": "2015-06-30", 
        "operating_revenue": 262979, 
        "short_term_average": 287082
    }, 
    {
        "accumulated_operating_revenue_yoy": -9.973410244417884, 
        "accumulated_operating_revenue": 2078858, 
        "long_term_average": 297728, 
        "date": "2015-07-31", 
        "operating_revenue": 290560, 
        "short_term_average": 280821
    }, 
    {
        "accumulated_operating_revenue_yoy": -7.807359718779604, 
        "accumulated_operating_revenue": 2396048, 
        "long_term_average": 300011, 
        "date": "2015-08-31", 
        "operating_revenue": 317190, 
        "short_term_average": 290243
    }, 
    {
        "accumulated_operating_revenue_yoy": -7.416386042560042, 
        "accumulated_operating_revenue": 2668781, 
        "long_term_average": 299105, 
        "date": "2015-09-30", 
        "operating_revenue": 272733, 
        "short_term_average": 293494
    }
]