[
    {
        "date": "2012-01-31", 
        "operating_revenue": 267967, 
        "accumulated_operating_revenue": 267967, 
        "long_term_average": 267967, 
        "short_term_average": 267967
    }, 
    {
        "date": "2012-02-29", 
        "operating_revenue": 386304, 
        "accumulated_operating_revenue": 654271, 
        "long_term_average": 327135, 
        "short_term_average": 327135
    }, 
    {
        "date": "2012-03-31", 
        "operating_revenue": 425416, 
        "accumulated_operating_revenue": 1079687, 
        "long_term_average": 359895, 
        "short_term_average": 359895
    }, 
    {
        "date": "2012-04-30", 
        "operating_revenue": 373887, 
        "accumulated_operating_revenue": 1453574, 
        "long_term_average": 363393, 
        "short_term_average": 395202
    }, 
    {
        "date": "2012-05-31", 
        "operating_revenue": 410303, 
        "accumulated_operating_revenue": 1863877, 
        "long_term_average": 372775, 
        "short_term_average": 403202
    }, 
    {
        "date": "2012-06-30", 
        "operating_revenue": 354802, 
        "accumulated_operating_revenue": 2218679, 
        "long_term_average": 369779, 
        "short_term_average": 379664
    }, 
    {
        "date": "2012-07-31", 
        "operating_revenue": 397274, 
        "accumulated_operating_revenue": 2615953, 
        "long_term_average": 373707, 
        "short_term_average": 387459
    }, 
    {
        "date": "2012-08-31", 
        "operating_revenue": 359308, 
        "accumulated_operating_revenue": 2975261, 
        "long_term_average": 371907, 
        "short_term_average": 370461
    }, 
    {
        "date": "2012-09-30", 
        "operating_revenue": 374490, 
        "accumulated_operating_revenue": 3349751, 
        "long_term_average": 372194, 
        "short_term_average": 377024
    }, 
    {
        "date": "2012-10-31", 
        "operating_revenue": 321379, 
        "accumulated_operating_revenue": 3671130, 
        "long_term_average": 367113, 
        "short_term_average": 351725
    }, 
    {
        "date": "2012-11-30", 
        "operating_revenue": 327356, 
        "accumulated_operating_revenue": 3998486, 
        "long_term_average": 363498, 
        "short_term_average": 341075
    }, 
    {
        "date": "2012-12-31", 
        "operating_revenue": 329110, 
        "accumulated_operating_revenue": 4327596, 
        "long_term_average": 360633, 
        "short_term_average": 325948
    }, 
    {
        "accumulated_operating_revenue_yoy": 27.419794228393794, 
        "accumulated_operating_revenue": 341443, 
        "long_term_average": 366756, 
        "date": "2013-01-31", 
        "operating_revenue": 341443, 
        "short_term_average": 332636
    }, 
    {
        "accumulated_operating_revenue_yoy": -10.6293875167935, 
        "accumulated_operating_revenue": 584726, 
        "long_term_average": 354837, 
        "date": "2013-02-28", 
        "operating_revenue": 243283, 
        "short_term_average": 304612
    }, 
    {
        "accumulated_operating_revenue_yoy": -14.750941708106147, 
        "accumulated_operating_revenue": 920423, 
        "long_term_average": 347361, 
        "date": "2013-03-31", 
        "operating_revenue": 335697, 
        "short_term_average": 306807
    }, 
    {
        "accumulated_operating_revenue_yoy": -13.481047404535303, 
        "accumulated_operating_revenue": 1257617, 
        "long_term_average": 344303, 
        "date": "2013-04-30", 
        "operating_revenue": 337194, 
        "short_term_average": 305391
    }, 
    {
        "accumulated_operating_revenue_yoy": -14.348371700493113, 
        "accumulated_operating_revenue": 1596441, 
        "long_term_average": 338346, 
        "date": "2013-05-31", 
        "operating_revenue": 338824, 
        "short_term_average": 337238
    }, 
    {
        "accumulated_operating_revenue_yoy": -14.971070623555729, 
        "accumulated_operating_revenue": 1886519, 
        "long_term_average": 332953, 
        "date": "2013-06-30", 
        "operating_revenue": 290078, 
        "short_term_average": 322032
    }, 
    {
        "accumulated_operating_revenue_yoy": -15.058298065752709, 
        "accumulated_operating_revenue": 2222035, 
        "long_term_average": 327806, 
        "date": "2013-07-31", 
        "operating_revenue": 335516, 
        "short_term_average": 321472
    }, 
    {
        "accumulated_operating_revenue_yoy": -14.603693591923534, 
        "accumulated_operating_revenue": 2540763, 
        "long_term_average": 324424, 
        "date": "2013-08-31", 
        "operating_revenue": 318728, 
        "short_term_average": 314774
    }, 
    {
        "accumulated_operating_revenue_yoy": -14.764679523940735, 
        "accumulated_operating_revenue": 2855171, 
        "long_term_average": 319418, 
        "date": "2013-09-30", 
        "operating_revenue": 314408, 
        "short_term_average": 322884
    }, 
    {
        "accumulated_operating_revenue_yoy": -13.707577775780209, 
        "accumulated_operating_revenue": 3167907, 
        "long_term_average": 318697, 
        "date": "2013-10-31", 
        "operating_revenue": 312736, 
        "short_term_average": 315290
    }, 
    {
        "accumulated_operating_revenue_yoy": -13.293006402923508, 
        "accumulated_operating_revenue": 3466967, 
        "long_term_average": 316339, 
        "date": "2013-11-30", 
        "operating_revenue": 299060, 
        "short_term_average": 308734
    }, 
    {
        "accumulated_operating_revenue_yoy": -11.821875239740494, 
        "accumulated_operating_revenue": 3815993, 
        "long_term_average": 317999, 
        "date": "2013-12-31", 
        "operating_revenue": 349026, 
        "short_term_average": 320274
    }, 
    {
        "accumulated_operating_revenue_yoy": -15.056393014353786, 
        "accumulated_operating_revenue": 290034, 
        "long_term_average": 313715, 
        "date": "2014-01-31", 
        "operating_revenue": 290034, 
        "short_term_average": 312706
    }, 
    {
        "accumulated_operating_revenue_yoy": -9.120853185936662, 
        "accumulated_operating_revenue": 531394, 
        "long_term_average": 313555, 
        "date": "2014-02-28", 
        "operating_revenue": 241360, 
        "short_term_average": 293473
    }, 
    {
        "accumulated_operating_revenue_yoy": -8.550199201888697, 
        "accumulated_operating_revenue": 841725, 
        "long_term_average": 311441, 
        "date": "2014-03-31", 
        "operating_revenue": 310331, 
        "short_term_average": 280575
    }, 
    {
        "accumulated_operating_revenue_yoy": -8.369718284660593, 
        "accumulated_operating_revenue": 1152358, 
        "long_term_average": 309227, 
        "date": "2014-04-30", 
        "operating_revenue": 310633, 
        "short_term_average": 287441
    }, 
    {
        "accumulated_operating_revenue_yoy": -8.49658709592149, 
        "accumulated_operating_revenue": 1460798, 
        "long_term_average": 306695, 
        "date": "2014-05-31", 
        "operating_revenue": 308440, 
        "short_term_average": 309801
    }, 
    {
        "accumulated_operating_revenue_yoy": -6.15519907300165, 
        "accumulated_operating_revenue": 1770400, 
        "long_term_average": 308322, 
        "date": "2014-06-30", 
        "operating_revenue": 309602, 
        "short_term_average": 309558
    }, 
    {
        "accumulated_operating_revenue_yoy": -5.299421476259375, 
        "accumulated_operating_revenue": 2104280, 
        "long_term_average": 308186, 
        "date": "2014-07-31", 
        "operating_revenue": 333880, 
        "short_term_average": 317307
    }, 
    {
        "accumulated_operating_revenue_yoy": -4.852439995387212, 
        "accumulated_operating_revenue": 2417474, 
        "long_term_average": 307725, 
        "date": "2014-08-31", 
        "operating_revenue": 313194, 
        "short_term_average": 318892
    }, 
    {
        "accumulated_operating_revenue_yoy": -4.558290904467718, 
        "accumulated_operating_revenue": 2725024, 
        "long_term_average": 307153, 
        "date": "2014-09-30", 
        "operating_revenue": 307550, 
        "short_term_average": 318208
    }, 
    {
        "accumulated_operating_revenue_yoy": -5.223796026840435, 
        "accumulated_operating_revenue": 3002422, 
        "long_term_average": 304209, 
        "date": "2014-10-31", 
        "operating_revenue": 277398, 
        "short_term_average": 299380
    }, 
    {
        "accumulated_operating_revenue_yoy": -4.941437285096743, 
        "accumulated_operating_revenue": 3295649, 
        "long_term_average": 303722, 
        "date": "2014-11-30", 
        "operating_revenue": 293227, 
        "short_term_average": 292725
    }, 
    {
        "accumulated_operating_revenue_yoy": -5.393825407960654, 
        "accumulated_operating_revenue": 3610165, 
        "long_term_average": 300847, 
        "date": "2014-12-31", 
        "operating_revenue": 314516, 
        "short_term_average": 295047
    }, 
    {
        "accumulated_operating_revenue_yoy": 2.74864326251405, 
        "accumulated_operating_revenue": 298006, 
        "long_term_average": 301511, 
        "date": "2015-01-31", 
        "operating_revenue": 298006, 
        "short_term_average": 301916
    }, 
    {
        "accumulated_operating_revenue_yoy": -10.888154551989672, 
        "accumulated_operating_revenue": 473535, 
        "long_term_average": 296025, 
        "date": "2015-02-28", 
        "operating_revenue": 175529, 
        "short_term_average": 262683
    }, 
    {
        "accumulated_operating_revenue_yoy": -10.916391933232351, 
        "accumulated_operating_revenue": 749839, 
        "long_term_average": 293189, 
        "date": "2015-03-31", 
        "operating_revenue": 276304, 
        "short_term_average": 249946
    }, 
    {
        "accumulated_operating_revenue_yoy": -11.254401843871435, 
        "accumulated_operating_revenue": 1022667, 
        "long_term_average": 290039, 
        "date": "2015-04-30", 
        "operating_revenue": 272828, 
        "short_term_average": 241553
    }, 
    {
        "accumulated_operating_revenue_yoy": -13.102701400193592, 
        "accumulated_operating_revenue": 1269394, 
        "long_term_average": 284896, 
        "date": "2015-05-31", 
        "operating_revenue": 246727, 
        "short_term_average": 265286
    }, 
    {
        "accumulated_operating_revenue_yoy": -14.266945323090827, 
        "accumulated_operating_revenue": 1517818, 
        "long_term_average": 279798, 
        "date": "2015-06-30", 
        "operating_revenue": 248424, 
        "short_term_average": 255993
    }, 
    {
        "accumulated_operating_revenue_yoy": -16.452896002433135, 
        "accumulated_operating_revenue": 1758065, 
        "long_term_average": 271995, 
        "date": "2015-07-31", 
        "operating_revenue": 240247, 
        "short_term_average": 245132
    }, 
    {
        "accumulated_operating_revenue_yoy": -18.017277538455428, 
        "accumulated_operating_revenue": 1981911, 
        "long_term_average": 264550, 
        "date": "2015-08-31", 
        "operating_revenue": 223846, 
        "short_term_average": 237505
    }
]