[
    {
        "date": "2012-01-31", 
        "operating_revenue": 87491, 
        "accumulated_operating_revenue": 87491, 
        "long_term_average": 87491, 
        "short_term_average": 87491
    }, 
    {
        "date": "2012-02-29", 
        "operating_revenue": 143065, 
        "accumulated_operating_revenue": 230556, 
        "long_term_average": 115278, 
        "short_term_average": 115278
    }, 
    {
        "date": "2012-03-31", 
        "operating_revenue": 191080, 
        "accumulated_operating_revenue": 421636, 
        "long_term_average": 140545, 
        "short_term_average": 140545
    }, 
    {
        "date": "2012-04-30", 
        "operating_revenue": 564364, 
        "accumulated_operating_revenue": 986000, 
        "long_term_average": 246500, 
        "short_term_average": 299503
    }, 
    {
        "date": "2012-05-31", 
        "operating_revenue": 468464, 
        "accumulated_operating_revenue": 1454464, 
        "long_term_average": 290892, 
        "short_term_average": 407969
    }, 
    {
        "date": "2012-06-30", 
        "operating_revenue": 422635, 
        "accumulated_operating_revenue": 1877099, 
        "long_term_average": 312849, 
        "short_term_average": 485154
    }, 
    {
        "date": "2012-07-31", 
        "operating_revenue": 403322, 
        "accumulated_operating_revenue": 2280421, 
        "long_term_average": 325774, 
        "short_term_average": 431473
    }, 
    {
        "date": "2012-08-31", 
        "operating_revenue": 616967, 
        "accumulated_operating_revenue": 2897388, 
        "long_term_average": 362173, 
        "short_term_average": 480974
    }, 
    {
        "date": "2012-09-30", 
        "operating_revenue": 210962, 
        "accumulated_operating_revenue": 3108350, 
        "long_term_average": 345372, 
        "short_term_average": 410417
    }, 
    {
        "date": "2012-10-31", 
        "operating_revenue": 223285, 
        "accumulated_operating_revenue": 3331635, 
        "long_term_average": 333163, 
        "short_term_average": 350404
    }, 
    {
        "date": "2012-11-30", 
        "operating_revenue": 579145, 
        "accumulated_operating_revenue": 3910780, 
        "long_term_average": 355525, 
        "short_term_average": 337797
    }, 
    {
        "date": "2012-12-31", 
        "operating_revenue": 203627, 
        "accumulated_operating_revenue": 4114407, 
        "long_term_average": 342867, 
        "short_term_average": 335352
    }, 
    {
        "accumulated_operating_revenue_yoy": 107.81223211530329, 
        "accumulated_operating_revenue": 181817, 
        "long_term_average": 350727, 
        "date": "2013-01-31", 
        "operating_revenue": 181817, 
        "short_term_average": 321529
    }, 
    {
        "accumulated_operating_revenue_yoy": 42.64994187963011, 
        "accumulated_operating_revenue": 328888, 
        "long_term_average": 351061, 
        "date": "2013-02-28", 
        "operating_revenue": 147071, 
        "short_term_average": 177505
    }, 
    {
        "accumulated_operating_revenue_yoy": 42.347664810405185, 
        "accumulated_operating_revenue": 600189, 
        "long_term_average": 357746, 
        "date": "2013-03-31", 
        "operating_revenue": 271301, 
        "short_term_average": 200063
    }, 
    {
        "accumulated_operating_revenue_yoy": -19.85872210953347, 
        "accumulated_operating_revenue": 790193, 
        "long_term_average": 326550, 
        "date": "2013-04-30", 
        "operating_revenue": 190004, 
        "short_term_average": 202792
    }, 
    {
        "accumulated_operating_revenue_yoy": -28.875310767402972, 
        "accumulated_operating_revenue": 1034483, 
        "long_term_average": 307868, 
        "date": "2013-05-31", 
        "operating_revenue": 244290, 
        "short_term_average": 235198
    }, 
    {
        "accumulated_operating_revenue_yoy": -35.52028955318819, 
        "accumulated_operating_revenue": 1210348, 
        "long_term_average": 287304, 
        "date": "2013-06-30", 
        "operating_revenue": 175865, 
        "short_term_average": 203386
    }, 
    {
        "accumulated_operating_revenue_yoy": -34.38610677589796, 
        "accumulated_operating_revenue": 1496273, 
        "long_term_average": 277521, 
        "date": "2013-07-31", 
        "operating_revenue": 285925, 
        "short_term_average": 235360
    }, 
    {
        "accumulated_operating_revenue_yoy": -42.38400241873025, 
        "accumulated_operating_revenue": 1669359, 
        "long_term_average": 240531, 
        "date": "2013-08-31", 
        "operating_revenue": 173086, 
        "short_term_average": 211625
    }, 
    {
        "accumulated_operating_revenue_yoy": -39.10415493750703, 
        "accumulated_operating_revenue": 1892856, 
        "long_term_average": 241576, 
        "date": "2013-09-30", 
        "operating_revenue": 223497, 
        "short_term_average": 227502
    }, 
    {
        "accumulated_operating_revenue_yoy": -36.48944137037821, 
        "accumulated_operating_revenue": 2115940, 
        "long_term_average": 241559, 
        "date": "2013-10-31", 
        "operating_revenue": 223084, 
        "short_term_average": 206555
    }, 
    {
        "accumulated_operating_revenue_yoy": -38.606876377602426, 
        "accumulated_operating_revenue": 2400950, 
        "long_term_average": 217048, 
        "date": "2013-11-30", 
        "operating_revenue": 285010, 
        "short_term_average": 243863
    }, 
    {
        "accumulated_operating_revenue_yoy": -38.429523379675366, 
        "accumulated_operating_revenue": 2533260, 
        "long_term_average": 211105, 
        "date": "2013-12-31", 
        "operating_revenue": 132310, 
        "short_term_average": 213468
    }, 
    {
        "accumulated_operating_revenue_yoy": 39.870859160584544, 
        "accumulated_operating_revenue": 254309, 
        "long_term_average": 217146, 
        "date": "2014-01-31", 
        "operating_revenue": 254309, 
        "short_term_average": 223876
    }, 
    {
        "accumulated_operating_revenue_yoy": 36.302935953880954, 
        "accumulated_operating_revenue": 448284, 
        "long_term_average": 221054, 
        "date": "2014-02-28", 
        "operating_revenue": 193975, 
        "short_term_average": 193531
    }, 
    {
        "accumulated_operating_revenue_yoy": 1.2760980291208268, 
        "accumulated_operating_revenue": 607848, 
        "long_term_average": 211743, 
        "date": "2014-03-31", 
        "operating_revenue": 159564, 
        "short_term_average": 202616
    }, 
    {
        "accumulated_operating_revenue_yoy": -4.963977154948221, 
        "accumulated_operating_revenue": 750968, 
        "long_term_average": 207836, 
        "date": "2014-04-30", 
        "operating_revenue": 143120, 
        "short_term_average": 165553
    }, 
    {
        "accumulated_operating_revenue_yoy": -12.243507143181667, 
        "accumulated_operating_revenue": 907826, 
        "long_term_average": 200550, 
        "date": "2014-05-31", 
        "operating_revenue": 156858, 
        "short_term_average": 153180
    }, 
    {
        "accumulated_operating_revenue_yoy": -4.523740279655107, 
        "accumulated_operating_revenue": 1155595, 
        "long_term_average": 206542, 
        "date": "2014-06-30", 
        "operating_revenue": 247769, 
        "short_term_average": 182582
    }, 
    {
        "accumulated_operating_revenue_yoy": -11.030139553410374, 
        "accumulated_operating_revenue": 1331232, 
        "long_term_average": 197351, 
        "date": "2014-07-31", 
        "operating_revenue": 175637, 
        "short_term_average": 193421
    }, 
    {
        "accumulated_operating_revenue_yoy": -14.63214323581686, 
        "accumulated_operating_revenue": 1425096, 
        "long_term_average": 190749, 
        "date": "2014-08-31", 
        "operating_revenue": 93864, 
        "short_term_average": 172423
    }, 
    {
        "accumulated_operating_revenue_yoy": -19.560600489419162, 
        "accumulated_operating_revenue": 1522602, 
        "long_term_average": 180250, 
        "date": "2014-09-30", 
        "operating_revenue": 97506, 
        "short_term_average": 122335
    }, 
    {
        "accumulated_operating_revenue_yoy": -23.959847632730607, 
        "accumulated_operating_revenue": 1608964, 
        "long_term_average": 168857, 
        "date": "2014-10-31", 
        "operating_revenue": 86362, 
        "short_term_average": 92577
    }, 
    {
        "accumulated_operating_revenue_yoy": -29.565755221891333, 
        "accumulated_operating_revenue": 1691091, 
        "long_term_average": 151950, 
        "date": "2014-11-30", 
        "operating_revenue": 82127, 
        "short_term_average": 88665
    }, 
    {
        "accumulated_operating_revenue_yoy": -28.64451339380877, 
        "accumulated_operating_revenue": 1807620, 
        "long_term_average": 150635, 
        "date": "2014-12-31", 
        "operating_revenue": 116529, 
        "short_term_average": 95006
    }, 
    {
        "accumulated_operating_revenue_yoy": -57.47732089701898, 
        "accumulated_operating_revenue": 108139, 
        "long_term_average": 138454, 
        "date": "2015-01-31", 
        "operating_revenue": 108139, 
        "short_term_average": 102265
    }, 
    {
        "accumulated_operating_revenue_yoy": -56.2507249868387, 
        "accumulated_operating_revenue": 196121, 
        "long_term_average": 129621, 
        "date": "2015-02-28", 
        "operating_revenue": 87982, 
        "short_term_average": 104216
    }, 
    {
        "accumulated_operating_revenue_yoy": -30.985048893802396, 
        "accumulated_operating_revenue": 419506, 
        "long_term_average": 134939, 
        "date": "2015-03-31", 
        "operating_revenue": 223385, 
        "short_term_average": 139835
    }, 
    {
        "accumulated_operating_revenue_yoy": -29.473692620724183, 
        "accumulated_operating_revenue": 529630, 
        "long_term_average": 132190, 
        "date": "2015-04-30", 
        "operating_revenue": 110124, 
        "short_term_average": 140497
    }, 
    {
        "accumulated_operating_revenue_yoy": -21.185337278289012, 
        "accumulated_operating_revenue": 715500, 
        "long_term_average": 134607, 
        "date": "2015-05-31", 
        "operating_revenue": 185870, 
        "short_term_average": 173126
    }, 
    {
        "accumulated_operating_revenue_yoy": -30.319099684578077, 
        "accumulated_operating_revenue": 805229, 
        "long_term_average": 121437, 
        "date": "2015-06-30", 
        "operating_revenue": 89729, 
        "short_term_average": 128574
    }, 
    {
        "accumulated_operating_revenue_yoy": -24.130429556981802, 
        "accumulated_operating_revenue": 1010000, 
        "long_term_average": 123865, 
        "date": "2015-07-31", 
        "operating_revenue": 204771, 
        "short_term_average": 160123
    }, 
    {
        "accumulated_operating_revenue_yoy": -8.900031997844355, 
        "accumulated_operating_revenue": 1298262, 
        "long_term_average": 140065, 
        "date": "2015-08-31", 
        "operating_revenue": 288262, 
        "short_term_average": 194254
    }
]