[
    {
        "date": "2011-09-30", 
        "operating_revenue": 913666, 
        "accumulated_operating_revenue": 913666, 
        "long_term_average": 913666, 
        "short_term_average": 913666
    }, 
    {
        "date": "2011-10-31", 
        "operating_revenue": 804989, 
        "accumulated_operating_revenue": 1718655, 
        "long_term_average": 859327, 
        "short_term_average": 859327
    }, 
    {
        "date": "2011-11-30", 
        "operating_revenue": 601298, 
        "accumulated_operating_revenue": 2319953, 
        "long_term_average": 773317, 
        "short_term_average": 773317
    }, 
    {
        "date": "2011-12-31", 
        "operating_revenue": 678566, 
        "accumulated_operating_revenue": 2998519, 
        "long_term_average": 749629, 
        "short_term_average": 694951
    }, 
    {
        "date": "2012-01-31", 
        "operating_revenue": 465311, 
        "accumulated_operating_revenue": 465311, 
        "long_term_average": 692766, 
        "short_term_average": 581725
    }, 
    {
        "date": "2012-02-29", 
        "operating_revenue": 931609, 
        "accumulated_operating_revenue": 1396920, 
        "long_term_average": 732573, 
        "short_term_average": 691828
    }, 
    {
        "date": "2012-03-31", 
        "operating_revenue": 1164151, 
        "accumulated_operating_revenue": 2561071, 
        "long_term_average": 794227, 
        "short_term_average": 853690
    }, 
    {
        "date": "2012-04-30", 
        "operating_revenue": 1462980, 
        "accumulated_operating_revenue": 4024051, 
        "long_term_average": 877821, 
        "short_term_average": 1186246
    }, 
    {
        "date": "2012-05-31", 
        "operating_revenue": 1829206, 
        "accumulated_operating_revenue": 5853257, 
        "long_term_average": 983530, 
        "short_term_average": 1485445
    }, 
    {
        "date": "2012-06-30", 
        "operating_revenue": 1192789, 
        "accumulated_operating_revenue": 7046046, 
        "long_term_average": 1004456, 
        "short_term_average": 1494991
    }, 
    {
        "date": "2012-07-31", 
        "operating_revenue": 537599, 
        "accumulated_operating_revenue": 7583645, 
        "long_term_average": 962014, 
        "short_term_average": 1186531
    }, 
    {
        "date": "2012-08-31", 
        "operating_revenue": 696830, 
        "accumulated_operating_revenue": 8280475, 
        "long_term_average": 939916, 
        "short_term_average": 809072
    }, 
    {
        "accumulated_operating_revenue_yoy": 904.8018641385363, 
        "accumulated_operating_revenue": 9180533, 
        "long_term_average": 938782, 
        "date": "2012-09-30", 
        "operating_revenue": 900058, 
        "short_term_average": 711495
    }, 
    {
        "accumulated_operating_revenue_yoy": 485.46002542685994, 
        "accumulated_operating_revenue": 10062038, 
        "long_term_average": 945158, 
        "date": "2012-10-31", 
        "operating_revenue": 881505, 
        "short_term_average": 826131
    }, 
    {
        "accumulated_operating_revenue_yoy": 368.44841253249524, 
        "accumulated_operating_revenue": 10867783, 
        "long_term_average": 962195, 
        "date": "2012-11-30", 
        "operating_revenue": 805745, 
        "short_term_average": 862436
    }, 
    {
        "accumulated_operating_revenue_yoy": 286.218763329497, 
        "accumulated_operating_revenue": 11580843, 
        "long_term_average": 965070, 
        "date": "2012-12-31", 
        "operating_revenue": 713060, 
        "short_term_average": 800103
    }, 
    {
        "accumulated_operating_revenue_yoy": 176.41426916621356, 
        "accumulated_operating_revenue": 1286186, 
        "long_term_average": 1033476, 
        "date": "2013-01-31", 
        "operating_revenue": 1286186, 
        "short_term_average": 934997
    }, 
    {
        "accumulated_operating_revenue_yoy": 40.6961028548521, 
        "accumulated_operating_revenue": 1965412, 
        "long_term_average": 1012444, 
        "date": "2013-02-28", 
        "operating_revenue": 679226, 
        "short_term_average": 892824
    }, 
    {
        "accumulated_operating_revenue_yoy": 16.818784016530582, 
        "accumulated_operating_revenue": 2991812, 
        "long_term_average": 1000965, 
        "date": "2013-03-31", 
        "operating_revenue": 1026400, 
        "short_term_average": 997270
    }, 
    {
        "accumulated_operating_revenue_yoy": 13.891200683092734, 
        "accumulated_operating_revenue": 4583040, 
        "long_term_average": 1011652, 
        "date": "2013-04-30", 
        "operating_revenue": 1591228, 
        "short_term_average": 1098951
    }, 
    {
        "accumulated_operating_revenue_yoy": 7.028462956606894, 
        "accumulated_operating_revenue": 6264651, 
        "long_term_average": 999353, 
        "date": "2013-05-31", 
        "operating_revenue": 1681611, 
        "short_term_average": 1433079
    }, 
    {
        "accumulated_operating_revenue_yoy": 9.615946305204366, 
        "accumulated_operating_revenue": 7723590, 
        "long_term_average": 1021532, 
        "date": "2013-06-30", 
        "operating_revenue": 1458939, 
        "short_term_average": 1577259
    }, 
    {
        "accumulated_operating_revenue_yoy": 9.451998346441586, 
        "accumulated_operating_revenue": 8300451, 
        "long_term_average": 1024804, 
        "date": "2013-07-31", 
        "operating_revenue": 576861, 
        "short_term_average": 1239137
    }, 
    {
        "accumulated_operating_revenue_yoy": 12.721733958498756, 
        "accumulated_operating_revenue": 9333895, 
        "long_term_average": 1052855, 
        "date": "2013-08-31", 
        "operating_revenue": 1033444, 
        "short_term_average": 1023081
    }, 
    {
        "accumulated_operating_revenue_yoy": 13.247248280682614, 
        "accumulated_operating_revenue": 10396701, 
        "long_term_average": 1066417, 
        "date": "2013-09-30", 
        "operating_revenue": 1062806, 
        "short_term_average": 891037
    }, 
    {
        "accumulated_operating_revenue_yoy": 11.543993373906956, 
        "accumulated_operating_revenue": 11223599, 
        "long_term_average": 1061867, 
        "date": "2013-10-31", 
        "operating_revenue": 826898, 
        "short_term_average": 974382
    }, 
    {
        "accumulated_operating_revenue_yoy": 10.687773210046613, 
        "accumulated_operating_revenue": 12029307, 
        "long_term_average": 1061863, 
        "date": "2013-11-30", 
        "operating_revenue": 805708, 
        "short_term_average": 898470
    }, 
    {
        "accumulated_operating_revenue_yoy": 12.103238080336638, 
        "accumulated_operating_revenue": 12982500, 
        "long_term_average": 1081875, 
        "date": "2013-12-31", 
        "operating_revenue": 953193, 
        "short_term_average": 861933
    }, 
    {
        "accumulated_operating_revenue_yoy": -27.11474079176729, 
        "accumulated_operating_revenue": 937440, 
        "long_term_average": 1052812, 
        "date": "2014-01-31", 
        "operating_revenue": 937440, 
        "short_term_average": 898780
    }, 
    {
        "accumulated_operating_revenue_yoy": -21.878211794778906, 
        "accumulated_operating_revenue": 1535415, 
        "long_term_average": 1046041, 
        "date": "2014-02-28", 
        "operating_revenue": 597975, 
        "short_term_average": 829536
    }, 
    {
        "accumulated_operating_revenue_yoy": -5.634578643310475, 
        "accumulated_operating_revenue": 2823236, 
        "long_term_average": 1067827, 
        "date": "2014-03-31", 
        "operating_revenue": 1287821, 
        "short_term_average": 941078
    }, 
    {
        "accumulated_operating_revenue_yoy": -6.914667993297026, 
        "accumulated_operating_revenue": 4266138, 
        "long_term_average": 1055466, 
        "date": "2014-04-30", 
        "operating_revenue": 1442902, 
        "short_term_average": 1109566
    }, 
    {
        "accumulated_operating_revenue_yoy": -8.67630136140066, 
        "accumulated_operating_revenue": 5721111, 
        "long_term_average": 1036580, 
        "date": "2014-05-31", 
        "operating_revenue": 1454973, 
        "short_term_average": 1395232
    }, 
    {
        "accumulated_operating_revenue_yoy": -5.804153249978313, 
        "accumulated_operating_revenue": 7275301, 
        "long_term_average": 1044517, 
        "date": "2014-06-30", 
        "operating_revenue": 1554190, 
        "short_term_average": 1484021
    }, 
    {
        "accumulated_operating_revenue_yoy": -6.005143575933404, 
        "accumulated_operating_revenue": 7801997, 
        "long_term_average": 1040337, 
        "date": "2014-07-31", 
        "operating_revenue": 526696, 
        "short_term_average": 1178619
    }, 
    {
        "accumulated_operating_revenue_yoy": -6.581303946530361, 
        "accumulated_operating_revenue": 8719603, 
        "long_term_average": 1030684, 
        "date": "2014-08-31", 
        "operating_revenue": 917606, 
        "short_term_average": 999497
    }, 
    {
        "accumulated_operating_revenue_yoy": -7.054343488381555, 
        "accumulated_operating_revenue": 9663282, 
        "long_term_average": 1020756, 
        "date": "2014-09-30", 
        "operating_revenue": 943679, 
        "short_term_average": 795993
    }, 
    {
        "accumulated_operating_revenue_yoy": -6.862415522863922, 
        "accumulated_operating_revenue": 10453389, 
        "long_term_average": 1017690, 
        "date": "2014-10-31", 
        "operating_revenue": 790107, 
        "short_term_average": 883797
    }, 
    {
        "accumulated_operating_revenue_yoy": -7.248297844589052, 
        "accumulated_operating_revenue": 11157387, 
        "long_term_average": 1009215, 
        "date": "2014-11-30", 
        "operating_revenue": 703998, 
        "short_term_average": 812594
    }, 
    {
        "accumulated_operating_revenue_yoy": -6.660281147698825, 
        "accumulated_operating_revenue": 12117829, 
        "long_term_average": 1009819, 
        "date": "2014-12-31", 
        "operating_revenue": 960442, 
        "short_term_average": 818182
    }, 
    {
        "accumulated_operating_revenue_yoy": 36.3092037890425, 
        "accumulated_operating_revenue": 1277817, 
        "long_term_average": 1038183, 
        "date": "2015-01-31", 
        "operating_revenue": 1277817, 
        "short_term_average": 980752
    }, 
    {
        "accumulated_operating_revenue_yoy": 8.591553423667216, 
        "accumulated_operating_revenue": 1667331, 
        "long_term_average": 1020812, 
        "date": "2015-02-28", 
        "operating_revenue": 389514, 
        "short_term_average": 875924
    }, 
    {
        "accumulated_operating_revenue_yoy": 4.887547480975731, 
        "accumulated_operating_revenue": 2961223, 
        "long_term_average": 1021318, 
        "date": "2015-03-31", 
        "operating_revenue": 1293892, 
        "short_term_average": 987074
    }, 
    {
        "accumulated_operating_revenue_yoy": 2.577881915681115, 
        "accumulated_operating_revenue": 4376114, 
        "long_term_average": 1018983, 
        "date": "2015-04-30", 
        "operating_revenue": 1414891, 
        "short_term_average": 1032765
    }, 
    {
        "accumulated_operating_revenue_yoy": 0.14189551644776688, 
        "accumulated_operating_revenue": 5729229, 
        "long_term_average": 1010495, 
        "date": "2015-05-31", 
        "operating_revenue": 1353115, 
        "short_term_average": 1353966
    }, 
    {
        "accumulated_operating_revenue_yoy": -5.3028183988538755, 
        "accumulated_operating_revenue": 6889505, 
        "long_term_average": 977669, 
        "date": "2015-06-30", 
        "operating_revenue": 1160276, 
        "short_term_average": 1309427
    }, 
    {
        "accumulated_operating_revenue_yoy": -5.032852486357019, 
        "accumulated_operating_revenue": 7409334, 
        "long_term_average": 977097, 
        "date": "2015-07-31", 
        "operating_revenue": 519829, 
        "short_term_average": 1011073
    }, 
    {
        "accumulated_operating_revenue_yoy": -8.404178492988729, 
        "accumulated_operating_revenue": 7986792, 
        "long_term_average": 948751, 
        "date": "2015-08-31", 
        "operating_revenue": 577458, 
        "short_term_average": 752521
    }
]