[
    {
        "date": "2011-09-30", 
        "operating_revenue": 430852, 
        "accumulated_operating_revenue": 430852, 
        "long_term_average": 430852, 
        "short_term_average": 430852
    }, 
    {
        "date": "2011-10-31", 
        "operating_revenue": 444472, 
        "accumulated_operating_revenue": 875324, 
        "long_term_average": 437662, 
        "short_term_average": 437662
    }, 
    {
        "date": "2011-11-30", 
        "operating_revenue": 407496, 
        "accumulated_operating_revenue": 1282820, 
        "long_term_average": 427606, 
        "short_term_average": 427606
    }, 
    {
        "date": "2011-12-31", 
        "operating_revenue": 453639, 
        "accumulated_operating_revenue": 1736459, 
        "long_term_average": 434114, 
        "short_term_average": 435202
    }, 
    {
        "date": "2012-01-31", 
        "operating_revenue": 440905, 
        "accumulated_operating_revenue": 440905, 
        "long_term_average": 435472, 
        "short_term_average": 434013
    }, 
    {
        "date": "2012-02-29", 
        "operating_revenue": 402034, 
        "accumulated_operating_revenue": 842939, 
        "long_term_average": 429899, 
        "short_term_average": 432192
    }, 
    {
        "date": "2012-03-31", 
        "operating_revenue": 421731, 
        "accumulated_operating_revenue": 1264670, 
        "long_term_average": 428732, 
        "short_term_average": 421556
    }, 
    {
        "date": "2012-04-30", 
        "operating_revenue": 410584, 
        "accumulated_operating_revenue": 1675254, 
        "long_term_average": 426464, 
        "short_term_average": 411449
    }, 
    {
        "date": "2012-05-31", 
        "operating_revenue": 403991, 
        "accumulated_operating_revenue": 2079245, 
        "long_term_average": 423967, 
        "short_term_average": 412102
    }, 
    {
        "date": "2012-06-30", 
        "operating_revenue": 361532, 
        "accumulated_operating_revenue": 2440777, 
        "long_term_average": 417723, 
        "short_term_average": 392035
    }, 
    {
        "date": "2012-07-31", 
        "operating_revenue": 399346, 
        "accumulated_operating_revenue": 2840123, 
        "long_term_average": 416052, 
        "short_term_average": 388289
    }, 
    {
        "date": "2012-08-31", 
        "operating_revenue": 412220, 
        "accumulated_operating_revenue": 3252343, 
        "long_term_average": 415733, 
        "short_term_average": 391032
    }, 
    {
        "accumulated_operating_revenue_yoy": 747.1280161169033, 
        "accumulated_operating_revenue": 3649868, 
        "long_term_average": 412956, 
        "date": "2012-09-30", 
        "operating_revenue": 397525, 
        "short_term_average": 403030
    }, 
    {
        "accumulated_operating_revenue_yoy": 365.0674493101983, 
        "accumulated_operating_revenue": 4070847, 
        "long_term_average": 410998, 
        "date": "2012-10-31", 
        "operating_revenue": 420979, 
        "short_term_average": 410241
    }, 
    {
        "accumulated_operating_revenue_yoy": 249.11741319904587, 
        "accumulated_operating_revenue": 4478548, 
        "long_term_average": 411015, 
        "date": "2012-11-30", 
        "operating_revenue": 407701, 
        "short_term_average": 408735
    }, 
    {
        "accumulated_operating_revenue_yoy": 180.6170488332866, 
        "accumulated_operating_revenue": 4872800, 
        "long_term_average": 406066, 
        "date": "2012-12-31", 
        "operating_revenue": 394252, 
        "short_term_average": 407644
    }, 
    {
        "accumulated_operating_revenue_yoy": 11.910502262392125, 
        "accumulated_operating_revenue": 493419, 
        "long_term_average": 410442, 
        "date": "2013-01-31", 
        "operating_revenue": 493419, 
        "short_term_average": 431790
    }, 
    {
        "accumulated_operating_revenue_yoy": 0.7182014356910761, 
        "accumulated_operating_revenue": 848993, 
        "long_term_average": 406571, 
        "date": "2013-02-28", 
        "operating_revenue": 355574, 
        "short_term_average": 414415
    }, 
    {
        "accumulated_operating_revenue_yoy": -0.1736421358931579, 
        "accumulated_operating_revenue": 1262474, 
        "long_term_average": 405883, 
        "date": "2013-03-31", 
        "operating_revenue": 413481, 
        "short_term_average": 420824
    }, 
    {
        "accumulated_operating_revenue_yoy": 1.7594943811505597, 
        "accumulated_operating_revenue": 1704730, 
        "long_term_average": 408523, 
        "date": "2013-04-30", 
        "operating_revenue": 442256, 
        "short_term_average": 403770
    }, 
    {
        "accumulated_operating_revenue_yoy": 2.790243573989597, 
        "accumulated_operating_revenue": 2137261, 
        "long_term_average": 410901, 
        "date": "2013-05-31", 
        "operating_revenue": 432531, 
        "short_term_average": 429422
    }, 
    {
        "accumulated_operating_revenue_yoy": 4.163059550298942, 
        "accumulated_operating_revenue": 2542388, 
        "long_term_average": 414534, 
        "date": "2013-06-30", 
        "operating_revenue": 405127, 
        "short_term_average": 426638
    }, 
    {
        "accumulated_operating_revenue_yoy": 5.2525542027581205, 
        "accumulated_operating_revenue": 2989302, 
        "long_term_average": 418498, 
        "date": "2013-07-31", 
        "operating_revenue": 446914, 
        "short_term_average": 428190
    }, 
    {
        "accumulated_operating_revenue_yoy": 4.783720536241104, 
        "accumulated_operating_revenue": 3407926, 
        "long_term_average": 419031, 
        "date": "2013-08-31", 
        "operating_revenue": 418624, 
        "short_term_average": 423555
    }, 
    {
        "accumulated_operating_revenue_yoy": 4.8640389186677435, 
        "accumulated_operating_revenue": 3827399, 
        "long_term_average": 420860, 
        "date": "2013-09-30", 
        "operating_revenue": 419473, 
        "short_term_average": 428337
    }, 
    {
        "accumulated_operating_revenue_yoy": 4.732946239443536, 
        "accumulated_operating_revenue": 4263518, 
        "long_term_average": 422122, 
        "date": "2013-10-31", 
        "operating_revenue": 436119, 
        "short_term_average": 424738
    }, 
    {
        "accumulated_operating_revenue_yoy": 4.811805076109489, 
        "accumulated_operating_revenue": 4694047, 
        "long_term_average": 424024, 
        "date": "2013-11-30", 
        "operating_revenue": 430529, 
        "short_term_average": 428707
    }, 
    {
        "accumulated_operating_revenue_yoy": 5.818564275160072, 
        "accumulated_operating_revenue": 5156327, 
        "long_term_average": 429693, 
        "date": "2013-12-31", 
        "operating_revenue": 462280, 
        "short_term_average": 442976
    }, 
    {
        "accumulated_operating_revenue_yoy": 7.276776938058729, 
        "accumulated_operating_revenue": 529324, 
        "long_term_average": 432686, 
        "date": "2014-01-31", 
        "operating_revenue": 529324, 
        "short_term_average": 474044
    }, 
    {
        "accumulated_operating_revenue_yoy": 7.043874331119337, 
        "accumulated_operating_revenue": 908795, 
        "long_term_average": 434677, 
        "date": "2014-02-28", 
        "operating_revenue": 379471, 
        "short_term_average": 457025
    }, 
    {
        "accumulated_operating_revenue_yoy": 7.912400572209805, 
        "accumulated_operating_revenue": 1362366, 
        "long_term_average": 438018, 
        "date": "2014-03-31", 
        "operating_revenue": 453571, 
        "short_term_average": 454122
    }, 
    {
        "accumulated_operating_revenue_yoy": 6.758372293559684, 
        "accumulated_operating_revenue": 1819942, 
        "long_term_average": 439294, 
        "date": "2014-04-30", 
        "operating_revenue": 457576, 
        "short_term_average": 430206
    }, 
    {
        "accumulated_operating_revenue_yoy": 5.639320607076066, 
        "accumulated_operating_revenue": 2257788, 
        "long_term_average": 439737, 
        "date": "2014-05-31", 
        "operating_revenue": 437846, 
        "short_term_average": 449664
    }, 
    {
        "accumulated_operating_revenue_yoy": 4.361450730572989, 
        "accumulated_operating_revenue": 2653273, 
        "long_term_average": 438934, 
        "date": "2014-06-30", 
        "operating_revenue": 395485, 
        "short_term_average": 430302
    }, 
    {
        "accumulated_operating_revenue_yoy": 2.942258761409854, 
        "accumulated_operating_revenue": 3077255, 
        "long_term_average": 437023, 
        "date": "2014-07-31", 
        "operating_revenue": 423982, 
        "short_term_average": 419104
    }, 
    {
        "accumulated_operating_revenue_yoy": 2.659711507820299, 
        "accumulated_operating_revenue": 3498567, 
        "long_term_average": 437247, 
        "date": "2014-08-31", 
        "operating_revenue": 421312, 
        "short_term_average": 413593
    }, 
    {
        "accumulated_operating_revenue_yoy": 2.5927268100346996, 
        "accumulated_operating_revenue": 3926633, 
        "long_term_average": 437963, 
        "date": "2014-09-30", 
        "operating_revenue": 428066, 
        "short_term_average": 424453
    }, 
    {
        "accumulated_operating_revenue_yoy": 3.577960735711682, 
        "accumulated_operating_revenue": 4416065, 
        "long_term_average": 442406, 
        "date": "2014-10-31", 
        "operating_revenue": 489432, 
        "short_term_average": 446270
    }, 
    {
        "accumulated_operating_revenue_yoy": 3.48445595027063, 
        "accumulated_operating_revenue": 4857609, 
        "long_term_average": 443324, 
        "date": "2014-11-30", 
        "operating_revenue": 441544, 
        "short_term_average": 453014
    }, 
    {
        "accumulated_operating_revenue_yoy": 3.437272306430527, 
        "accumulated_operating_revenue": 5333564, 
        "long_term_average": 444463, 
        "date": "2014-12-31", 
        "operating_revenue": 475955, 
        "short_term_average": 468977
    }, 
    {
        "accumulated_operating_revenue_yoy": -2.350734143926971, 
        "accumulated_operating_revenue": 516881, 
        "long_term_average": 443426, 
        "date": "2015-01-31", 
        "operating_revenue": 516881, 
        "short_term_average": 478126
    }, 
    {
        "accumulated_operating_revenue_yoy": 3.588598088677865, 
        "accumulated_operating_revenue": 941408, 
        "long_term_average": 447181, 
        "date": "2015-02-28", 
        "operating_revenue": 424527, 
        "short_term_average": 472454
    }, 
    {
        "accumulated_operating_revenue_yoy": 1.2627296923146938, 
        "accumulated_operating_revenue": 1379569, 
        "long_term_average": 445897, 
        "date": "2015-03-31", 
        "operating_revenue": 438161, 
        "short_term_average": 459856
    }, 
    {
        "accumulated_operating_revenue_yoy": 4.94592684821824, 
        "accumulated_operating_revenue": 1909955, 
        "long_term_average": 451964, 
        "date": "2015-04-30", 
        "operating_revenue": 530386, 
        "short_term_average": 464358
    }, 
    {
        "accumulated_operating_revenue_yoy": 4.578552104980627, 
        "accumulated_operating_revenue": 2361162, 
        "long_term_average": 453078, 
        "date": "2015-05-31", 
        "operating_revenue": 451207, 
        "short_term_average": 473251
    }, 
    {
        "accumulated_operating_revenue_yoy": 5.111573516935499, 
        "accumulated_operating_revenue": 2788897, 
        "long_term_average": 455765, 
        "date": "2015-06-30", 
        "operating_revenue": 427735, 
        "short_term_average": 469776
    }, 
    {
        "accumulated_operating_revenue_yoy": 4.958575093711766, 
        "accumulated_operating_revenue": 3229843, 
        "long_term_average": 457179, 
        "date": "2015-07-31", 
        "operating_revenue": 440946, 
        "short_term_average": 439962
    }, 
    {
        "accumulated_operating_revenue_yoy": 5.4757562167596046, 
        "accumulated_operating_revenue": 3690140, 
        "long_term_average": 460428, 
        "date": "2015-08-31", 
        "operating_revenue": 460297, 
        "short_term_average": 442992
    }, 
    {
        "accumulated_operating_revenue_yoy": 5.949193622118492, 
        "accumulated_operating_revenue": 4160236, 
        "long_term_average": 463930, 
        "date": "2015-09-30", 
        "operating_revenue": 470096, 
        "short_term_average": 457113
    }
]