[
    {
        "date": "2011-09-30", 
        "operating_revenue": 1087447, 
        "accumulated_operating_revenue": 1087447, 
        "long_term_average": 1087447, 
        "short_term_average": 1087447
    }, 
    {
        "date": "2011-10-31", 
        "operating_revenue": 950870, 
        "accumulated_operating_revenue": 2038317, 
        "long_term_average": 1019158, 
        "short_term_average": 1019158
    }, 
    {
        "date": "2011-11-30", 
        "operating_revenue": 1039868, 
        "accumulated_operating_revenue": 3078185, 
        "long_term_average": 1026061, 
        "short_term_average": 1026061
    }, 
    {
        "date": "2011-12-31", 
        "operating_revenue": 1175618, 
        "accumulated_operating_revenue": 4253803, 
        "long_term_average": 1063450, 
        "short_term_average": 1055452
    }, 
    {
        "date": "2012-01-31", 
        "operating_revenue": 899162, 
        "accumulated_operating_revenue": 899162, 
        "long_term_average": 1030593, 
        "short_term_average": 1038216
    }, 
    {
        "date": "2012-02-29", 
        "operating_revenue": 766356, 
        "accumulated_operating_revenue": 1665518, 
        "long_term_average": 986553, 
        "short_term_average": 947045
    }, 
    {
        "date": "2012-03-31", 
        "operating_revenue": 979301, 
        "accumulated_operating_revenue": 2644819, 
        "long_term_average": 985517, 
        "short_term_average": 881606
    }, 
    {
        "date": "2012-04-30", 
        "operating_revenue": 988837, 
        "accumulated_operating_revenue": 3633656, 
        "long_term_average": 985932, 
        "short_term_average": 911498
    }, 
    {
        "date": "2012-05-31", 
        "operating_revenue": 990675, 
        "accumulated_operating_revenue": 4624331, 
        "long_term_average": 986459, 
        "short_term_average": 986271
    }, 
    {
        "date": "2012-06-30", 
        "operating_revenue": 973480, 
        "accumulated_operating_revenue": 5597811, 
        "long_term_average": 985161, 
        "short_term_average": 984330
    }, 
    {
        "date": "2012-07-31", 
        "operating_revenue": 1001919, 
        "accumulated_operating_revenue": 6599730, 
        "long_term_average": 986684, 
        "short_term_average": 988691
    }, 
    {
        "date": "2012-08-31", 
        "operating_revenue": 1111756, 
        "accumulated_operating_revenue": 7711486, 
        "long_term_average": 997107, 
        "short_term_average": 1029051
    }, 
    {
        "accumulated_operating_revenue_yoy": 714.9228422166782, 
        "accumulated_operating_revenue": 8861854, 
        "long_term_average": 1002350, 
        "date": "2012-09-30", 
        "operating_revenue": 1150368, 
        "short_term_average": 1088014
    }, 
    {
        "accumulated_operating_revenue_yoy": 383.00082862479195, 
        "accumulated_operating_revenue": 9845088, 
        "long_term_average": 1005047, 
        "date": "2012-10-31", 
        "operating_revenue": 983234, 
        "short_term_average": 1081786
    }, 
    {
        "accumulated_operating_revenue_yoy": 254.69690743083993, 
        "accumulated_operating_revenue": 10918227, 
        "long_term_average": 1007820, 
        "date": "2012-11-30", 
        "operating_revenue": 1073139, 
        "short_term_average": 1068913
    }, 
    {
        "accumulated_operating_revenue_yoy": 183.06550632457592, 
        "accumulated_operating_revenue": 12041049, 
        "long_term_average": 1003420, 
        "date": "2012-12-31", 
        "operating_revenue": 1122822, 
        "short_term_average": 1059731
    }, 
    {
        "accumulated_operating_revenue_yoy": 25.38018732998058, 
        "accumulated_operating_revenue": 1127371, 
        "long_term_average": 1022438, 
        "date": "2013-01-31", 
        "operating_revenue": 1127371, 
        "short_term_average": 1107777
    }, 
    {
        "accumulated_operating_revenue_yoy": 11.8434625143649, 
        "accumulated_operating_revenue": 1862773, 
        "long_term_average": 1019858, 
        "date": "2013-02-28", 
        "operating_revenue": 735402, 
        "short_term_average": 995198
    }, 
    {
        "accumulated_operating_revenue_yoy": 10.328986596058181, 
        "accumulated_operating_revenue": 2918002, 
        "long_term_average": 1026186, 
        "date": "2013-03-31", 
        "operating_revenue": 1055229, 
        "short_term_average": 972667
    }, 
    {
        "accumulated_operating_revenue_yoy": 10.406433630481256, 
        "accumulated_operating_revenue": 4011790, 
        "long_term_average": 1034931, 
        "date": "2013-04-30", 
        "operating_revenue": 1093788, 
        "short_term_average": 961473
    }, 
    {
        "accumulated_operating_revenue_yoy": 11.268981394281681, 
        "accumulated_operating_revenue": 5145446, 
        "long_term_average": 1046847, 
        "date": "2013-05-31", 
        "operating_revenue": 1133656, 
        "short_term_average": 1094224
    }, 
    {
        "accumulated_operating_revenue_yoy": 13.141154640626487, 
        "accumulated_operating_revenue": 6333428, 
        "long_term_average": 1064722, 
        "date": "2013-06-30", 
        "operating_revenue": 1187982, 
        "short_term_average": 1138475
    }, 
    {
        "accumulated_operating_revenue_yoy": 13.59131358404056, 
        "accumulated_operating_revenue": 7496720, 
        "long_term_average": 1078169, 
        "date": "2013-07-31", 
        "operating_revenue": 1163292, 
        "short_term_average": 1161643
    }, 
    {
        "accumulated_operating_revenue_yoy": 12.988365666487626, 
        "accumulated_operating_revenue": 8713082, 
        "long_term_average": 1086887, 
        "date": "2013-08-31", 
        "operating_revenue": 1216362, 
        "short_term_average": 1189212
    }, 
    {
        "accumulated_operating_revenue_yoy": 12.194400855622312, 
        "accumulated_operating_revenue": 9942504, 
        "long_term_average": 1093474, 
        "date": "2013-09-30", 
        "operating_revenue": 1229422, 
        "short_term_average": 1203025
    }, 
    {
        "accumulated_operating_revenue_yoy": 12.04598679057008, 
        "accumulated_operating_revenue": 11031026, 
        "long_term_average": 1102248, 
        "date": "2013-10-31", 
        "operating_revenue": 1088522, 
        "short_term_average": 1178102
    }, 
    {
        "accumulated_operating_revenue_yoy": 11.72923955510359, 
        "accumulated_operating_revenue": 12198852, 
        "long_term_average": 1110139, 
        "date": "2013-11-30", 
        "operating_revenue": 1167826, 
        "short_term_average": 1161923
    }, 
    {
        "accumulated_operating_revenue_yoy": 11.528464006748914, 
        "accumulated_operating_revenue": 13429197, 
        "long_term_average": 1119099, 
        "date": "2013-12-31", 
        "operating_revenue": 1230345, 
        "short_term_average": 1162231
    }, 
    {
        "accumulated_operating_revenue_yoy": 14.065112549462421, 
        "accumulated_operating_revenue": 1285937, 
        "long_term_average": 1132313, 
        "date": "2014-01-31", 
        "operating_revenue": 1285937, 
        "short_term_average": 1228036
    }, 
    {
        "accumulated_operating_revenue_yoy": 17.758470838905225, 
        "accumulated_operating_revenue": 2193573, 
        "long_term_average": 1146666, 
        "date": "2014-02-28", 
        "operating_revenue": 907636, 
        "short_term_average": 1141306
    }, 
    {
        "accumulated_operating_revenue_yoy": 15.2040334448023, 
        "accumulated_operating_revenue": 3361656, 
        "long_term_average": 1156070, 
        "date": "2014-03-31", 
        "operating_revenue": 1168083, 
        "short_term_average": 1120552
    }, 
    {
        "accumulated_operating_revenue_yoy": 13.528001216414618, 
        "accumulated_operating_revenue": 4554505, 
        "long_term_average": 1164326, 
        "date": "2014-04-30", 
        "operating_revenue": 1192849, 
        "short_term_average": 1089522
    }, 
    {
        "accumulated_operating_revenue_yoy": 14.047217675591192, 
        "accumulated_operating_revenue": 5868238, 
        "long_term_average": 1179332, 
        "date": "2014-05-31", 
        "operating_revenue": 1313733, 
        "short_term_average": 1224888
    }, 
    {
        "accumulated_operating_revenue_yoy": 12.856639406021511, 
        "accumulated_operating_revenue": 7147694, 
        "long_term_average": 1186955, 
        "date": "2014-06-30", 
        "operating_revenue": 1279456, 
        "short_term_average": 1262012
    }, 
    {
        "accumulated_operating_revenue_yoy": 11.4686689645605, 
        "accumulated_operating_revenue": 8356494, 
        "long_term_average": 1190747, 
        "date": "2014-07-31", 
        "operating_revenue": 1208800, 
        "short_term_average": 1267329
    }, 
    {
        "accumulated_operating_revenue_yoy": 11.464049116030356, 
        "accumulated_operating_revenue": 9711954, 
        "long_term_average": 1202339, 
        "date": "2014-08-31", 
        "operating_revenue": 1355460, 
        "short_term_average": 1281238
    }, 
    {
        "accumulated_operating_revenue_yoy": 11.090365163544314, 
        "accumulated_operating_revenue": 11045164, 
        "long_term_average": 1210988, 
        "date": "2014-09-30", 
        "operating_revenue": 1333210, 
        "short_term_average": 1299156
    }, 
    {
        "accumulated_operating_revenue_yoy": 11.122736905887086, 
        "accumulated_operating_revenue": 12257978, 
        "long_term_average": 1221345, 
        "date": "2014-10-31", 
        "operating_revenue": 1212814, 
        "short_term_average": 1300494
    }, 
    {
        "accumulated_operating_revenue_yoy": 10.413840581064514, 
        "accumulated_operating_revenue": 13469221, 
        "long_term_average": 1224963, 
        "date": "2014-11-30", 
        "operating_revenue": 1211243, 
        "short_term_average": 1252422
    }, 
    {
        "accumulated_operating_revenue_yoy": 10.407524738820943, 
        "accumulated_operating_revenue": 14826844, 
        "long_term_average": 1235570, 
        "date": "2014-12-31", 
        "operating_revenue": 1357623, 
        "short_term_average": 1260560
    }, 
    {
        "accumulated_operating_revenue_yoy": 4.990135597622589, 
        "accumulated_operating_revenue": 1350107, 
        "long_term_average": 1240917, 
        "date": "2015-01-31", 
        "operating_revenue": 1350107, 
        "short_term_average": 1306324
    }, 
    {
        "accumulated_operating_revenue_yoy": 8.323634545100619, 
        "accumulated_operating_revenue": 2376158, 
        "long_term_average": 1250785, 
        "date": "2015-02-28", 
        "operating_revenue": 1026051, 
        "short_term_average": 1244593
    }, 
    {
        "accumulated_operating_revenue_yoy": 6.323312081902491, 
        "accumulated_operating_revenue": 3574224, 
        "long_term_average": 1253284, 
        "date": "2015-03-31", 
        "operating_revenue": 1198066, 
        "short_term_average": 1191408
    }, 
    {
        "accumulated_operating_revenue_yoy": 5.693769136272767, 
        "accumulated_operating_revenue": 4813828, 
        "long_term_average": 1257180, 
        "date": "2015-04-30", 
        "operating_revenue": 1239604, 
        "short_term_average": 1154573
    }, 
    {
        "accumulated_operating_revenue_yoy": 3.4854755379723863, 
        "accumulated_operating_revenue": 6072774, 
        "long_term_average": 1252615, 
        "date": "2015-05-31", 
        "operating_revenue": 1258946, 
        "short_term_average": 1232205
    }, 
    {
        "accumulated_operating_revenue_yoy": 3.3064230225860256, 
        "accumulated_operating_revenue": 7384027, 
        "long_term_average": 1255264, 
        "date": "2015-06-30", 
        "operating_revenue": 1311253, 
        "short_term_average": 1269934
    }, 
    {
        "accumulated_operating_revenue_yoy": 3.632576054024571, 
        "accumulated_operating_revenue": 8660050, 
        "long_term_average": 1260866, 
        "date": "2015-07-31", 
        "operating_revenue": 1276023, 
        "short_term_average": 1282074
    }, 
    {
        "accumulated_operating_revenue_yoy": 3.5325332059851187, 
        "accumulated_operating_revenue": 10055032, 
        "long_term_average": 1264160, 
        "date": "2015-08-31", 
        "operating_revenue": 1394982, 
        "short_term_average": 1327419
    }, 
    {
        "accumulated_operating_revenue_yoy": 3.880087249044016, 
        "accumulated_operating_revenue": 11473726, 
        "long_term_average": 1271283, 
        "date": "2015-09-30", 
        "operating_revenue": 1418694, 
        "short_term_average": 1363233
    }
]