[
    {
        "date": "2011-09-30", 
        "operating_revenue": 4239506, 
        "accumulated_operating_revenue": 4239506, 
        "long_term_average": 4239506, 
        "short_term_average": 4239506
    }, 
    {
        "date": "2011-10-31", 
        "operating_revenue": 3462286, 
        "accumulated_operating_revenue": 7701792, 
        "long_term_average": 3850896, 
        "short_term_average": 3850896
    }, 
    {
        "date": "2011-11-30", 
        "operating_revenue": 3989437, 
        "accumulated_operating_revenue": 11691229, 
        "long_term_average": 3897076, 
        "short_term_average": 3897076
    }, 
    {
        "date": "2011-12-31", 
        "operating_revenue": 3871801, 
        "accumulated_operating_revenue": 15563030, 
        "long_term_average": 3890757, 
        "short_term_average": 3774508
    }, 
    {
        "date": "2012-01-31", 
        "operating_revenue": 3445655, 
        "accumulated_operating_revenue": 3445655, 
        "long_term_average": 3801737, 
        "short_term_average": 3768964
    }, 
    {
        "date": "2012-02-29", 
        "operating_revenue": 4707129, 
        "accumulated_operating_revenue": 8152784, 
        "long_term_average": 3952635, 
        "short_term_average": 4008195
    }, 
    {
        "date": "2012-03-31", 
        "operating_revenue": 4432986, 
        "accumulated_operating_revenue": 12585770, 
        "long_term_average": 4021257, 
        "short_term_average": 4195256
    }, 
    {
        "date": "2012-04-30", 
        "operating_revenue": 3827335, 
        "accumulated_operating_revenue": 16413105, 
        "long_term_average": 3997016, 
        "short_term_average": 4322483
    }, 
    {
        "date": "2012-05-31", 
        "operating_revenue": 3966779, 
        "accumulated_operating_revenue": 20379884, 
        "long_term_average": 3993657, 
        "short_term_average": 4075700
    }, 
    {
        "date": "2012-06-30", 
        "operating_revenue": 4220478, 
        "accumulated_operating_revenue": 24600362, 
        "long_term_average": 4016339, 
        "short_term_average": 4004864
    }, 
    {
        "date": "2012-07-31", 
        "operating_revenue": 4583024, 
        "accumulated_operating_revenue": 29183386, 
        "long_term_average": 4067856, 
        "short_term_average": 4256760
    }, 
    {
        "date": "2012-08-31", 
        "operating_revenue": 3944476, 
        "accumulated_operating_revenue": 33127862, 
        "long_term_average": 4057574, 
        "short_term_average": 4249326
    }, 
    {
        "accumulated_operating_revenue_yoy": 779.0685282672084, 
        "accumulated_operating_revenue": 37268163, 
        "long_term_average": 4049307, 
        "date": "2012-09-30", 
        "operating_revenue": 4140301, 
        "short_term_average": 4222600
    }, 
    {
        "accumulated_operating_revenue_yoy": 436.4379095150843, 
        "accumulated_operating_revenue": 41315332, 
        "long_term_average": 4098047, 
        "date": "2012-10-31", 
        "operating_revenue": 4047169, 
        "short_term_average": 4043982
    }, 
    {
        "accumulated_operating_revenue_yoy": 289.15258609680814, 
        "accumulated_operating_revenue": 45496720, 
        "long_term_average": 4114043, 
        "date": "2012-11-30", 
        "operating_revenue": 4181388, 
        "short_term_average": 4122952
    }, 
    {
        "accumulated_operating_revenue_yoy": 220.1379615666101, 
        "accumulated_operating_revenue": 49823167, 
        "long_term_average": 4151930, 
        "date": "2012-12-31", 
        "operating_revenue": 4326447, 
        "short_term_average": 4185001
    }, 
    {
        "accumulated_operating_revenue_yoy": 34.40379260256758, 
        "accumulated_operating_revenue": 4631091, 
        "long_term_average": 4250716, 
        "date": "2013-01-31", 
        "operating_revenue": 4631091, 
        "short_term_average": 4379642
    }, 
    {
        "accumulated_operating_revenue_yoy": 3.0640330959338553, 
        "accumulated_operating_revenue": 8402588, 
        "long_term_average": 4172747, 
        "date": "2013-02-28", 
        "operating_revenue": 3771497, 
        "short_term_average": 4243011
    }, 
    {
        "accumulated_operating_revenue_yoy": 1.9299812407186847, 
        "accumulated_operating_revenue": 12828673, 
        "long_term_average": 4172172, 
        "date": "2013-03-31", 
        "operating_revenue": 4426085, 
        "short_term_average": 4276224
    }, 
    {
        "accumulated_operating_revenue_yoy": 2.6628112109195667, 
        "accumulated_operating_revenue": 16850155, 
        "long_term_average": 4188351, 
        "date": "2013-04-30", 
        "operating_revenue": 4021482, 
        "short_term_average": 4073021
    }, 
    {
        "accumulated_operating_revenue_yoy": 4.183370229192668, 
        "accumulated_operating_revenue": 21232450, 
        "long_term_average": 4222977, 
        "date": "2013-05-31", 
        "operating_revenue": 4382295, 
        "short_term_average": 4276620
    }, 
    {
        "accumulated_operating_revenue_yoy": 2.3245552240247522, 
        "accumulated_operating_revenue": 25172211, 
        "long_term_average": 4199584, 
        "date": "2013-06-30", 
        "operating_revenue": 3939761, 
        "short_term_average": 4114512
    }, 
    {
        "accumulated_operating_revenue_yoy": 0.678605285897942, 
        "accumulated_operating_revenue": 29381426, 
        "long_term_average": 4168433, 
        "date": "2013-07-31", 
        "operating_revenue": 4209215, 
        "short_term_average": 4177090
    }, 
    {
        "accumulated_operating_revenue_yoy": 1.4526171353889363, 
        "accumulated_operating_revenue": 33609083, 
        "long_term_average": 4192032, 
        "date": "2013-08-31", 
        "operating_revenue": 4227657, 
        "short_term_average": 4125544
    }, 
    {
        "accumulated_operating_revenue_yoy": 0.13611081394057442, 
        "accumulated_operating_revenue": 37318889, 
        "long_term_average": 4156157, 
        "date": "2013-09-30", 
        "operating_revenue": 3709806, 
        "short_term_average": 4048892
    }, 
    {
        "accumulated_operating_revenue_yoy": -0.1557315332719582, 
        "accumulated_operating_revenue": 41250991, 
        "long_term_average": 4146568, 
        "date": "2013-10-31", 
        "operating_revenue": 3932102, 
        "short_term_average": 3956521
    }, 
    {
        "accumulated_operating_revenue_yoy": -0.23839081146948612, 
        "accumulated_operating_revenue": 45388260, 
        "long_term_average": 4142892, 
        "date": "2013-11-30", 
        "operating_revenue": 4137269, 
        "short_term_average": 3926392
    }, 
    {
        "accumulated_operating_revenue_yoy": -0.2761606864533521, 
        "accumulated_operating_revenue": 49685575, 
        "long_term_average": 4140464, 
        "date": "2013-12-31", 
        "operating_revenue": 4297315, 
        "short_term_average": 4122228
    }, 
    {
        "accumulated_operating_revenue_yoy": -15.852571240772424, 
        "accumulated_operating_revenue": 3896944, 
        "long_term_average": 4079285, 
        "date": "2014-01-31", 
        "operating_revenue": 3896944, 
        "short_term_average": 4110509
    }, 
    {
        "accumulated_operating_revenue_yoy": -14.237946689757965, 
        "accumulated_operating_revenue": 7206232, 
        "long_term_average": 4040768, 
        "date": "2014-02-28", 
        "operating_revenue": 3309288, 
        "short_term_average": 3834515
    }, 
    {
        "accumulated_operating_revenue_yoy": -9.457081024670282, 
        "accumulated_operating_revenue": 11615455, 
        "long_term_average": 4039363, 
        "date": "2014-03-31", 
        "operating_revenue": 4409223, 
        "short_term_average": 3871818
    }, 
    {
        "accumulated_operating_revenue_yoy": -6.125136534352355, 
        "accumulated_operating_revenue": 15818060, 
        "long_term_average": 4054456, 
        "date": "2014-04-30", 
        "operating_revenue": 4202605, 
        "short_term_average": 3973705
    }, 
    {
        "accumulated_operating_revenue_yoy": -6.107015440987733, 
        "accumulated_operating_revenue": 19935781, 
        "long_term_average": 4032408, 
        "date": "2014-05-31", 
        "operating_revenue": 4117721, 
        "short_term_average": 4243183
    }, 
    {
        "accumulated_operating_revenue_yoy": -4.004098011096443, 
        "accumulated_operating_revenue": 24164291, 
        "long_term_average": 4056471, 
        "date": "2014-06-30", 
        "operating_revenue": 4228510, 
        "short_term_average": 4182945
    }, 
    {
        "accumulated_operating_revenue_yoy": -3.7219738756042675, 
        "accumulated_operating_revenue": 28287857, 
        "long_term_average": 4049333, 
        "date": "2014-07-31", 
        "operating_revenue": 4123566, 
        "short_term_average": 4156599
    }, 
    {
        "accumulated_operating_revenue_yoy": -5.911750106362616, 
        "accumulated_operating_revenue": 31622198, 
        "long_term_average": 3974890, 
        "date": "2014-08-31", 
        "operating_revenue": 3334341, 
        "short_term_average": 3895472
    }, 
    {
        "accumulated_operating_revenue_yoy": -7.910310513263136, 
        "accumulated_operating_revenue": 34366849, 
        "long_term_average": 3894461, 
        "date": "2014-09-30", 
        "operating_revenue": 2744651, 
        "short_term_average": 3400852
    }, 
    {
        "accumulated_operating_revenue_yoy": -10.7478290642763, 
        "accumulated_operating_revenue": 36817405, 
        "long_term_average": 3770999, 
        "date": "2014-10-31", 
        "operating_revenue": 2450556, 
        "short_term_average": 2843182
    }, 
    {
        "accumulated_operating_revenue_yoy": -13.285992897722892, 
        "accumulated_operating_revenue": 39357979, 
        "long_term_average": 3637941, 
        "date": "2014-11-30", 
        "operating_revenue": 2540574, 
        "short_term_average": 2578593
    }, 
    {
        "accumulated_operating_revenue_yoy": -15.621562193856064, 
        "accumulated_operating_revenue": 41923912, 
        "long_term_average": 3493659, 
        "date": "2014-12-31", 
        "operating_revenue": 2565933, 
        "short_term_average": 2519021
    }, 
    {
        "accumulated_operating_revenue_yoy": -36.79555056475022, 
        "accumulated_operating_revenue": 2463042, 
        "long_term_average": 3374167, 
        "date": "2015-01-31", 
        "operating_revenue": 2463042, 
        "short_term_average": 2523183
    }, 
    {
        "accumulated_operating_revenue_yoy": -39.05099086457389, 
        "accumulated_operating_revenue": 4392127, 
        "long_term_average": 3259150, 
        "date": "2015-02-28", 
        "operating_revenue": 1929085, 
        "short_term_average": 2319353
    }, 
    {
        "accumulated_operating_revenue_yoy": -35.45685468197328, 
        "accumulated_operating_revenue": 7496980, 
        "long_term_average": 3150453, 
        "date": "2015-03-31", 
        "operating_revenue": 3104853, 
        "short_term_average": 2498993
    }, 
    {
        "accumulated_operating_revenue_yoy": -32.614296569870135, 
        "accumulated_operating_revenue": 10659111, 
        "long_term_average": 3063746, 
        "date": "2015-04-30", 
        "operating_revenue": 3162131, 
        "short_term_average": 2732023
    }, 
    {
        "accumulated_operating_revenue_yoy": -31.467495554851855, 
        "accumulated_operating_revenue": 13662490, 
        "long_term_average": 2970885, 
        "date": "2015-05-31", 
        "operating_revenue": 3003379, 
        "short_term_average": 3090121
    }, 
    {
        "accumulated_operating_revenue_yoy": -31.123611282449794, 
        "accumulated_operating_revenue": 16643491, 
        "long_term_average": 2866926, 
        "date": "2015-06-30", 
        "operating_revenue": 2981001, 
        "short_term_average": 3048837
    }, 
    {
        "accumulated_operating_revenue_yoy": -30.114638942073274, 
        "accumulated_operating_revenue": 19769071, 
        "long_term_average": 2783760, 
        "date": "2015-07-31", 
        "operating_revenue": 3125580, 
        "short_term_average": 3036653
    }, 
    {
        "accumulated_operating_revenue_yoy": -27.06717920114218, 
        "accumulated_operating_revenue": 23062961, 
        "long_term_average": 2780389, 
        "date": "2015-08-31", 
        "operating_revenue": 3293890, 
        "short_term_average": 3133490
    }, 
    {
        "accumulated_operating_revenue_yoy": -22.390100413337283, 
        "accumulated_operating_revenue": 26672077, 
        "long_term_average": 2852428, 
        "date": "2015-09-30", 
        "operating_revenue": 3609116, 
        "short_term_average": 3342862
    }
]