[
    {
        "date": "2012-01-31", 
        "operating_revenue": 309872, 
        "accumulated_operating_revenue": 309872, 
        "long_term_average": 309872, 
        "short_term_average": 309872
    }, 
    {
        "date": "2012-02-29", 
        "operating_revenue": 301342, 
        "accumulated_operating_revenue": 611214, 
        "long_term_average": 305607, 
        "short_term_average": 305607
    }, 
    {
        "date": "2012-03-31", 
        "operating_revenue": 369928, 
        "accumulated_operating_revenue": 981142, 
        "long_term_average": 327047, 
        "short_term_average": 327047
    }, 
    {
        "date": "2012-04-30", 
        "operating_revenue": 379911, 
        "accumulated_operating_revenue": 1361053, 
        "long_term_average": 340263, 
        "short_term_average": 350393
    }, 
    {
        "date": "2012-05-31", 
        "operating_revenue": 399000, 
        "accumulated_operating_revenue": 1760053, 
        "long_term_average": 352010, 
        "short_term_average": 382946
    }, 
    {
        "date": "2012-06-30", 
        "operating_revenue": 379511, 
        "accumulated_operating_revenue": 2139564, 
        "long_term_average": 356594, 
        "short_term_average": 386140
    }, 
    {
        "date": "2012-07-31", 
        "operating_revenue": 385703, 
        "accumulated_operating_revenue": 2525267, 
        "long_term_average": 360752, 
        "short_term_average": 388071
    }, 
    {
        "date": "2012-08-31", 
        "operating_revenue": 376260, 
        "accumulated_operating_revenue": 2901527, 
        "long_term_average": 362690, 
        "short_term_average": 380491
    }, 
    {
        "date": "2012-09-30", 
        "operating_revenue": 399096, 
        "accumulated_operating_revenue": 3300623, 
        "long_term_average": 366735, 
        "short_term_average": 387019
    }, 
    {
        "date": "2012-10-31", 
        "operating_revenue": 444480, 
        "accumulated_operating_revenue": 3745103, 
        "long_term_average": 374510, 
        "short_term_average": 406612
    }, 
    {
        "date": "2012-11-30", 
        "operating_revenue": 423653, 
        "accumulated_operating_revenue": 4168756, 
        "long_term_average": 378977, 
        "short_term_average": 422409
    }, 
    {
        "date": "2012-12-31", 
        "operating_revenue": 442963, 
        "accumulated_operating_revenue": 4611719, 
        "long_term_average": 384309, 
        "short_term_average": 437032
    }, 
    {
        "accumulated_operating_revenue_yoy": 38.801505137605204, 
        "accumulated_operating_revenue": 430107, 
        "long_term_average": 394329, 
        "date": "2013-01-31", 
        "operating_revenue": 430107, 
        "short_term_average": 432241
    }, 
    {
        "accumulated_operating_revenue_yoy": 27.277025722578347, 
        "accumulated_operating_revenue": 777935, 
        "long_term_average": 398203, 
        "date": "2013-02-28", 
        "operating_revenue": 347828, 
        "short_term_average": 406966
    }, 
    {
        "accumulated_operating_revenue_yoy": 25.24904651926021, 
        "accumulated_operating_revenue": 1228871, 
        "long_term_average": 404954, 
        "date": "2013-03-31", 
        "operating_revenue": 450936, 
        "short_term_average": 409623
    }, 
    {
        "accumulated_operating_revenue_yoy": 28.96499989346484, 
        "accumulated_operating_revenue": 1755282, 
        "long_term_average": 417162, 
        "date": "2013-04-30", 
        "operating_revenue": 526411, 
        "short_term_average": 441725
    }, 
    {
        "accumulated_operating_revenue_yoy": 29.309799193547015, 
        "accumulated_operating_revenue": 2275921, 
        "long_term_average": 427298, 
        "date": "2013-05-31", 
        "operating_revenue": 520639, 
        "short_term_average": 499328
    }, 
    {
        "accumulated_operating_revenue_yoy": 28.455143197399096, 
        "accumulated_operating_revenue": 2748380, 
        "long_term_average": 435044, 
        "date": "2013-06-30", 
        "operating_revenue": 472459, 
        "short_term_average": 506503
    }, 
    {
        "accumulated_operating_revenue_yoy": 28.505223408059425, 
        "accumulated_operating_revenue": 3245100, 
        "long_term_average": 444296, 
        "date": "2013-07-31", 
        "operating_revenue": 496720, 
        "short_term_average": 496606
    }, 
    {
        "accumulated_operating_revenue_yoy": 26.67705659812919, 
        "accumulated_operating_revenue": 3675569, 
        "long_term_average": 448813, 
        "date": "2013-08-31", 
        "operating_revenue": 430469, 
        "short_term_average": 466549
    }, 
    {
        "accumulated_operating_revenue_yoy": 25.38039030813274, 
        "accumulated_operating_revenue": 4138334, 
        "long_term_average": 454119, 
        "date": "2013-09-30", 
        "operating_revenue": 462765, 
        "short_term_average": 463318
    }, 
    {
        "accumulated_operating_revenue_yoy": 24.01218337653197, 
        "accumulated_operating_revenue": 4644384, 
        "long_term_average": 459250, 
        "date": "2013-10-31", 
        "operating_revenue": 506050, 
        "short_term_average": 466428
    }, 
    {
        "accumulated_operating_revenue_yoy": 23.086287611939866, 
        "accumulated_operating_revenue": 5131167, 
        "long_term_average": 464510, 
        "date": "2013-11-30", 
        "operating_revenue": 486783, 
        "short_term_average": 485199
    }, 
    {
        "accumulated_operating_revenue_yoy": 22.612240685089443, 
        "accumulated_operating_revenue": 5654532, 
        "long_term_average": 471211, 
        "date": "2013-12-31", 
        "operating_revenue": 523365, 
        "short_term_average": 505399
    }, 
    {
        "accumulated_operating_revenue_yoy": 13.190903658856982, 
        "accumulated_operating_revenue": 486842, 
        "long_term_average": 475938, 
        "date": "2014-01-31", 
        "operating_revenue": 486842, 
        "short_term_average": 498996
    }, 
    {
        "accumulated_operating_revenue_yoy": 9.686027752961365, 
        "accumulated_operating_revenue": 853286, 
        "long_term_average": 477490, 
        "date": "2014-02-28", 
        "operating_revenue": 366444, 
        "short_term_average": 458883
    }, 
    {
        "accumulated_operating_revenue_yoy": 12.953190367418548, 
        "accumulated_operating_revenue": 1388049, 
        "long_term_average": 484475, 
        "date": "2014-03-31", 
        "operating_revenue": 534763, 
        "short_term_average": 462683
    }, 
    {
        "accumulated_operating_revenue_yoy": 9.613953769251893, 
        "accumulated_operating_revenue": 1924034, 
        "long_term_average": 485273, 
        "date": "2014-04-30", 
        "operating_revenue": 535985, 
        "short_term_average": 479064
    }, 
    {
        "accumulated_operating_revenue_yoy": 8.337108361845601, 
        "accumulated_operating_revenue": 2465667, 
        "long_term_average": 487023, 
        "date": "2014-05-31", 
        "operating_revenue": 541633, 
        "short_term_average": 537460
    }, 
    {
        "accumulated_operating_revenue_yoy": 9.985809822513627, 
        "accumulated_operating_revenue": 3022828, 
        "long_term_average": 494081, 
        "date": "2014-06-30", 
        "operating_revenue": 557161, 
        "short_term_average": 544926
    }, 
    {
        "accumulated_operating_revenue_yoy": 8.264398631783305, 
        "accumulated_operating_revenue": 3513288, 
        "long_term_average": 493560, 
        "date": "2014-07-31", 
        "operating_revenue": 490460, 
        "short_term_average": 529751
    }, 
    {
        "accumulated_operating_revenue_yoy": 8.758861553136398, 
        "accumulated_operating_revenue": 3997507, 
        "long_term_average": 498039, 
        "date": "2014-08-31", 
        "operating_revenue": 484219, 
        "short_term_average": 510613
    }, 
    {
        "accumulated_operating_revenue_yoy": 9.76216516114939, 
        "accumulated_operating_revenue": 4542325, 
        "long_term_average": 504876, 
        "date": "2014-09-30", 
        "operating_revenue": 544818, 
        "short_term_average": 506499
    }, 
    {
        "accumulated_operating_revenue_yoy": 10.540967327421678, 
        "accumulated_operating_revenue": 5133947, 
        "long_term_average": 512007, 
        "date": "2014-10-31", 
        "operating_revenue": 591622, 
        "short_term_average": 540219
    }, 
    {
        "accumulated_operating_revenue_yoy": 10.379295782031651, 
        "accumulated_operating_revenue": 5663746, 
        "long_term_average": 515592, 
        "date": "2014-11-30", 
        "operating_revenue": 529799, 
        "short_term_average": 555413
    }, 
    {
        "accumulated_operating_revenue_yoy": 11.385310048647703, 
        "accumulated_operating_revenue": 6298318, 
        "long_term_average": 524859, 
        "date": "2014-12-31", 
        "operating_revenue": 634572, 
        "short_term_average": 585331
    }, 
    {
        "accumulated_operating_revenue_yoy": 10.862456402693276, 
        "accumulated_operating_revenue": 539725, 
        "long_term_average": 529266, 
        "date": "2015-01-31", 
        "operating_revenue": 539725, 
        "short_term_average": 568032
    }, 
    {
        "accumulated_operating_revenue_yoy": 17.556481648591447, 
        "accumulated_operating_revenue": 1003093, 
        "long_term_average": 537343, 
        "date": "2015-02-28", 
        "operating_revenue": 463368, 
        "short_term_average": 545888
    }, 
    {
        "accumulated_operating_revenue_yoy": 19.03960162789642, 
        "accumulated_operating_revenue": 1652328, 
        "long_term_average": 546883, 
        "date": "2015-03-31", 
        "operating_revenue": 649235, 
        "short_term_average": 550776
    }, 
    {
        "accumulated_operating_revenue_yoy": 17.96912112779712, 
        "accumulated_operating_revenue": 2269766, 
        "long_term_average": 553670, 
        "date": "2015-04-30", 
        "operating_revenue": 617438, 
        "short_term_average": 576680
    }, 
    {
        "accumulated_operating_revenue_yoy": 16.192413655209727, 
        "accumulated_operating_revenue": 2864918, 
        "long_term_average": 558130, 
        "date": "2015-05-31", 
        "operating_revenue": 595152, 
        "short_term_average": 620608
    }, 
    {
        "accumulated_operating_revenue_yoy": 16.08500384408243, 
        "accumulated_operating_revenue": 3509050, 
        "long_term_average": 565378, 
        "date": "2015-06-30", 
        "operating_revenue": 644132, 
        "short_term_average": 618907
    }, 
    {
        "accumulated_operating_revenue_yoy": 16.058489938769608, 
        "accumulated_operating_revenue": 4077469, 
        "long_term_average": 571874, 
        "date": "2015-07-31", 
        "operating_revenue": 568419, 
        "short_term_average": 602567
    }, 
    {
        "accumulated_operating_revenue_yoy": 15.713443403601293, 
        "accumulated_operating_revenue": 4625653, 
        "long_term_average": 577205, 
        "date": "2015-08-31", 
        "operating_revenue": 548184, 
        "short_term_average": 586911
    }, 
    {
        "accumulated_operating_revenue_yoy": 15.294700401226244, 
        "accumulated_operating_revenue": 5237060, 
        "long_term_average": 582754, 
        "date": "2015-09-30", 
        "operating_revenue": 611407, 
        "short_term_average": 576003
    }
]