[
    {
        "date": "2012-01-31", 
        "operating_revenue": 273245, 
        "accumulated_operating_revenue": 273245, 
        "long_term_average": 273245, 
        "short_term_average": 273245
    }, 
    {
        "date": "2012-02-29", 
        "operating_revenue": 342736, 
        "accumulated_operating_revenue": 615981, 
        "long_term_average": 307990, 
        "short_term_average": 307990
    }, 
    {
        "date": "2012-03-31", 
        "operating_revenue": 341746, 
        "accumulated_operating_revenue": 957727, 
        "long_term_average": 319242, 
        "short_term_average": 319242
    }, 
    {
        "date": "2012-04-30", 
        "operating_revenue": 327467, 
        "accumulated_operating_revenue": 1285194, 
        "long_term_average": 321298, 
        "short_term_average": 337316
    }, 
    {
        "date": "2012-05-31", 
        "operating_revenue": 317812, 
        "accumulated_operating_revenue": 1603006, 
        "long_term_average": 320601, 
        "short_term_average": 329008
    }, 
    {
        "date": "2012-06-30", 
        "operating_revenue": 314877, 
        "accumulated_operating_revenue": 1917883, 
        "long_term_average": 319647, 
        "short_term_average": 320052
    }, 
    {
        "date": "2012-07-31", 
        "operating_revenue": 317392, 
        "accumulated_operating_revenue": 2235275, 
        "long_term_average": 319325, 
        "short_term_average": 316693
    }, 
    {
        "date": "2012-08-31", 
        "operating_revenue": 379790, 
        "accumulated_operating_revenue": 2615065, 
        "long_term_average": 326883, 
        "short_term_average": 337353
    }, 
    {
        "date": "2012-09-30", 
        "operating_revenue": 347904, 
        "accumulated_operating_revenue": 2962969, 
        "long_term_average": 329218, 
        "short_term_average": 348362
    }, 
    {
        "date": "2012-10-31", 
        "operating_revenue": 369197, 
        "accumulated_operating_revenue": 3332166, 
        "long_term_average": 333216, 
        "short_term_average": 365630
    }, 
    {
        "date": "2012-11-30", 
        "operating_revenue": 336145, 
        "accumulated_operating_revenue": 3668311, 
        "long_term_average": 333482, 
        "short_term_average": 351082
    }, 
    {
        "date": "2012-12-31", 
        "operating_revenue": 317643, 
        "accumulated_operating_revenue": 3985954, 
        "long_term_average": 332162, 
        "short_term_average": 340995
    }, 
    {
        "accumulated_operating_revenue_yoy": 34.521400208604, 
        "accumulated_operating_revenue": 367573, 
        "long_term_average": 340023, 
        "date": "2013-01-31", 
        "operating_revenue": 367573, 
        "short_term_average": 340453
    }, 
    {
        "accumulated_operating_revenue_yoy": 4.576764543062205, 
        "accumulated_operating_revenue": 644173, 
        "long_term_average": 334512, 
        "date": "2013-02-28", 
        "operating_revenue": 276600, 
        "short_term_average": 320605
    }, 
    {
        "accumulated_operating_revenue_yoy": 4.065145913188204, 
        "accumulated_operating_revenue": 996660, 
        "long_term_average": 335407, 
        "date": "2013-03-31", 
        "operating_revenue": 352487, 
        "short_term_average": 332220
    }, 
    {
        "accumulated_operating_revenue_yoy": 5.655410778450569, 
        "accumulated_operating_revenue": 1357877, 
        "long_term_average": 338219, 
        "date": "2013-04-30", 
        "operating_revenue": 361217, 
        "short_term_average": 330101
    }, 
    {
        "accumulated_operating_revenue_yoy": 6.309832901436427, 
        "accumulated_operating_revenue": 1704153, 
        "long_term_average": 340591, 
        "date": "2013-05-31", 
        "operating_revenue": 346276, 
        "short_term_average": 353326
    }, 
    {
        "accumulated_operating_revenue_yoy": 5.469468158380882, 
        "accumulated_operating_revenue": 2022781, 
        "long_term_average": 340904, 
        "date": "2013-06-30", 
        "operating_revenue": 318628, 
        "short_term_average": 342040
    }, 
    {
        "accumulated_operating_revenue_yoy": 5.643914059791301, 
        "accumulated_operating_revenue": 2361432, 
        "long_term_average": 342675, 
        "date": "2013-07-31", 
        "operating_revenue": 338651, 
        "short_term_average": 334518
    }, 
    {
        "accumulated_operating_revenue_yoy": 3.3621726419802185, 
        "accumulated_operating_revenue": 2702988, 
        "long_term_average": 339489, 
        "date": "2013-08-31", 
        "operating_revenue": 341556, 
        "short_term_average": 332945
    }, 
    {
        "accumulated_operating_revenue_yoy": 1.1351789370729157, 
        "accumulated_operating_revenue": 2996604, 
        "long_term_average": 334965, 
        "date": "2013-09-30", 
        "operating_revenue": 293616, 
        "short_term_average": 324607
    }, 
    {
        "accumulated_operating_revenue_yoy": 0.16331719368122719, 
        "accumulated_operating_revenue": 3337608, 
        "long_term_average": 332616, 
        "date": "2013-10-31", 
        "operating_revenue": 341004, 
        "short_term_average": 325392
    }, 
    {
        "accumulated_operating_revenue_yoy": -0.009350352246578875, 
        "accumulated_operating_revenue": 3667968, 
        "long_term_average": 332134, 
        "date": "2013-11-30", 
        "operating_revenue": 330360, 
        "short_term_average": 321660
    }, 
    {
        "accumulated_operating_revenue_yoy": 1.6186338327035386, 
        "accumulated_operating_revenue": 4050472, 
        "long_term_average": 337539, 
        "date": "2013-12-31", 
        "operating_revenue": 382504, 
        "short_term_average": 351289
    }, 
    {
        "accumulated_operating_revenue_yoy": -0.457324123371412, 
        "accumulated_operating_revenue": 365892, 
        "long_term_average": 337399, 
        "date": "2014-01-31", 
        "operating_revenue": 365892, 
        "short_term_average": 359585
    }, 
    {
        "accumulated_operating_revenue_yoy": 4.205857743183896, 
        "accumulated_operating_revenue": 671266, 
        "long_term_average": 339797, 
        "date": "2014-02-28", 
        "operating_revenue": 305374, 
        "short_term_average": 351256
    }, 
    {
        "accumulated_operating_revenue_yoy": 2.186402584632673, 
        "accumulated_operating_revenue": 1018451, 
        "long_term_average": 339355, 
        "date": "2014-03-31", 
        "operating_revenue": 347185, 
        "short_term_average": 339483
    }, 
    {
        "accumulated_operating_revenue_yoy": 0.5038747986746959, 
        "accumulated_operating_revenue": 1364719, 
        "long_term_average": 338109, 
        "date": "2014-04-30", 
        "operating_revenue": 346268, 
        "short_term_average": 332942
    }, 
    {
        "accumulated_operating_revenue_yoy": -1.5486285562387883, 
        "accumulated_operating_revenue": 1677762, 
        "long_term_average": 335340, 
        "date": "2014-05-31", 
        "operating_revenue": 313043, 
        "short_term_average": 335498
    }, 
    {
        "accumulated_operating_revenue_yoy": 0.36385550388302046, 
        "accumulated_operating_revenue": 2030141, 
        "long_term_average": 338152, 
        "date": "2014-06-30", 
        "operating_revenue": 352379, 
        "short_term_average": 337230
    }, 
    {
        "accumulated_operating_revenue_yoy": 0.6359276913330555, 
        "accumulated_operating_revenue": 2376449, 
        "long_term_average": 338790, 
        "date": "2014-07-31", 
        "operating_revenue": 346308, 
        "short_term_average": 337243
    }, 
    {
        "accumulated_operating_revenue_yoy": 0.8568665491670698, 
        "accumulated_operating_revenue": 2726149, 
        "long_term_average": 339469, 
        "date": "2014-08-31", 
        "operating_revenue": 349700, 
        "short_term_average": 349462
    }, 
    {
        "accumulated_operating_revenue_yoy": 2.740769217420787, 
        "accumulated_operating_revenue": 3078734, 
        "long_term_average": 344383, 
        "date": "2014-09-30", 
        "operating_revenue": 352585, 
        "short_term_average": 349531
    }, 
    {
        "accumulated_operating_revenue_yoy": 3.2045704588435786, 
        "accumulated_operating_revenue": 3444564, 
        "long_term_average": 346452, 
        "date": "2014-10-31", 
        "operating_revenue": 365830, 
        "short_term_average": 356038
    }, 
    {
        "accumulated_operating_revenue_yoy": 3.570532785455053, 
        "accumulated_operating_revenue": 3798934, 
        "long_term_average": 348453, 
        "date": "2014-11-30", 
        "operating_revenue": 354370, 
        "short_term_average": 357595
    }, 
    {
        "accumulated_operating_revenue_yoy": 3.2941346094973625, 
        "accumulated_operating_revenue": 4183900, 
        "long_term_average": 348658, 
        "date": "2014-12-31", 
        "operating_revenue": 384966, 
        "short_term_average": 368388
    }, 
    {
        "accumulated_operating_revenue_yoy": 8.611284204082079, 
        "accumulated_operating_revenue": 397400, 
        "long_term_average": 351284, 
        "date": "2015-01-31", 
        "operating_revenue": 397400, 
        "short_term_average": 378912
    }, 
    {
        "accumulated_operating_revenue_yoy": 8.472796179159975, 
        "accumulated_operating_revenue": 728141, 
        "long_term_average": 353397, 
        "date": "2015-02-28", 
        "operating_revenue": 330741, 
        "short_term_average": 371035
    }, 
    {
        "accumulated_operating_revenue_yoy": 13.79938750121508, 
        "accumulated_operating_revenue": 1158991, 
        "long_term_average": 360370, 
        "date": "2015-03-31", 
        "operating_revenue": 430850, 
        "short_term_average": 386330
    }, 
    {
        "accumulated_operating_revenue_yoy": 14.823271310797315, 
        "accumulated_operating_revenue": 1567015, 
        "long_term_average": 365516, 
        "date": "2015-04-30", 
        "operating_revenue": 408024, 
        "short_term_average": 389871
    }, 
    {
        "accumulated_operating_revenue_yoy": 16.58995733602263, 
        "accumulated_operating_revenue": 1956102, 
        "long_term_average": 371853, 
        "date": "2015-05-31", 
        "operating_revenue": 389087, 
        "short_term_average": 409320
    }, 
    {
        "accumulated_operating_revenue_yoy": 15.496953167292322, 
        "accumulated_operating_revenue": 2344751, 
        "long_term_average": 374875, 
        "date": "2015-06-30", 
        "operating_revenue": 388649, 
        "short_term_average": 395253
    }, 
    {
        "accumulated_operating_revenue_yoy": 17.182401137158845, 
        "accumulated_operating_revenue": 2784780, 
        "long_term_average": 382685, 
        "date": "2015-07-31", 
        "operating_revenue": 440029, 
        "short_term_average": 405921
    }, 
    {
        "accumulated_operating_revenue_yoy": 16.251569521695256, 
        "accumulated_operating_revenue": 3169191, 
        "long_term_average": 385578, 
        "date": "2015-08-31", 
        "operating_revenue": 384411, 
        "short_term_average": 404363
    }, 
    {
        "accumulated_operating_revenue_yoy": 15.333283096233712, 
        "accumulated_operating_revenue": 3550805, 
        "long_term_average": 387997, 
        "date": "2015-09-30", 
        "operating_revenue": 381614, 
        "short_term_average": 402018
    }
]