[
    {
        "date": "2012-01-31", 
        "operating_revenue": 905250, 
        "accumulated_operating_revenue": 905250, 
        "long_term_average": 905250, 
        "short_term_average": 905250
    }, 
    {
        "date": "2012-02-29", 
        "operating_revenue": 1083512, 
        "accumulated_operating_revenue": 1988762, 
        "long_term_average": 994381, 
        "short_term_average": 994381
    }, 
    {
        "date": "2012-03-31", 
        "operating_revenue": 1374514, 
        "accumulated_operating_revenue": 3363276, 
        "long_term_average": 1121092, 
        "short_term_average": 1121092
    }, 
    {
        "date": "2012-04-30", 
        "operating_revenue": 980674, 
        "accumulated_operating_revenue": 4343950, 
        "long_term_average": 1085987, 
        "short_term_average": 1146233
    }, 
    {
        "date": "2012-05-31", 
        "operating_revenue": 1076950, 
        "accumulated_operating_revenue": 5420900, 
        "long_term_average": 1084180, 
        "short_term_average": 1144046
    }, 
    {
        "date": "2012-06-30", 
        "operating_revenue": 908188, 
        "accumulated_operating_revenue": 6329088, 
        "long_term_average": 1054848, 
        "short_term_average": 988604
    }, 
    {
        "date": "2012-07-31", 
        "operating_revenue": 1108765, 
        "accumulated_operating_revenue": 7437853, 
        "long_term_average": 1062550, 
        "short_term_average": 1031301
    }, 
    {
        "date": "2012-08-31", 
        "operating_revenue": 1052595, 
        "accumulated_operating_revenue": 8490448, 
        "long_term_average": 1061306, 
        "short_term_average": 1023182
    }, 
    {
        "date": "2012-09-30", 
        "operating_revenue": 994835, 
        "accumulated_operating_revenue": 9485283, 
        "long_term_average": 1053920, 
        "short_term_average": 1052065
    }, 
    {
        "date": "2012-10-31", 
        "operating_revenue": 1030426, 
        "accumulated_operating_revenue": 10515709, 
        "long_term_average": 1051570, 
        "short_term_average": 1025952
    }, 
    {
        "date": "2012-11-30", 
        "operating_revenue": 794818, 
        "accumulated_operating_revenue": 11310527, 
        "long_term_average": 1028229, 
        "short_term_average": 940026
    }, 
    {
        "date": "2012-12-31", 
        "operating_revenue": 657266, 
        "accumulated_operating_revenue": 11967793, 
        "long_term_average": 997316, 
        "short_term_average": 827503
    }, 
    {
        "accumulated_operating_revenue_yoy": 10.361226180613091, 
        "accumulated_operating_revenue": 999045, 
        "long_term_average": 1005132, 
        "date": "2013-01-31", 
        "operating_revenue": 999045, 
        "short_term_average": 817043
    }, 
    {
        "accumulated_operating_revenue_yoy": -16.876177239911062, 
        "accumulated_operating_revenue": 1653135, 
        "long_term_average": 969347, 
        "date": "2013-02-28", 
        "operating_revenue": 654090, 
        "short_term_average": 770133
    }, 
    {
        "accumulated_operating_revenue_yoy": -9.701285294456952, 
        "accumulated_operating_revenue": 3036995, 
        "long_term_average": 970126, 
        "date": "2013-03-31", 
        "operating_revenue": 1383860, 
        "short_term_average": 1012331
    }, 
    {
        "accumulated_operating_revenue_yoy": -7.140413678794645, 
        "accumulated_operating_revenue": 4033774, 
        "long_term_average": 971468, 
        "date": "2013-04-30", 
        "operating_revenue": 996779, 
        "short_term_average": 1011576
    }, 
    {
        "accumulated_operating_revenue_yoy": -6.203840690660223, 
        "accumulated_operating_revenue": 5084596, 
        "long_term_average": 969290, 
        "date": "2013-05-31", 
        "operating_revenue": 1050822, 
        "short_term_average": 1143820
    }, 
    {
        "accumulated_operating_revenue_yoy": -3.173711599522712, 
        "accumulated_operating_revenue": 6128221, 
        "long_term_average": 980577, 
        "date": "2013-06-30", 
        "operating_revenue": 1043625, 
        "short_term_average": 1030408
    }, 
    {
        "accumulated_operating_revenue_yoy": -4.669990116771601, 
        "accumulated_operating_revenue": 7090506, 
        "long_term_average": 968370, 
        "date": "2013-07-31", 
        "operating_revenue": 962285, 
        "short_term_average": 1018910
    }, 
    {
        "accumulated_operating_revenue_yoy": -7.774842976483691, 
        "accumulated_operating_revenue": 7830329, 
        "long_term_average": 942306, 
        "date": "2013-08-31", 
        "operating_revenue": 739823, 
        "short_term_average": 915244
    }, 
    {
        "accumulated_operating_revenue_yoy": -7.999687515912809, 
        "accumulated_operating_revenue": 8726490, 
        "long_term_average": 934083, 
        "date": "2013-09-30", 
        "operating_revenue": 896161, 
        "short_term_average": 866089
    }, 
    {
        "accumulated_operating_revenue_yoy": -7.056747196028342, 
        "accumulated_operating_revenue": 9773642, 
        "long_term_average": 935477, 
        "date": "2013-10-31", 
        "operating_revenue": 1047152, 
        "short_term_average": 894378
    }, 
    {
        "accumulated_operating_revenue_yoy": -6.124710192548942, 
        "accumulated_operating_revenue": 10617790, 
        "long_term_average": 939588, 
        "date": "2013-11-30", 
        "operating_revenue": 844148, 
        "short_term_average": 929153
    }, 
    {
        "accumulated_operating_revenue_yoy": -5.396341664666158, 
        "accumulated_operating_revenue": 11321970, 
        "long_term_average": 943497, 
        "date": "2013-12-31", 
        "operating_revenue": 704180, 
        "short_term_average": 865160
    }, 
    {
        "accumulated_operating_revenue_yoy": 12.575809898453022, 
        "accumulated_operating_revenue": 1124683, 
        "long_term_average": 953967, 
        "date": "2014-01-31", 
        "operating_revenue": 1124683, 
        "short_term_average": 891003
    }, 
    {
        "accumulated_operating_revenue_yoy": 16.00577085356005, 
        "accumulated_operating_revenue": 1917732, 
        "long_term_average": 965547, 
        "date": "2014-02-28", 
        "operating_revenue": 793049, 
        "short_term_average": 873970
    }, 
    {
        "accumulated_operating_revenue_yoy": 0.3744820126473702, 
        "accumulated_operating_revenue": 3048368, 
        "long_term_average": 944445, 
        "date": "2014-03-31", 
        "operating_revenue": 1130636, 
        "short_term_average": 1016122
    }, 
    {
        "accumulated_operating_revenue_yoy": -1.215586197937713, 
        "accumulated_operating_revenue": 3984740, 
        "long_term_average": 939411, 
        "date": "2014-04-30", 
        "operating_revenue": 936372, 
        "short_term_average": 953352
    }, 
    {
        "accumulated_operating_revenue_yoy": -5.6492000544389365, 
        "accumulated_operating_revenue": 4797357, 
        "long_term_average": 919560, 
        "date": "2014-05-31", 
        "operating_revenue": 812617, 
        "short_term_average": 959875
    }, 
    {
        "accumulated_operating_revenue_yoy": -5.986027592673306, 
        "accumulated_operating_revenue": 5761384, 
        "long_term_average": 912927, 
        "date": "2014-06-30", 
        "operating_revenue": 964027, 
        "short_term_average": 904338
    }, 
    {
        "accumulated_operating_revenue_yoy": -5.758714540259891, 
        "accumulated_operating_revenue": 6682184, 
        "long_term_average": 909470, 
        "date": "2014-07-31", 
        "operating_revenue": 920800, 
        "short_term_average": 899148
    }, 
    {
        "accumulated_operating_revenue_yoy": -2.409962595441392, 
        "accumulated_operating_revenue": 7641621, 
        "long_term_average": 927771, 
        "date": "2014-08-31", 
        "operating_revenue": 959437, 
        "short_term_average": 948088
    }, 
    {
        "accumulated_operating_revenue_yoy": -0.143138879434916, 
        "accumulated_operating_revenue": 8713999, 
        "long_term_average": 942456, 
        "date": "2014-09-30", 
        "operating_revenue": 1072378, 
        "short_term_average": 984205
    }, 
    {
        "accumulated_operating_revenue_yoy": -1.7711923559303688, 
        "accumulated_operating_revenue": 9600532, 
        "long_term_average": 929071, 
        "date": "2014-10-31", 
        "operating_revenue": 886533, 
        "short_term_average": 972782
    }, 
    {
        "accumulated_operating_revenue_yoy": -2.0077718621295015, 
        "accumulated_operating_revenue": 10404609, 
        "long_term_average": 925732, 
        "date": "2014-11-30", 
        "operating_revenue": 804077, 
        "short_term_average": 920996
    }, 
    {
        "accumulated_operating_revenue_yoy": -2.176167221782075, 
        "accumulated_operating_revenue": 11075585, 
        "long_term_average": 922965, 
        "date": "2014-12-31", 
        "operating_revenue": 670976, 
        "short_term_average": 787195
    }, 
    {
        "accumulated_operating_revenue_yoy": -7.3596737925264275, 
        "accumulated_operating_revenue": 1041910, 
        "long_term_average": 916067, 
        "date": "2015-01-31", 
        "operating_revenue": 1041910, 
        "short_term_average": 838987
    }, 
    {
        "accumulated_operating_revenue_yoy": -11.587385515807213, 
        "accumulated_operating_revenue": 1695517, 
        "long_term_average": 904447, 
        "date": "2015-02-28", 
        "operating_revenue": 653607, 
        "short_term_average": 788831
    }, 
    {
        "accumulated_operating_revenue_yoy": -10.993029712948044, 
        "accumulated_operating_revenue": 2713260, 
        "long_term_average": 895039, 
        "date": "2015-03-31", 
        "operating_revenue": 1017743, 
        "short_term_average": 904420
    }, 
    {
        "accumulated_operating_revenue_yoy": -8.201262817649333, 
        "accumulated_operating_revenue": 3657941, 
        "long_term_average": 895732, 
        "date": "2015-04-30", 
        "operating_revenue": 944681, 
        "short_term_average": 872010
    }, 
    {
        "accumulated_operating_revenue_yoy": -2.4497655688330053, 
        "accumulated_operating_revenue": 4679833, 
        "long_term_average": 913171, 
        "date": "2015-05-31", 
        "operating_revenue": 1021892, 
        "short_term_average": 994772
    }, 
    {
        "accumulated_operating_revenue_yoy": -6.652116921906265, 
        "accumulated_operating_revenue": 5378130, 
        "long_term_average": 891027, 
        "date": "2015-06-30", 
        "operating_revenue": 698297, 
        "short_term_average": 888290
    }, 
    {
        "accumulated_operating_revenue_yoy": -8.829164237321212, 
        "accumulated_operating_revenue": 6092203, 
        "long_term_average": 873800, 
        "date": "2015-07-31", 
        "operating_revenue": 714073, 
        "short_term_average": 811420
    }, 
    {
        "accumulated_operating_revenue_yoy": -12.398861445758694, 
        "accumulated_operating_revenue": 6694147, 
        "long_term_average": 844009, 
        "date": "2015-08-31", 
        "operating_revenue": 601944, 
        "short_term_average": 671438
    }, 
    {
        "accumulated_operating_revenue_yoy": -16.24601976658478, 
        "accumulated_operating_revenue": 7298321, 
        "long_term_average": 804992, 
        "date": "2015-09-30", 
        "operating_revenue": 604174, 
        "short_term_average": 640063
    }
]