[
    {
        "date": "2012-01-31", 
        "operating_revenue": 1106759, 
        "accumulated_operating_revenue": 1106759, 
        "long_term_average": 1106759, 
        "short_term_average": 1106759
    }, 
    {
        "date": "2012-02-29", 
        "operating_revenue": 1254216, 
        "accumulated_operating_revenue": 2360975, 
        "long_term_average": 1180487, 
        "short_term_average": 1180487
    }, 
    {
        "date": "2012-03-31", 
        "operating_revenue": 1443826, 
        "accumulated_operating_revenue": 3804801, 
        "long_term_average": 1268267, 
        "short_term_average": 1268267
    }, 
    {
        "date": "2012-04-30", 
        "operating_revenue": 1030940, 
        "accumulated_operating_revenue": 4835741, 
        "long_term_average": 1208935, 
        "short_term_average": 1242994
    }, 
    {
        "date": "2012-05-31", 
        "operating_revenue": 1213007, 
        "accumulated_operating_revenue": 6048748, 
        "long_term_average": 1209749, 
        "short_term_average": 1229257
    }, 
    {
        "date": "2012-06-30", 
        "operating_revenue": 959053, 
        "accumulated_operating_revenue": 7007801, 
        "long_term_average": 1167966, 
        "short_term_average": 1067666
    }, 
    {
        "date": "2012-07-31", 
        "operating_revenue": 1047595, 
        "accumulated_operating_revenue": 8055396, 
        "long_term_average": 1150770, 
        "short_term_average": 1073218
    }, 
    {
        "date": "2012-08-31", 
        "operating_revenue": 976382, 
        "accumulated_operating_revenue": 9031778, 
        "long_term_average": 1128972, 
        "short_term_average": 994343
    }, 
    {
        "date": "2012-09-30", 
        "operating_revenue": 1036309, 
        "accumulated_operating_revenue": 10068087, 
        "long_term_average": 1118676, 
        "short_term_average": 1020095
    }, 
    {
        "date": "2012-10-31", 
        "operating_revenue": 1183215, 
        "accumulated_operating_revenue": 11251302, 
        "long_term_average": 1125130, 
        "short_term_average": 1065302
    }, 
    {
        "date": "2012-11-30", 
        "operating_revenue": 1185941, 
        "accumulated_operating_revenue": 12437243, 
        "long_term_average": 1130658, 
        "short_term_average": 1135155
    }, 
    {
        "date": "2012-12-31", 
        "operating_revenue": 973594, 
        "accumulated_operating_revenue": 13410837, 
        "long_term_average": 1117569, 
        "short_term_average": 1114250
    }, 
    {
        "accumulated_operating_revenue_yoy": 21.829052214619445, 
        "accumulated_operating_revenue": 1348354, 
        "long_term_average": 1137702, 
        "date": "2013-01-31", 
        "operating_revenue": 1348354, 
        "short_term_average": 1169296
    }, 
    {
        "accumulated_operating_revenue_yoy": 4.041720052097121, 
        "accumulated_operating_revenue": 2456399, 
        "long_term_average": 1125521, 
        "date": "2013-02-28", 
        "operating_revenue": 1108045, 
        "short_term_average": 1143331
    }, 
    {
        "accumulated_operating_revenue_yoy": -6.829976127529402, 
        "accumulated_operating_revenue": 3544934, 
        "long_term_average": 1095914, 
        "date": "2013-03-31", 
        "operating_revenue": 1088535, 
        "short_term_average": 1181644
    }, 
    {
        "accumulated_operating_revenue_yoy": -0.43184694961951026, 
        "accumulated_operating_revenue": 4814858, 
        "long_term_average": 1115829, 
        "date": "2013-04-30", 
        "operating_revenue": 1269924, 
        "short_term_average": 1155501
    }, 
    {
        "accumulated_operating_revenue_yoy": -0.36179387866712254, 
        "accumulated_operating_revenue": 6026864, 
        "long_term_average": 1115746, 
        "date": "2013-05-31", 
        "operating_revenue": 1212006, 
        "short_term_average": 1190155
    }, 
    {
        "accumulated_operating_revenue_yoy": 2.262963802767801, 
        "accumulated_operating_revenue": 7166385, 
        "long_term_average": 1130785, 
        "date": "2013-06-30", 
        "operating_revenue": 1139521, 
        "short_term_average": 1207150
    }, 
    {
        "accumulated_operating_revenue_yoy": 8.459795148494251, 
        "accumulated_operating_revenue": 8736866, 
        "long_term_average": 1174358, 
        "date": "2013-07-31", 
        "operating_revenue": 1570481, 
        "short_term_average": 1307336
    }, 
    {
        "accumulated_operating_revenue_yoy": 11.835144752229295, 
        "accumulated_operating_revenue": 10100702, 
        "long_term_average": 1206646, 
        "date": "2013-08-31", 
        "operating_revenue": 1363836, 
        "short_term_average": 1357946
    }, 
    {
        "accumulated_operating_revenue_yoy": 14.163038122336447, 
        "accumulated_operating_revenue": 11494034, 
        "long_term_average": 1236398, 
        "date": "2013-09-30", 
        "operating_revenue": 1393332, 
        "short_term_average": 1442549
    }, 
    {
        "accumulated_operating_revenue_yoy": 13.679954551037737, 
        "accumulated_operating_revenue": 12790475, 
        "long_term_average": 1245834, 
        "date": "2013-10-31", 
        "operating_revenue": 1296441, 
        "short_term_average": 1351203
    }, 
    {
        "accumulated_operating_revenue_yoy": 13.18249550965596, 
        "accumulated_operating_revenue": 14076782, 
        "long_term_average": 1254198, 
        "date": "2013-11-30", 
        "operating_revenue": 1286307, 
        "short_term_average": 1325360
    }, 
    {
        "accumulated_operating_revenue_yoy": 15.085561027995492, 
        "accumulated_operating_revenue": 15433937, 
        "long_term_average": 1286161, 
        "date": "2013-12-31", 
        "operating_revenue": 1357155, 
        "short_term_average": 1313301
    }, 
    {
        "accumulated_operating_revenue_yoy": -6.8484240785431725, 
        "accumulated_operating_revenue": 1256013, 
        "long_term_average": 1278466, 
        "date": "2014-01-31", 
        "operating_revenue": 1256013, 
        "short_term_average": 1299825
    }, 
    {
        "accumulated_operating_revenue_yoy": -3.720079677609379, 
        "accumulated_operating_revenue": 2365019, 
        "long_term_average": 1278546, 
        "date": "2014-02-28", 
        "operating_revenue": 1109006, 
        "short_term_average": 1240724
    }, 
    {
        "accumulated_operating_revenue_yoy": 1.6726404497234646, 
        "accumulated_operating_revenue": 3604228, 
        "long_term_average": 1291102, 
        "date": "2014-03-31", 
        "operating_revenue": 1239209, 
        "short_term_average": 1201409
    }, 
    {
        "accumulated_operating_revenue_yoy": 1.2930599407085317, 
        "accumulated_operating_revenue": 4877117, 
        "long_term_average": 1291349, 
        "date": "2014-04-30", 
        "operating_revenue": 1272889, 
        "short_term_average": 1207034
    }, 
    {
        "accumulated_operating_revenue_yoy": 1.8020317033867033, 
        "accumulated_operating_revenue": 6135470, 
        "long_term_average": 1295211, 
        "date": "2014-05-31", 
        "operating_revenue": 1258353, 
        "short_term_average": 1256817
    }, 
    {
        "accumulated_operating_revenue_yoy": 4.1350136784445715, 
        "accumulated_operating_revenue": 7462716, 
        "long_term_average": 1310855, 
        "date": "2014-06-30", 
        "operating_revenue": 1327246, 
        "short_term_average": 1286162
    }, 
    {
        "accumulated_operating_revenue_yoy": -0.3048461542159397, 
        "accumulated_operating_revenue": 8710232, 
        "long_term_average": 1283941, 
        "date": "2014-07-31", 
        "operating_revenue": 1247516, 
        "short_term_average": 1277705
    }, 
    {
        "accumulated_operating_revenue_yoy": -2.733651581840549, 
        "accumulated_operating_revenue": 9824584, 
        "long_term_average": 1263151, 
        "date": "2014-08-31", 
        "operating_revenue": 1114352, 
        "short_term_average": 1229704
    }, 
    {
        "accumulated_operating_revenue_yoy": -6.448423590882017, 
        "accumulated_operating_revenue": 10752850, 
        "long_term_average": 1224396, 
        "date": "2014-09-30", 
        "operating_revenue": 928266, 
        "short_term_average": 1096711
    }, 
    {
        "accumulated_operating_revenue_yoy": -8.332513061477389, 
        "accumulated_operating_revenue": 11724707, 
        "long_term_average": 1197347, 
        "date": "2014-10-31", 
        "operating_revenue": 971857, 
        "short_term_average": 1004825
    }, 
    {
        "accumulated_operating_revenue_yoy": -8.296754187143057, 
        "accumulated_operating_revenue": 12908866, 
        "long_term_average": 1188835, 
        "date": "2014-11-30", 
        "operating_revenue": 1184159, 
        "short_term_average": 1028094
    }, 
    {
        "accumulated_operating_revenue_yoy": -8.472258244931284, 
        "accumulated_operating_revenue": 14126334, 
        "long_term_average": 1177194, 
        "date": "2014-12-31", 
        "operating_revenue": 1217468, 
        "short_term_average": 1124494
    }, 
    {
        "accumulated_operating_revenue_yoy": -41.66445729462991, 
        "accumulated_operating_revenue": 732702, 
        "long_term_average": 1133585, 
        "date": "2015-01-31", 
        "operating_revenue": 732702, 
        "short_term_average": 1044776
    }, 
    {
        "accumulated_operating_revenue_yoy": -37.50346191721927, 
        "accumulated_operating_revenue": 1478055, 
        "long_term_average": 1103280, 
        "date": "2015-02-28", 
        "operating_revenue": 745353, 
        "short_term_average": 898507
    }, 
    {
        "accumulated_operating_revenue_yoy": -21.204984812281577, 
        "accumulated_operating_revenue": 2839952, 
        "long_term_average": 1113504, 
        "date": "2015-03-31", 
        "operating_revenue": 1361897, 
        "short_term_average": 946650
    }, 
    {
        "accumulated_operating_revenue_yoy": -12.80836609004869, 
        "accumulated_operating_revenue": 4252438, 
        "long_term_average": 1125137, 
        "date": "2015-04-30", 
        "operating_revenue": 1412486, 
        "short_term_average": 1173245
    }, 
    {
        "accumulated_operating_revenue_yoy": -8.363923220225997, 
        "accumulated_operating_revenue": 5622304, 
        "long_term_average": 1134430, 
        "date": "2015-05-31", 
        "operating_revenue": 1369866, 
        "short_term_average": 1381416
    }, 
    {
        "accumulated_operating_revenue_yoy": -7.403578000288367, 
        "accumulated_operating_revenue": 6910208, 
        "long_term_average": 1131152, 
        "date": "2015-06-30", 
        "operating_revenue": 1287904, 
        "short_term_average": 1356752
    }, 
    {
        "accumulated_operating_revenue_yoy": -7.425129433980633, 
        "accumulated_operating_revenue": 8063486, 
        "long_term_average": 1123299, 
        "date": "2015-07-31", 
        "operating_revenue": 1153278, 
        "short_term_average": 1270349
    }, 
    {
        "accumulated_operating_revenue_yoy": -5.802199869226015, 
        "accumulated_operating_revenue": 9254542, 
        "long_term_average": 1129691, 
        "date": "2015-08-31", 
        "operating_revenue": 1191056, 
        "short_term_average": 1210746
    }
]