[
    {
        "date": "2012-01-31", 
        "operating_revenue": 512089, 
        "accumulated_operating_revenue": 512089, 
        "long_term_average": 512089, 
        "short_term_average": 512089
    }, 
    {
        "date": "2012-02-29", 
        "operating_revenue": 648108, 
        "accumulated_operating_revenue": 1160197, 
        "long_term_average": 580098, 
        "short_term_average": 580098
    }, 
    {
        "date": "2012-03-31", 
        "operating_revenue": 729919, 
        "accumulated_operating_revenue": 1890116, 
        "long_term_average": 630038, 
        "short_term_average": 630038
    }, 
    {
        "date": "2012-04-30", 
        "operating_revenue": 748292, 
        "accumulated_operating_revenue": 2638408, 
        "long_term_average": 659602, 
        "short_term_average": 708773
    }, 
    {
        "date": "2012-05-31", 
        "operating_revenue": 717480, 
        "accumulated_operating_revenue": 3355888, 
        "long_term_average": 671177, 
        "short_term_average": 731897
    }, 
    {
        "date": "2012-06-30", 
        "operating_revenue": 634829, 
        "accumulated_operating_revenue": 3990717, 
        "long_term_average": 665119, 
        "short_term_average": 700200
    }, 
    {
        "date": "2012-07-31", 
        "operating_revenue": 690680, 
        "accumulated_operating_revenue": 4681397, 
        "long_term_average": 668771, 
        "short_term_average": 680996
    }, 
    {
        "date": "2012-08-31", 
        "operating_revenue": 726223, 
        "accumulated_operating_revenue": 5407620, 
        "long_term_average": 675952, 
        "short_term_average": 683910
    }, 
    {
        "date": "2012-09-30", 
        "operating_revenue": 673376, 
        "accumulated_operating_revenue": 6080996, 
        "long_term_average": 675666, 
        "short_term_average": 696759
    }, 
    {
        "date": "2012-10-31", 
        "operating_revenue": 691474, 
        "accumulated_operating_revenue": 6772470, 
        "long_term_average": 677247, 
        "short_term_average": 697024
    }, 
    {
        "date": "2012-11-30", 
        "operating_revenue": 670665, 
        "accumulated_operating_revenue": 7443135, 
        "long_term_average": 676648, 
        "short_term_average": 678505
    }, 
    {
        "date": "2012-12-31", 
        "operating_revenue": 568908, 
        "accumulated_operating_revenue": 8012043, 
        "long_term_average": 667670, 
        "short_term_average": 643682
    }, 
    {
        "accumulated_operating_revenue_yoy": 35.025356920379075, 
        "accumulated_operating_revenue": 691450, 
        "long_term_average": 682617, 
        "date": "2013-01-31", 
        "operating_revenue": 691450, 
        "short_term_average": 643674
    }, 
    {
        "accumulated_operating_revenue_yoy": 6.8821932826925085, 
        "accumulated_operating_revenue": 1240044, 
        "long_term_average": 674324, 
        "date": "2013-02-28", 
        "operating_revenue": 548594, 
        "short_term_average": 602984
    }, 
    {
        "accumulated_operating_revenue_yoy": 4.1383703434074945, 
        "accumulated_operating_revenue": 1968336, 
        "long_term_average": 674188, 
        "date": "2013-03-31", 
        "operating_revenue": 728292, 
        "short_term_average": 656112
    }, 
    {
        "accumulated_operating_revenue_yoy": 5.083027340729713, 
        "accumulated_operating_revenue": 2772519, 
        "long_term_average": 678846, 
        "date": "2013-04-30", 
        "operating_revenue": 804183, 
        "short_term_average": 693689
    }, 
    {
        "accumulated_operating_revenue_yoy": 6.267134064068884, 
        "accumulated_operating_revenue": 3566206, 
        "long_term_average": 685196, 
        "date": "2013-05-31", 
        "operating_revenue": 793687, 
        "short_term_average": 775387
    }, 
    {
        "accumulated_operating_revenue_yoy": 6.512689323748089, 
        "accumulated_operating_revenue": 4250620, 
        "long_term_average": 689328, 
        "date": "2013-06-30", 
        "operating_revenue": 684414, 
        "short_term_average": 760761
    }, 
    {
        "accumulated_operating_revenue_yoy": 6.119498089993222, 
        "accumulated_operating_revenue": 4967875, 
        "long_term_average": 691543, 
        "date": "2013-07-31", 
        "operating_revenue": 717255, 
        "short_term_average": 731785
    }, 
    {
        "accumulated_operating_revenue_yoy": 6.0701935417059625, 
        "accumulated_operating_revenue": 5735873, 
        "long_term_average": 695024, 
        "date": "2013-08-31", 
        "operating_revenue": 767998, 
        "short_term_average": 723222
    }, 
    {
        "accumulated_operating_revenue_yoy": 6.629062081277475, 
        "accumulated_operating_revenue": 6484109, 
        "long_term_average": 701263, 
        "date": "2013-09-30", 
        "operating_revenue": 748236, 
        "short_term_average": 744496
    }, 
    {
        "accumulated_operating_revenue_yoy": 6.768490668840172, 
        "accumulated_operating_revenue": 7230864, 
        "long_term_average": 705869, 
        "date": "2013-10-31", 
        "operating_revenue": 746755, 
        "short_term_average": 754329
    }, 
    {
        "accumulated_operating_revenue_yoy": 6.9662447342416876, 
        "accumulated_operating_revenue": 7961642, 
        "long_term_average": 710879, 
        "date": "2013-11-30", 
        "operating_revenue": 730778, 
        "short_term_average": 741923
    }, 
    {
        "accumulated_operating_revenue_yoy": 9.489115323020608, 
        "accumulated_operating_revenue": 8772315, 
        "long_term_average": 731026, 
        "date": "2013-12-31", 
        "operating_revenue": 810673, 
        "short_term_average": 762735
    }, 
    {
        "accumulated_operating_revenue_yoy": 14.537999855376382, 
        "accumulated_operating_revenue": 791973, 
        "long_term_average": 739403, 
        "date": "2014-01-31", 
        "operating_revenue": 791973, 
        "short_term_average": 777808
    }, 
    {
        "accumulated_operating_revenue_yoy": 20.097351384305718, 
        "accumulated_operating_revenue": 1489260, 
        "long_term_average": 751794, 
        "date": "2014-02-28", 
        "operating_revenue": 697287, 
        "short_term_average": 766644
    }, 
    {
        "accumulated_operating_revenue_yoy": 19.116299249721592, 
        "accumulated_operating_revenue": 2344609, 
        "long_term_average": 762382, 
        "date": "2014-03-31", 
        "operating_revenue": 855349, 
        "short_term_average": 781536
    }, 
    {
        "accumulated_operating_revenue_yoy": 20.341465649108265, 
        "accumulated_operating_revenue": 3336490, 
        "long_term_average": 778023, 
        "date": "2014-04-30", 
        "operating_revenue": 991881, 
        "short_term_average": 848172
    }, 
    {
        "accumulated_operating_revenue_yoy": 20.885417163226126, 
        "accumulated_operating_revenue": 4311023, 
        "long_term_average": 793094, 
        "date": "2014-05-31", 
        "operating_revenue": 974533, 
        "short_term_average": 940587
    }, 
    {
        "accumulated_operating_revenue_yoy": 22.04233735313907, 
        "accumulated_operating_revenue": 5187556, 
        "long_term_average": 809104, 
        "date": "2014-06-30", 
        "operating_revenue": 876533, 
        "short_term_average": 947649
    }, 
    {
        "accumulated_operating_revenue_yoy": 21.89078831492338, 
        "accumulated_operating_revenue": 6055382, 
        "long_term_average": 821651, 
        "date": "2014-07-31", 
        "operating_revenue": 867826, 
        "short_term_average": 906297
    }, 
    {
        "accumulated_operating_revenue_yoy": 19.307645061179006, 
        "accumulated_operating_revenue": 6843335, 
        "long_term_average": 823314, 
        "date": "2014-08-31", 
        "operating_revenue": 787953, 
        "short_term_average": 844104
    }, 
    {
        "accumulated_operating_revenue_yoy": 16.929434714931535, 
        "accumulated_operating_revenue": 7581832, 
        "long_term_average": 822503, 
        "date": "2014-09-30", 
        "operating_revenue": 738497, 
        "short_term_average": 798092
    }, 
    {
        "accumulated_operating_revenue_yoy": 15.302583481033524, 
        "accumulated_operating_revenue": 8337373, 
        "long_term_average": 823235, 
        "date": "2014-10-31", 
        "operating_revenue": 755541, 
        "short_term_average": 760663
    }, 
    {
        "accumulated_operating_revenue_yoy": 14.095823449484415, 
        "accumulated_operating_revenue": 9083901, 
        "long_term_average": 824547, 
        "date": "2014-11-30", 
        "operating_revenue": 746528, 
        "short_term_average": 746855
    }, 
    {
        "accumulated_operating_revenue_yoy": 12.84973236825171, 
        "accumulated_operating_revenue": 9899534, 
        "long_term_average": 824961, 
        "date": "2014-12-31", 
        "operating_revenue": 815633, 
        "short_term_average": 772567
    }, 
    {
        "accumulated_operating_revenue_yoy": 2.3262156664431743, 
        "accumulated_operating_revenue": 810396, 
        "long_term_average": 826496, 
        "date": "2015-01-31", 
        "operating_revenue": 810396, 
        "short_term_average": 790852
    }, 
    {
        "accumulated_operating_revenue_yoy": -1.269019513046748, 
        "accumulated_operating_revenue": 1470361, 
        "long_term_average": 823386, 
        "date": "2015-02-28", 
        "operating_revenue": 659965, 
        "short_term_average": 761998
    }, 
    {
        "accumulated_operating_revenue_yoy": 3.7744033226862137, 
        "accumulated_operating_revenue": 2433104, 
        "long_term_average": 832335, 
        "date": "2015-03-31", 
        "operating_revenue": 962743, 
        "short_term_average": 811034
    }, 
    {
        "accumulated_operating_revenue_yoy": 1.0326420879427183, 
        "accumulated_operating_revenue": 3370944, 
        "long_term_average": 827832, 
        "date": "2015-04-30", 
        "operating_revenue": 937840, 
        "short_term_average": 853516
    }, 
    {
        "accumulated_operating_revenue_yoy": -4.928157423423628, 
        "accumulated_operating_revenue": 4098569, 
        "long_term_average": 807256, 
        "date": "2015-05-31", 
        "operating_revenue": 727625, 
        "short_term_average": 876069
    }, 
    {
        "accumulated_operating_revenue_yoy": -5.599072087125421, 
        "accumulated_operating_revenue": 4897101, 
        "long_term_average": 800756, 
        "date": "2015-06-30", 
        "operating_revenue": 798532, 
        "short_term_average": 821332
    }, 
    {
        "accumulated_operating_revenue_yoy": -5.369339209318256, 
        "accumulated_operating_revenue": 5730248, 
        "long_term_average": 797866, 
        "date": "2015-07-31", 
        "operating_revenue": 833147, 
        "short_term_average": 786434
    }, 
    {
        "accumulated_operating_revenue_yoy": -6.364791435754643, 
        "accumulated_operating_revenue": 6407771, 
        "long_term_average": 788664, 
        "date": "2015-08-31", 
        "operating_revenue": 677523, 
        "short_term_average": 769734
    }
]