[
    {
        "date": "2012-01-31", 
        "operating_revenue": 1019914, 
        "accumulated_operating_revenue": 1019914, 
        "long_term_average": 1019914, 
        "short_term_average": 1019914
    }, 
    {
        "date": "2012-02-29", 
        "operating_revenue": 1026646, 
        "accumulated_operating_revenue": 2046560, 
        "long_term_average": 1023280, 
        "short_term_average": 1023280
    }, 
    {
        "date": "2012-03-31", 
        "operating_revenue": 1337540, 
        "accumulated_operating_revenue": 3384100, 
        "long_term_average": 1128033, 
        "short_term_average": 1128033
    }, 
    {
        "date": "2012-04-30", 
        "operating_revenue": 1159076, 
        "accumulated_operating_revenue": 4543176, 
        "long_term_average": 1135794, 
        "short_term_average": 1174420
    }, 
    {
        "date": "2012-05-31", 
        "operating_revenue": 1097733, 
        "accumulated_operating_revenue": 5640909, 
        "long_term_average": 1128181, 
        "short_term_average": 1198116
    }, 
    {
        "date": "2012-06-30", 
        "operating_revenue": 1236396, 
        "accumulated_operating_revenue": 6877305, 
        "long_term_average": 1146217, 
        "short_term_average": 1164401
    }, 
    {
        "date": "2012-07-31", 
        "operating_revenue": 1005558, 
        "accumulated_operating_revenue": 7882863, 
        "long_term_average": 1126123, 
        "short_term_average": 1113229
    }, 
    {
        "date": "2012-08-31", 
        "operating_revenue": 1171612, 
        "accumulated_operating_revenue": 9054475, 
        "long_term_average": 1131809, 
        "short_term_average": 1137855
    }, 
    {
        "date": "2012-09-30", 
        "operating_revenue": 1508147, 
        "accumulated_operating_revenue": 10562622, 
        "long_term_average": 1173624, 
        "short_term_average": 1228439
    }, 
    {
        "date": "2012-10-31", 
        "operating_revenue": 1268990, 
        "accumulated_operating_revenue": 11831612, 
        "long_term_average": 1183161, 
        "short_term_average": 1316249
    }, 
    {
        "date": "2012-11-30", 
        "operating_revenue": 1231855, 
        "accumulated_operating_revenue": 13063467, 
        "long_term_average": 1187587, 
        "short_term_average": 1336330
    }, 
    {
        "date": "2012-12-31", 
        "operating_revenue": 1158585, 
        "accumulated_operating_revenue": 14222052, 
        "long_term_average": 1185171, 
        "short_term_average": 1219810
    }, 
    {
        "accumulated_operating_revenue_yoy": 37.38432848259755, 
        "accumulated_operating_revenue": 1401202, 
        "long_term_average": 1216945, 
        "date": "2013-01-31", 
        "operating_revenue": 1401202, 
        "short_term_average": 1263880
    }, 
    {
        "accumulated_operating_revenue_yoy": 21.90275388945352, 
        "accumulated_operating_revenue": 2494813, 
        "long_term_average": 1222525, 
        "date": "2013-02-28", 
        "operating_revenue": 1093611, 
        "short_term_average": 1217799
    }, 
    {
        "accumulated_operating_revenue_yoy": 11.84805413551609, 
        "accumulated_operating_revenue": 3785050, 
        "long_term_average": 1218583, 
        "date": "2013-03-31", 
        "operating_revenue": 1290237, 
        "short_term_average": 1261683
    }, 
    {
        "accumulated_operating_revenue_yoy": 11.995837273308364, 
        "accumulated_operating_revenue": 5088168, 
        "long_term_average": 1230587, 
        "date": "2013-04-30", 
        "operating_revenue": 1303118, 
        "short_term_average": 1228988
    }, 
    {
        "accumulated_operating_revenue_yoy": 13.241146063515648, 
        "accumulated_operating_revenue": 6387830, 
        "long_term_average": 1247414, 
        "date": "2013-05-31", 
        "operating_revenue": 1299662, 
        "short_term_average": 1297672
    }, 
    {
        "accumulated_operating_revenue_yoy": 9.760785656590771, 
        "accumulated_operating_revenue": 7548584, 
        "long_term_average": 1241110, 
        "date": "2013-06-30", 
        "operating_revenue": 1160754, 
        "short_term_average": 1254511
    }, 
    {
        "accumulated_operating_revenue_yoy": 10.782300796043264, 
        "accumulated_operating_revenue": 8732817, 
        "long_term_average": 1256000, 
        "date": "2013-07-31", 
        "operating_revenue": 1184233, 
        "short_term_average": 1214883
    }, 
    {
        "accumulated_operating_revenue_yoy": 12.769707796421107, 
        "accumulated_operating_revenue": 10210705, 
        "long_term_average": 1281523, 
        "date": "2013-08-31", 
        "operating_revenue": 1477888, 
        "short_term_average": 1274291
    }, 
    {
        "accumulated_operating_revenue_yoy": 11.070859110550392, 
        "accumulated_operating_revenue": 11731995, 
        "long_term_average": 1282618, 
        "date": "2013-09-30", 
        "operating_revenue": 1521290, 
        "short_term_average": 1394470
    }, 
    {
        "accumulated_operating_revenue_yoy": 11.239220826375982, 
        "accumulated_operating_revenue": 13161393, 
        "long_term_average": 1295986, 
        "date": "2013-10-31", 
        "operating_revenue": 1429398, 
        "short_term_average": 1476192
    }, 
    {
        "accumulated_operating_revenue_yoy": 10.031609526016332, 
        "accumulated_operating_revenue": 14373943, 
        "long_term_average": 1294377, 
        "date": "2013-11-30", 
        "operating_revenue": 1212550, 
        "short_term_average": 1387746
    }, 
    {
        "accumulated_operating_revenue_yoy": 10.53670736121623, 
        "accumulated_operating_revenue": 15720588, 
        "long_term_average": 1310049, 
        "date": "2013-12-31", 
        "operating_revenue": 1346645, 
        "short_term_average": 1329531
    }, 
    {
        "accumulated_operating_revenue_yoy": 5.754773401693688, 
        "accumulated_operating_revenue": 1481838, 
        "long_term_average": 1316768, 
        "date": "2014-01-31", 
        "operating_revenue": 1481838, 
        "short_term_average": 1347011
    }, 
    {
        "accumulated_operating_revenue_yoy": 7.7210997377358535, 
        "accumulated_operating_revenue": 2687440, 
        "long_term_average": 1326101, 
        "date": "2014-02-28", 
        "operating_revenue": 1205602, 
        "short_term_average": 1344695
    }, 
    {
        "accumulated_operating_revenue_yoy": 14.746912194026498, 
        "accumulated_operating_revenue": 4343228, 
        "long_term_average": 1356563, 
        "date": "2014-03-31", 
        "operating_revenue": 1655788, 
        "short_term_average": 1447742
    }, 
    {
        "accumulated_operating_revenue_yoy": 15.766814303301304, 
        "accumulated_operating_revenue": 5890410, 
        "long_term_average": 1376902, 
        "date": "2014-04-30", 
        "operating_revenue": 1547182, 
        "short_term_average": 1469524
    }, 
    {
        "accumulated_operating_revenue_yoy": 15.366892982436914, 
        "accumulated_operating_revenue": 7369441, 
        "long_term_average": 1391849, 
        "date": "2014-05-31", 
        "operating_revenue": 1479031, 
        "short_term_average": 1560667
    }, 
    {
        "accumulated_operating_revenue_yoy": 16.83254766721812, 
        "accumulated_operating_revenue": 8819203, 
        "long_term_average": 1415933, 
        "date": "2014-06-30", 
        "operating_revenue": 1449762, 
        "short_term_average": 1491991
    }, 
    {
        "accumulated_operating_revenue_yoy": 16.18150248654014, 
        "accumulated_operating_revenue": 10145918, 
        "long_term_average": 1427807, 
        "date": "2014-07-31", 
        "operating_revenue": 1326715, 
        "short_term_average": 1418502
    }, 
    {
        "accumulated_operating_revenue_yoy": 12.879825633979241, 
        "accumulated_operating_revenue": 11525826, 
        "long_term_average": 1419642, 
        "date": "2014-08-31", 
        "operating_revenue": 1379908, 
        "short_term_average": 1385461
    }, 
    {
        "accumulated_operating_revenue_yoy": 12.034364146933237, 
        "accumulated_operating_revenue": 13143866, 
        "long_term_average": 1427704, 
        "date": "2014-09-30", 
        "operating_revenue": 1618040, 
        "short_term_average": 1441554
    }, 
    {
        "accumulated_operating_revenue_yoy": 10.865969886318265, 
        "accumulated_operating_revenue": 14591506, 
        "long_term_average": 1429225, 
        "date": "2014-10-31", 
        "operating_revenue": 1447640, 
        "short_term_average": 1481862
    }, 
    {
        "accumulated_operating_revenue_yoy": 10.179287617879103, 
        "accumulated_operating_revenue": 15837108, 
        "long_term_average": 1431979, 
        "date": "2014-11-30", 
        "operating_revenue": 1245602, 
        "short_term_average": 1437094
    }, 
    {
        "accumulated_operating_revenue_yoy": 9.968431206262768, 
        "accumulated_operating_revenue": 17287684, 
        "long_term_average": 1440640, 
        "date": "2014-12-31", 
        "operating_revenue": 1450576, 
        "short_term_average": 1381272
    }, 
    {
        "accumulated_operating_revenue_yoy": -9.427616244150846, 
        "accumulated_operating_revenue": 1342136, 
        "long_term_average": 1428998, 
        "date": "2015-01-31", 
        "operating_revenue": 1342136, 
        "short_term_average": 1346104
    }, 
    {
        "accumulated_operating_revenue_yoy": 3.926673711785193, 
        "accumulated_operating_revenue": 2792967, 
        "long_term_average": 1449434, 
        "date": "2015-02-28", 
        "operating_revenue": 1450831, 
        "short_term_average": 1414514
    }, 
    {
        "accumulated_operating_revenue_yoy": 8.469944474478428, 
        "accumulated_operating_revenue": 4711097, 
        "long_term_average": 1471296, 
        "date": "2015-03-31", 
        "operating_revenue": 1918130, 
        "short_term_average": 1570365
    }, 
    {
        "accumulated_operating_revenue_yoy": 4.241147899721751, 
        "accumulated_operating_revenue": 6140231, 
        "long_term_average": 1461458, 
        "date": "2015-04-30", 
        "operating_revenue": 1429134, 
        "short_term_average": 1599365
    }, 
    {
        "accumulated_operating_revenue_yoy": 3.719155903412484, 
        "accumulated_operating_revenue": 7643522, 
        "long_term_average": 1463480, 
        "date": "2015-05-31", 
        "operating_revenue": 1503291, 
        "short_term_average": 1616851
    }, 
    {
        "accumulated_operating_revenue_yoy": 3.93565042101877, 
        "accumulated_operating_revenue": 9166296, 
        "long_term_average": 1469564, 
        "date": "2015-06-30", 
        "operating_revenue": 1522774, 
        "short_term_average": 1485066
    }, 
    {
        "accumulated_operating_revenue_yoy": 3.2872629169681837, 
        "accumulated_operating_revenue": 10479441, 
        "long_term_average": 1468433, 
        "date": "2015-07-31", 
        "operating_revenue": 1313145, 
        "short_term_average": 1446403
    }, 
    {
        "accumulated_operating_revenue_yoy": 3.8734490699408446, 
        "accumulated_operating_revenue": 11972273, 
        "long_term_average": 1477844, 
        "date": "2015-08-31", 
        "operating_revenue": 1492832, 
        "short_term_average": 1442917
    }
]