[
    {
        "date": "2012-01-31", 
        "operating_revenue": 41299, 
        "accumulated_operating_revenue": 41299, 
        "long_term_average": 41299, 
        "short_term_average": 41299
    }, 
    {
        "date": "2012-02-29", 
        "operating_revenue": 47781, 
        "accumulated_operating_revenue": 89080, 
        "long_term_average": 44540, 
        "short_term_average": 44540
    }, 
    {
        "date": "2012-03-31", 
        "operating_revenue": 61314, 
        "accumulated_operating_revenue": 150394, 
        "long_term_average": 50131, 
        "short_term_average": 50131
    }, 
    {
        "date": "2012-04-30", 
        "operating_revenue": 55951, 
        "accumulated_operating_revenue": 206345, 
        "long_term_average": 51586, 
        "short_term_average": 55015
    }, 
    {
        "date": "2012-05-31", 
        "operating_revenue": 59991, 
        "accumulated_operating_revenue": 266336, 
        "long_term_average": 53267, 
        "short_term_average": 59085
    }, 
    {
        "date": "2012-06-30", 
        "operating_revenue": 51224, 
        "accumulated_operating_revenue": 317560, 
        "long_term_average": 52926, 
        "short_term_average": 55722
    }, 
    {
        "date": "2012-07-31", 
        "operating_revenue": 45172, 
        "accumulated_operating_revenue": 362732, 
        "long_term_average": 51818, 
        "short_term_average": 52129
    }, 
    {
        "date": "2012-08-31", 
        "operating_revenue": 58812, 
        "accumulated_operating_revenue": 421544, 
        "long_term_average": 52693, 
        "short_term_average": 51736
    }, 
    {
        "date": "2012-09-30", 
        "operating_revenue": 49224, 
        "accumulated_operating_revenue": 470768, 
        "long_term_average": 52307, 
        "short_term_average": 51069
    }, 
    {
        "date": "2012-10-31", 
        "operating_revenue": 62748, 
        "accumulated_operating_revenue": 533516, 
        "long_term_average": 53351, 
        "short_term_average": 56928
    }, 
    {
        "date": "2012-11-30", 
        "operating_revenue": 58613, 
        "accumulated_operating_revenue": 592129, 
        "long_term_average": 53829, 
        "short_term_average": 56861
    }, 
    {
        "date": "2012-12-31", 
        "operating_revenue": 58722, 
        "accumulated_operating_revenue": 650851, 
        "long_term_average": 54237, 
        "short_term_average": 60027
    }, 
    {
        "accumulated_operating_revenue_yoy": 54.989224920700266, 
        "accumulated_operating_revenue": 64009, 
        "long_term_average": 56130, 
        "date": "2013-01-31", 
        "operating_revenue": 64009, 
        "short_term_average": 60448
    }, 
    {
        "accumulated_operating_revenue_yoy": 14.089582397844632, 
        "accumulated_operating_revenue": 101631, 
        "long_term_average": 55283, 
        "date": "2013-02-28", 
        "operating_revenue": 37622, 
        "short_term_average": 53451
    }, 
    {
        "accumulated_operating_revenue_yoy": 9.446520472891205, 
        "accumulated_operating_revenue": 164601, 
        "long_term_average": 55421, 
        "date": "2013-03-31", 
        "operating_revenue": 62970, 
        "short_term_average": 54867
    }, 
    {
        "accumulated_operating_revenue_yoy": 7.891637791078049, 
        "accumulated_operating_revenue": 222629, 
        "long_term_average": 55594, 
        "date": "2013-04-30", 
        "operating_revenue": 58028, 
        "short_term_average": 52873
    }, 
    {
        "accumulated_operating_revenue_yoy": 6.608194160759341, 
        "accumulated_operating_revenue": 283936, 
        "long_term_average": 55704, 
        "date": "2013-05-31", 
        "operating_revenue": 61307, 
        "short_term_average": 60768
    }, 
    {
        "accumulated_operating_revenue_yoy": 3.2708779443254814, 
        "accumulated_operating_revenue": 327947, 
        "long_term_average": 55103, 
        "date": "2013-06-30", 
        "operating_revenue": 44011, 
        "short_term_average": 54448
    }, 
    {
        "accumulated_operating_revenue_yoy": 5.156148340923878, 
        "accumulated_operating_revenue": 381435, 
        "long_term_average": 55796, 
        "date": "2013-07-31", 
        "operating_revenue": 53488, 
        "short_term_average": 52935
    }, 
    {
        "accumulated_operating_revenue_yoy": 4.211659992788416, 
        "accumulated_operating_revenue": 439298, 
        "long_term_average": 55717, 
        "date": "2013-08-31", 
        "operating_revenue": 57863, 
        "short_term_average": 51787
    }, 
    {
        "accumulated_operating_revenue_yoy": 4.429570404105632, 
        "accumulated_operating_revenue": 491621, 
        "long_term_average": 55975, 
        "date": "2013-09-30", 
        "operating_revenue": 52323, 
        "short_term_average": 54558
    }, 
    {
        "accumulated_operating_revenue_yoy": 3.8055091131287537, 
        "accumulated_operating_revenue": 553819, 
        "long_term_average": 55929, 
        "date": "2013-10-31", 
        "operating_revenue": 62198, 
        "short_term_average": 57461
    }, 
    {
        "accumulated_operating_revenue_yoy": 2.1917521350921843, 
        "accumulated_operating_revenue": 605107, 
        "long_term_average": 55319, 
        "date": "2013-11-30", 
        "operating_revenue": 51288, 
        "short_term_average": 55269
    }, 
    {
        "accumulated_operating_revenue_yoy": 1.4642368222527122, 
        "accumulated_operating_revenue": 660381, 
        "long_term_average": 55031, 
        "date": "2013-12-31", 
        "operating_revenue": 55274, 
        "short_term_average": 56253
    }, 
    {
        "accumulated_operating_revenue_yoy": -8.23946632504804, 
        "accumulated_operating_revenue": 58735, 
        "long_term_average": 54592, 
        "date": "2014-01-31", 
        "operating_revenue": 58735, 
        "short_term_average": 55099
    }, 
    {
        "accumulated_operating_revenue_yoy": 6.499001288976788, 
        "accumulated_operating_revenue": 108236, 
        "long_term_average": 55582, 
        "date": "2014-02-28", 
        "operating_revenue": 49501, 
        "short_term_average": 54503
    }, 
    {
        "accumulated_operating_revenue_yoy": 3.4258601102058917, 
        "accumulated_operating_revenue": 170240, 
        "long_term_average": 55501, 
        "date": "2014-03-31", 
        "operating_revenue": 62004, 
        "short_term_average": 56746
    }, 
    {
        "accumulated_operating_revenue_yoy": 3.703470796706629, 
        "accumulated_operating_revenue": 230874, 
        "long_term_average": 55718, 
        "date": "2014-04-30", 
        "operating_revenue": 60634, 
        "short_term_average": 57379
    }, 
    {
        "accumulated_operating_revenue_yoy": 3.8160007889101766, 
        "accumulated_operating_revenue": 294771, 
        "long_term_average": 55934, 
        "date": "2014-05-31", 
        "operating_revenue": 63897, 
        "short_term_average": 62178
    }, 
    {
        "accumulated_operating_revenue_yoy": 6.540995953614456, 
        "accumulated_operating_revenue": 349398, 
        "long_term_average": 56819, 
        "date": "2014-06-30", 
        "operating_revenue": 54627, 
        "short_term_average": 59719
    }, 
    {
        "accumulated_operating_revenue_yoy": 9.838635678424895, 
        "accumulated_operating_revenue": 418963, 
        "long_term_average": 58159, 
        "date": "2014-07-31", 
        "operating_revenue": 69565, 
        "short_term_average": 62696
    }, 
    {
        "accumulated_operating_revenue_yoy": 10.389530569226356, 
        "accumulated_operating_revenue": 484939, 
        "long_term_average": 58835, 
        "date": "2014-08-31", 
        "operating_revenue": 65976, 
        "short_term_average": 63389
    }, 
    {
        "accumulated_operating_revenue_yoy": 11.495033776018518, 
        "accumulated_operating_revenue": 548133, 
        "long_term_average": 59741, 
        "date": "2014-09-30", 
        "operating_revenue": 63194, 
        "short_term_average": 66245
    }, 
    {
        "accumulated_operating_revenue_yoy": 10.53466926920167, 
        "accumulated_operating_revenue": 612162, 
        "long_term_average": 59893, 
        "date": "2014-10-31", 
        "operating_revenue": 64029, 
        "short_term_average": 64399
    }, 
    {
        "accumulated_operating_revenue_yoy": 11.617614735906212, 
        "accumulated_operating_revenue": 675406, 
        "long_term_average": 60890, 
        "date": "2014-11-30", 
        "operating_revenue": 63244, 
        "short_term_average": 63489
    }, 
    {
        "accumulated_operating_revenue_yoy": 13.386211898888673, 
        "accumulated_operating_revenue": 748781, 
        "long_term_average": 62398, 
        "date": "2014-12-31", 
        "operating_revenue": 73375, 
        "short_term_average": 66882
    }, 
    {
        "accumulated_operating_revenue_yoy": 17.616412701115177, 
        "accumulated_operating_revenue": 69082, 
        "long_term_average": 63260, 
        "date": "2015-01-31", 
        "operating_revenue": 69082, 
        "short_term_average": 68567
    }, 
    {
        "accumulated_operating_revenue_yoy": 4.654643556672457, 
        "accumulated_operating_revenue": 113274, 
        "long_term_average": 62818, 
        "date": "2015-02-28", 
        "operating_revenue": 44192, 
        "short_term_average": 62216
    }, 
    {
        "accumulated_operating_revenue_yoy": 11.601268796992482, 
        "accumulated_operating_revenue": 189990, 
        "long_term_average": 64044, 
        "date": "2015-03-31", 
        "operating_revenue": 76716, 
        "short_term_average": 63330
    }, 
    {
        "accumulated_operating_revenue_yoy": 13.08982388662214, 
        "accumulated_operating_revenue": 261095, 
        "long_term_average": 64916, 
        "date": "2015-04-30", 
        "operating_revenue": 71105, 
        "short_term_average": 64004
    }, 
    {
        "accumulated_operating_revenue_yoy": 8.349532348840286, 
        "accumulated_operating_revenue": 319383, 
        "long_term_average": 64449, 
        "date": "2015-05-31", 
        "operating_revenue": 58288, 
        "short_term_average": 68703
    }, 
    {
        "accumulated_operating_revenue_yoy": 7.199812248495984, 
        "accumulated_operating_revenue": 374554, 
        "long_term_average": 64494, 
        "date": "2015-06-30", 
        "operating_revenue": 55171, 
        "short_term_average": 61521
    }, 
    {
        "accumulated_operating_revenue_yoy": 2.8818773972880662, 
        "accumulated_operating_revenue": 431037, 
        "long_term_average": 63404, 
        "date": "2015-07-31", 
        "operating_revenue": 56483, 
        "short_term_average": 56647
    }, 
    {
        "accumulated_operating_revenue_yoy": -2.628990450345301, 
        "accumulated_operating_revenue": 472190, 
        "long_term_average": 61336, 
        "date": "2015-08-31", 
        "operating_revenue": 41153, 
        "short_term_average": 50935
    }, 
    {
        "accumulated_operating_revenue_yoy": -4.8314916270321255, 
        "accumulated_operating_revenue": 521650, 
        "long_term_average": 60191, 
        "date": "2015-09-30", 
        "operating_revenue": 49460, 
        "short_term_average": 49032
    }
]