[
    {
        "date": "2012-01-31", 
        "operating_revenue": 3159799, 
        "accumulated_operating_revenue": 3159799, 
        "long_term_average": 3159799, 
        "short_term_average": 3159799
    }, 
    {
        "date": "2012-02-29", 
        "operating_revenue": 3394561, 
        "accumulated_operating_revenue": 6554360, 
        "long_term_average": 3277180, 
        "short_term_average": 3277180
    }, 
    {
        "date": "2012-03-31", 
        "operating_revenue": 4408684, 
        "accumulated_operating_revenue": 10963044, 
        "long_term_average": 3654348, 
        "short_term_average": 3654348
    }, 
    {
        "date": "2012-04-30", 
        "operating_revenue": 4031075, 
        "accumulated_operating_revenue": 14994119, 
        "long_term_average": 3748529, 
        "short_term_average": 3944773
    }, 
    {
        "date": "2012-05-31", 
        "operating_revenue": 4792037, 
        "accumulated_operating_revenue": 19786156, 
        "long_term_average": 3957231, 
        "short_term_average": 4410598
    }, 
    {
        "date": "2012-06-30", 
        "operating_revenue": 4848091, 
        "accumulated_operating_revenue": 24634247, 
        "long_term_average": 4105707, 
        "short_term_average": 4557067
    }, 
    {
        "date": "2012-07-31", 
        "operating_revenue": 3264928, 
        "accumulated_operating_revenue": 27899175, 
        "long_term_average": 3985596, 
        "short_term_average": 4301685
    }, 
    {
        "date": "2012-08-31", 
        "operating_revenue": 4268826, 
        "accumulated_operating_revenue": 32168001, 
        "long_term_average": 4021000, 
        "short_term_average": 4127281
    }, 
    {
        "date": "2012-09-30", 
        "operating_revenue": 3686759, 
        "accumulated_operating_revenue": 35854760, 
        "long_term_average": 3983862, 
        "short_term_average": 3740171
    }, 
    {
        "date": "2012-10-31", 
        "operating_revenue": 3231964, 
        "accumulated_operating_revenue": 39086724, 
        "long_term_average": 3908672, 
        "short_term_average": 3729183
    }, 
    {
        "date": "2012-11-30", 
        "operating_revenue": 3220292, 
        "accumulated_operating_revenue": 42307016, 
        "long_term_average": 3846092, 
        "short_term_average": 3379671
    }, 
    {
        "date": "2012-12-31", 
        "operating_revenue": 3712742, 
        "accumulated_operating_revenue": 46019758, 
        "long_term_average": 3834979, 
        "short_term_average": 3388332
    }, 
    {
        "accumulated_operating_revenue_yoy": 11.957469446632524, 
        "accumulated_operating_revenue": 3537631, 
        "long_term_average": 3866465, 
        "date": "2013-01-31", 
        "operating_revenue": 3537631, 
        "short_term_average": 3490221
    }, 
    {
        "accumulated_operating_revenue_yoy": 14.01331327543803, 
        "accumulated_operating_revenue": 7472843, 
        "long_term_average": 3911520, 
        "date": "2013-02-28", 
        "operating_revenue": 3935212, 
        "short_term_average": 3728528
    }, 
    {
        "accumulated_operating_revenue_yoy": 6.804296324998786, 
        "accumulated_operating_revenue": 11709002, 
        "long_term_average": 3897143, 
        "date": "2013-03-31", 
        "operating_revenue": 4236159, 
        "short_term_average": 3903000
    }, 
    {
        "accumulated_operating_revenue_yoy": 6.702107673014999, 
        "accumulated_operating_revenue": 15999041, 
        "long_term_average": 3918723, 
        "date": "2013-04-30", 
        "operating_revenue": 4290039, 
        "short_term_average": 4153803
    }, 
    {
        "accumulated_operating_revenue_yoy": 1.1839035333593853, 
        "accumulated_operating_revenue": 20020405, 
        "long_term_average": 3854500, 
        "date": "2013-05-31", 
        "operating_revenue": 4021364, 
        "short_term_average": 4182520
    }, 
    {
        "accumulated_operating_revenue_yoy": 0.029994827932024876, 
        "accumulated_operating_revenue": 24641636, 
        "long_term_average": 3835595, 
        "date": "2013-06-30", 
        "operating_revenue": 4621231, 
        "short_term_average": 4310878
    }, 
    {
        "accumulated_operating_revenue_yoy": 0.9812118100266406, 
        "accumulated_operating_revenue": 28172925, 
        "long_term_average": 3857792, 
        "date": "2013-07-31", 
        "operating_revenue": 3531289, 
        "short_term_average": 4057961
    }, 
    {
        "accumulated_operating_revenue_yoy": 2.892535970761752, 
        "accumulated_operating_revenue": 33098472, 
        "long_term_average": 3912519, 
        "date": "2013-08-31", 
        "operating_revenue": 4925547, 
        "short_term_average": 4359355
    }, 
    {
        "accumulated_operating_revenue_yoy": 4.775664374827778, 
        "accumulated_operating_revenue": 37567063, 
        "long_term_average": 3977671, 
        "date": "2013-09-30", 
        "operating_revenue": 4468591, 
        "short_term_average": 4308475
    }, 
    {
        "accumulated_operating_revenue_yoy": 11.533018218666777, 
        "accumulated_operating_revenue": 43594603, 
        "long_term_average": 4210636, 
        "date": "2013-10-31", 
        "operating_revenue": 6027540, 
        "short_term_average": 5140559
    }, 
    {
        "accumulated_operating_revenue_yoy": 15.361258283968787, 
        "accumulated_operating_revenue": 48805906, 
        "long_term_average": 4376554, 
        "date": "2013-11-30", 
        "operating_revenue": 5211303, 
        "short_term_average": 5235811
    }, 
    {
        "accumulated_operating_revenue_yoy": 18.86707661522253, 
        "accumulated_operating_revenue": 54702341, 
        "long_term_average": 4558528, 
        "date": "2013-12-31", 
        "operating_revenue": 5896435, 
        "short_term_average": 5711759
    }, 
    {
        "accumulated_operating_revenue_yoy": 50.184374797710674, 
        "accumulated_operating_revenue": 5312969, 
        "long_term_average": 4706473, 
        "date": "2014-01-31", 
        "operating_revenue": 5312969, 
        "short_term_average": 5473569
    }, 
    {
        "accumulated_operating_revenue_yoy": 17.209929340145376, 
        "accumulated_operating_revenue": 8758914, 
        "long_term_average": 4665701, 
        "date": "2014-02-28", 
        "operating_revenue": 3445945, 
        "short_term_average": 4885116
    }, 
    {
        "accumulated_operating_revenue_yoy": 17.387878147087175, 
        "accumulated_operating_revenue": 13744949, 
        "long_term_average": 4728190, 
        "date": "2014-03-31", 
        "operating_revenue": 4986035, 
        "short_term_average": 4581649
    }, 
    {
        "accumulated_operating_revenue_yoy": 19.601887388125323, 
        "accumulated_operating_revenue": 19135155, 
        "long_term_average": 4819871, 
        "date": "2014-04-30", 
        "operating_revenue": 5390206, 
        "short_term_average": 4607395
    }, 
    {
        "accumulated_operating_revenue_yoy": 19.800763271272483, 
        "accumulated_operating_revenue": 23984598, 
        "long_term_average": 4888877, 
        "date": "2014-05-31", 
        "operating_revenue": 4849443, 
        "short_term_average": 5075228
    }, 
    {
        "accumulated_operating_revenue_yoy": 14.716088655801912, 
        "accumulated_operating_revenue": 28267921, 
        "long_term_average": 4860718, 
        "date": "2014-06-30", 
        "operating_revenue": 4283323, 
        "short_term_average": 4840990
    }, 
    {
        "accumulated_operating_revenue_yoy": 14.06673251002514, 
        "accumulated_operating_revenue": 32135935, 
        "long_term_average": 4888779, 
        "date": "2014-07-31", 
        "operating_revenue": 3868014, 
        "short_term_average": 4333593
    }, 
    {
        "accumulated_operating_revenue_yoy": 10.515980918998315, 
        "accumulated_operating_revenue": 36579101, 
        "long_term_average": 4848580, 
        "date": "2014-08-31", 
        "operating_revenue": 4443166, 
        "short_term_average": 4198167
    }, 
    {
        "accumulated_operating_revenue_yoy": 10.02773360270405, 
        "accumulated_operating_revenue": 41334188, 
        "long_term_average": 4872455, 
        "date": "2014-09-30", 
        "operating_revenue": 4755087, 
        "short_term_average": 4355422
    }, 
    {
        "accumulated_operating_revenue_yoy": 6.012131822831372, 
        "accumulated_operating_revenue": 46215568, 
        "long_term_average": 4776942, 
        "date": "2014-10-31", 
        "operating_revenue": 4881380, 
        "short_term_average": 4693211
    }, 
    {
        "accumulated_operating_revenue_yoy": 5.659290496523106, 
        "accumulated_operating_revenue": 51567974, 
        "long_term_average": 4788700, 
        "date": "2014-11-30", 
        "operating_revenue": 5352406, 
        "short_term_average": 4996291
    }, 
    {
        "accumulated_operating_revenue_yoy": 3.3579970553728224, 
        "accumulated_operating_revenue": 56539244, 
        "long_term_average": 4711603, 
        "date": "2014-12-31", 
        "operating_revenue": 4971270, 
        "short_term_average": 5068352
    }, 
    {
        "accumulated_operating_revenue_yoy": -19.184245193224353, 
        "accumulated_operating_revenue": 4293716, 
        "long_term_average": 4626665, 
        "date": "2015-01-31", 
        "operating_revenue": 4293716, 
        "short_term_average": 4872464
    }, 
    {
        "accumulated_operating_revenue_yoy": -14.795110444057332, 
        "accumulated_operating_revenue": 7463023, 
        "long_term_average": 4603612, 
        "date": "2015-02-28", 
        "operating_revenue": 3169307, 
        "short_term_average": 4144764
    }, 
    {
        "accumulated_operating_revenue_yoy": -16.780251421813205, 
        "accumulated_operating_revenue": 11438512, 
        "long_term_average": 4519400, 
        "date": "2015-03-31", 
        "operating_revenue": 3975489, 
        "short_term_average": 3812837
    }, 
    {
        "accumulated_operating_revenue_yoy": -20.43582610122573, 
        "accumulated_operating_revenue": 15224728, 
        "long_term_average": 4385734, 
        "date": "2015-04-30", 
        "operating_revenue": 3786216, 
        "short_term_average": 3643670
    }, 
    {
        "accumulated_operating_revenue_yoy": -24.842938789301368, 
        "accumulated_operating_revenue": 18026119, 
        "long_term_average": 4215063, 
        "date": "2015-05-31", 
        "operating_revenue": 2801391, 
        "short_term_average": 3521032
    }, 
    {
        "accumulated_operating_revenue_yoy": -25.245867922158123, 
        "accumulated_operating_revenue": 21131439, 
        "long_term_average": 4116896, 
        "date": "2015-06-30", 
        "operating_revenue": 3105320, 
        "short_term_average": 3230975
    }, 
    {
        "accumulated_operating_revenue_yoy": -21.87456191954583, 
        "accumulated_operating_revenue": 25106340, 
        "long_term_average": 4125804, 
        "date": "2015-07-31", 
        "operating_revenue": 3974901, 
        "short_term_average": 3293870
    }, 
    {
        "accumulated_operating_revenue_yoy": -23.575694219494352, 
        "accumulated_operating_revenue": 27955324, 
        "long_term_average": 3992955, 
        "date": "2015-08-31", 
        "operating_revenue": 2848984, 
        "short_term_average": 3309735
    }, 
    {
        "accumulated_operating_revenue_yoy": -26.560841112930532, 
        "accumulated_operating_revenue": 30355480, 
        "long_term_average": 3796711, 
        "date": "2015-09-30", 
        "operating_revenue": 2400156, 
        "short_term_average": 3074680
    }
]