[
    {
        "date": "2012-01-31", 
        "operating_revenue": 694776, 
        "accumulated_operating_revenue": 694776, 
        "long_term_average": 694776, 
        "short_term_average": 694776
    }, 
    {
        "date": "2012-02-29", 
        "operating_revenue": 824075, 
        "accumulated_operating_revenue": 1518851, 
        "long_term_average": 759425, 
        "short_term_average": 759425
    }, 
    {
        "date": "2012-03-31", 
        "operating_revenue": 907980, 
        "accumulated_operating_revenue": 2426831, 
        "long_term_average": 808943, 
        "short_term_average": 808943
    }, 
    {
        "date": "2012-04-30", 
        "operating_revenue": 878501, 
        "accumulated_operating_revenue": 3305332, 
        "long_term_average": 826333, 
        "short_term_average": 870185
    }, 
    {
        "date": "2012-05-31", 
        "operating_revenue": 928927, 
        "accumulated_operating_revenue": 4234259, 
        "long_term_average": 846851, 
        "short_term_average": 905136
    }, 
    {
        "date": "2012-06-30", 
        "operating_revenue": 881067, 
        "accumulated_operating_revenue": 5115326, 
        "long_term_average": 852554, 
        "short_term_average": 896165
    }, 
    {
        "date": "2012-07-31", 
        "operating_revenue": 842452, 
        "accumulated_operating_revenue": 5957778, 
        "long_term_average": 851111, 
        "short_term_average": 884148
    }, 
    {
        "date": "2012-08-31", 
        "operating_revenue": 851105, 
        "accumulated_operating_revenue": 6808883, 
        "long_term_average": 851110, 
        "short_term_average": 858208
    }, 
    {
        "date": "2012-09-30", 
        "operating_revenue": 689602, 
        "accumulated_operating_revenue": 7498485, 
        "long_term_average": 833165, 
        "short_term_average": 794386
    }, 
    {
        "date": "2012-10-31", 
        "operating_revenue": 824377, 
        "accumulated_operating_revenue": 8322862, 
        "long_term_average": 832286, 
        "short_term_average": 788361
    }, 
    {
        "date": "2012-11-30", 
        "operating_revenue": 859922, 
        "accumulated_operating_revenue": 9182784, 
        "long_term_average": 834798, 
        "short_term_average": 791300
    }, 
    {
        "date": "2012-12-31", 
        "operating_revenue": 781155, 
        "accumulated_operating_revenue": 9963939, 
        "long_term_average": 830328, 
        "short_term_average": 821818
    }, 
    {
        "accumulated_operating_revenue_yoy": 23.19366241781524, 
        "accumulated_operating_revenue": 855920, 
        "long_term_average": 843756, 
        "date": "2013-01-31", 
        "operating_revenue": 855920, 
        "short_term_average": 832332
    }, 
    {
        "accumulated_operating_revenue_yoy": -0.8133780074543191, 
        "accumulated_operating_revenue": 1506497, 
        "long_term_average": 829298, 
        "date": "2013-02-28", 
        "operating_revenue": 650577, 
        "short_term_average": 762550
    }, 
    {
        "accumulated_operating_revenue_yoy": -1.5577928582583624, 
        "accumulated_operating_revenue": 2389026, 
        "long_term_average": 827177, 
        "date": "2013-03-31", 
        "operating_revenue": 882529, 
        "short_term_average": 796342
    }, 
    {
        "accumulated_operating_revenue_yoy": -0.7568679938959233, 
        "accumulated_operating_revenue": 3280315, 
        "long_term_average": 828243, 
        "date": "2013-04-30", 
        "operating_revenue": 891289, 
        "short_term_average": 808131
    }, 
    {
        "accumulated_operating_revenue_yoy": -0.03389022731013856, 
        "accumulated_operating_revenue": 4232824, 
        "long_term_average": 830208, 
        "date": "2013-05-31", 
        "operating_revenue": 952509, 
        "short_term_average": 908775
    }, 
    {
        "accumulated_operating_revenue_yoy": 0.34232422332418305, 
        "accumulated_operating_revenue": 5132837, 
        "long_term_average": 831787, 
        "date": "2013-06-30", 
        "operating_revenue": 900013, 
        "short_term_average": 914603
    }, 
    {
        "accumulated_operating_revenue_yoy": 0.7205874404853622, 
        "accumulated_operating_revenue": 6000709, 
        "long_term_average": 833905, 
        "date": "2013-07-31", 
        "operating_revenue": 867872, 
        "short_term_average": 906798
    }, 
    {
        "accumulated_operating_revenue_yoy": 1.2263538674405186, 
        "accumulated_operating_revenue": 6892384, 
        "long_term_average": 837286, 
        "date": "2013-08-31", 
        "operating_revenue": 891675, 
        "short_term_average": 886520
    }, 
    {
        "accumulated_operating_revenue_yoy": 3.9097764415078515, 
        "accumulated_operating_revenue": 7791659, 
        "long_term_average": 854759, 
        "date": "2013-09-30", 
        "operating_revenue": 899275, 
        "short_term_average": 886274
    }, 
    {
        "accumulated_operating_revenue_yoy": 4.394606086223705, 
        "accumulated_operating_revenue": 8688619, 
        "long_term_average": 860808, 
        "date": "2013-10-31", 
        "operating_revenue": 896960, 
        "short_term_average": 895970
    }, 
    {
        "accumulated_operating_revenue_yoy": 4.645497487472209, 
        "accumulated_operating_revenue": 9609370, 
        "long_term_average": 865877, 
        "date": "2013-11-30", 
        "operating_revenue": 920751, 
        "short_term_average": 905662
    }, 
    {
        "accumulated_operating_revenue_yoy": 5.575224818216972, 
        "accumulated_operating_revenue": 10519451, 
        "long_term_average": 876620, 
        "date": "2013-12-31", 
        "operating_revenue": 910081, 
        "short_term_average": 909264
    }, 
    {
        "accumulated_operating_revenue_yoy": 8.620314982708663, 
        "accumulated_operating_revenue": 929703, 
        "long_term_average": 882769, 
        "date": "2014-01-31", 
        "operating_revenue": 929703, 
        "short_term_average": 920178
    }, 
    {
        "accumulated_operating_revenue_yoy": 15.003813482535977, 
        "accumulated_operating_revenue": 1732529, 
        "long_term_average": 895456, 
        "date": "2014-02-28", 
        "operating_revenue": 802826, 
        "short_term_average": 880870
    }, 
    {
        "accumulated_operating_revenue_yoy": 13.181480653622021, 
        "accumulated_operating_revenue": 2703935, 
        "long_term_average": 902863, 
        "date": "2014-03-31", 
        "operating_revenue": 971406, 
        "short_term_average": 901311
    }, 
    {
        "accumulated_operating_revenue_yoy": 11.888004658089239, 
        "accumulated_operating_revenue": 3670279, 
        "long_term_average": 909117, 
        "date": "2014-04-30", 
        "operating_revenue": 966344, 
        "short_term_average": 913525
    }, 
    {
        "accumulated_operating_revenue_yoy": 9.90227800636171, 
        "accumulated_operating_revenue": 4651970, 
        "long_term_average": 911549, 
        "date": "2014-05-31", 
        "operating_revenue": 981691, 
        "short_term_average": 973147
    }, 
    {
        "accumulated_operating_revenue_yoy": 8.696029116061936, 
        "accumulated_operating_revenue": 5579190, 
        "long_term_average": 913817, 
        "date": "2014-06-30", 
        "operating_revenue": 927220, 
        "short_term_average": 958418
    }, 
    {
        "accumulated_operating_revenue_yoy": 12.324177026414713, 
        "accumulated_operating_revenue": 6740247, 
        "long_term_average": 938249, 
        "date": "2014-07-31", 
        "operating_revenue": 1161057, 
        "short_term_average": 1023322
    }, 
    {
        "accumulated_operating_revenue_yoy": 14.468070844572791, 
        "accumulated_operating_revenue": 7889579, 
        "long_term_average": 959720, 
        "date": "2014-08-31", 
        "operating_revenue": 1149332, 
        "short_term_average": 1079203
    }, 
    {
        "accumulated_operating_revenue_yoy": 15.86037068614014, 
        "accumulated_operating_revenue": 9027445, 
        "long_term_average": 979603, 
        "date": "2014-09-30", 
        "operating_revenue": 1137866, 
        "short_term_average": 1149418
    }, 
    {
        "accumulated_operating_revenue_yoy": 13.949777289118098, 
        "accumulated_operating_revenue": 9900662, 
        "long_term_average": 977624, 
        "date": "2014-10-31", 
        "operating_revenue": 873217, 
        "short_term_average": 1053471
    }, 
    {
        "accumulated_operating_revenue_yoy": 12.245620680648159, 
        "accumulated_operating_revenue": 10786097, 
        "long_term_average": 974681, 
        "date": "2014-11-30", 
        "operating_revenue": 885435, 
        "short_term_average": 965506
    }, 
    {
        "accumulated_operating_revenue_yoy": 11.569843331177644, 
        "accumulated_operating_revenue": 11736535, 
        "long_term_average": 978044, 
        "date": "2014-12-31", 
        "operating_revenue": 950438, 
        "short_term_average": 903030
    }, 
    {
        "accumulated_operating_revenue_yoy": 0.5485622827935372, 
        "accumulated_operating_revenue": 934803, 
        "long_term_average": 978469, 
        "date": "2015-01-31", 
        "operating_revenue": 934803, 
        "short_term_average": 923558
    }, 
    {
        "accumulated_operating_revenue_yoy": -7.784516161057044, 
        "accumulated_operating_revenue": 1597660, 
        "long_term_average": 966805, 
        "date": "2015-02-28", 
        "operating_revenue": 662857, 
        "short_term_average": 849366
    }, 
    {
        "accumulated_operating_revenue_yoy": -8.887528731274976, 
        "accumulated_operating_revenue": 2463622, 
        "long_term_average": 958018, 
        "date": "2015-03-31", 
        "operating_revenue": 865962, 
        "short_term_average": 821207
    }, 
    {
        "accumulated_operating_revenue_yoy": -7.640999498948172, 
        "accumulated_operating_revenue": 3389833, 
        "long_term_average": 954674, 
        "date": "2015-04-30", 
        "operating_revenue": 926211, 
        "short_term_average": 818343
    }, 
    {
        "accumulated_operating_revenue_yoy": -7.626510919030002, 
        "accumulated_operating_revenue": 4297187, 
        "long_term_average": 948479, 
        "date": "2015-05-31", 
        "operating_revenue": 907354, 
        "short_term_average": 899842
    }, 
    {
        "accumulated_operating_revenue_yoy": -7.743382103853786, 
        "accumulated_operating_revenue": 5147172, 
        "long_term_average": 942043, 
        "date": "2015-06-30", 
        "operating_revenue": 849985, 
        "short_term_average": 894516
    }, 
    {
        "accumulated_operating_revenue_yoy": -8.662086122363172, 
        "accumulated_operating_revenue": 6156401, 
        "long_term_average": 929390, 
        "date": "2015-07-31", 
        "operating_revenue": 1009229, 
        "short_term_average": 922189
    }, 
    {
        "accumulated_operating_revenue_yoy": -8.951288782329197, 
        "accumulated_operating_revenue": 7183360, 
        "long_term_average": 919193, 
        "date": "2015-08-31", 
        "operating_revenue": 1026959, 
        "short_term_average": 962057
    }, 
    {
        "accumulated_operating_revenue_yoy": -9.11070629618901, 
        "accumulated_operating_revenue": 8204981, 
        "long_term_average": 909505, 
        "date": "2015-09-30", 
        "operating_revenue": 1021621, 
        "short_term_average": 1019269
    }
]