[
    {
        "date": "2012-01-31", 
        "operating_revenue": 2063855, 
        "accumulated_operating_revenue": 2063855, 
        "long_term_average": 2063855, 
        "short_term_average": 2063855
    }, 
    {
        "date": "2012-02-29", 
        "operating_revenue": 2857048, 
        "accumulated_operating_revenue": 4920903, 
        "long_term_average": 2460451, 
        "short_term_average": 2460451
    }, 
    {
        "date": "2012-03-31", 
        "operating_revenue": 3355211, 
        "accumulated_operating_revenue": 8276114, 
        "long_term_average": 2758704, 
        "short_term_average": 2758704
    }, 
    {
        "date": "2012-04-30", 
        "operating_revenue": 3072882, 
        "accumulated_operating_revenue": 11348996, 
        "long_term_average": 2837249, 
        "short_term_average": 3095047
    }, 
    {
        "date": "2012-05-31", 
        "operating_revenue": 3131046, 
        "accumulated_operating_revenue": 14480042, 
        "long_term_average": 2896008, 
        "short_term_average": 3186379
    }, 
    {
        "date": "2012-06-30", 
        "operating_revenue": 2888474, 
        "accumulated_operating_revenue": 17368516, 
        "long_term_average": 2894752, 
        "short_term_average": 3030800
    }, 
    {
        "date": "2012-07-31", 
        "operating_revenue": 3054403, 
        "accumulated_operating_revenue": 20422919, 
        "long_term_average": 2917559, 
        "short_term_average": 3024641
    }, 
    {
        "date": "2012-08-31", 
        "operating_revenue": 3091627, 
        "accumulated_operating_revenue": 23514546, 
        "long_term_average": 2939318, 
        "short_term_average": 3011501
    }, 
    {
        "date": "2012-09-30", 
        "operating_revenue": 3190954, 
        "accumulated_operating_revenue": 26705500, 
        "long_term_average": 2967277, 
        "short_term_average": 3112328
    }, 
    {
        "date": "2012-10-31", 
        "operating_revenue": 3025015, 
        "accumulated_operating_revenue": 29730515, 
        "long_term_average": 2973051, 
        "short_term_average": 3102532
    }, 
    {
        "date": "2012-11-30", 
        "operating_revenue": 2921072, 
        "accumulated_operating_revenue": 32651587, 
        "long_term_average": 2968326, 
        "short_term_average": 3045680
    }, 
    {
        "date": "2012-12-31", 
        "operating_revenue": 2924961, 
        "accumulated_operating_revenue": 35576548, 
        "long_term_average": 2964712, 
        "short_term_average": 2957016
    }, 
    {
        "accumulated_operating_revenue_yoy": 52.18428620227681, 
        "accumulated_operating_revenue": 3140863, 
        "long_term_average": 3054463, 
        "date": "2013-01-31", 
        "operating_revenue": 3140863, 
        "short_term_average": 2995632
    }, 
    {
        "accumulated_operating_revenue_yoy": -1.2132326119819878, 
        "accumulated_operating_revenue": 4861201, 
        "long_term_average": 2959737, 
        "date": "2013-02-28", 
        "operating_revenue": 1720338, 
        "short_term_average": 2595387
    }, 
    {
        "accumulated_operating_revenue_yoy": -3.084998587501332, 
        "accumulated_operating_revenue": 8020796, 
        "long_term_average": 2943435, 
        "date": "2013-03-31", 
        "operating_revenue": 3159595, 
        "short_term_average": 2673598
    }, 
    {
        "accumulated_operating_revenue_yoy": 0.015719452187664882, 
        "accumulated_operating_revenue": 11350780, 
        "long_term_average": 2964861, 
        "date": "2013-04-30", 
        "operating_revenue": 3329984, 
        "short_term_average": 2736639
    }, 
    {
        "accumulated_operating_revenue_yoy": 1.7273361499918303, 
        "accumulated_operating_revenue": 14730161, 
        "long_term_average": 2985555, 
        "date": "2013-05-31", 
        "operating_revenue": 3379381, 
        "short_term_average": 3289653
    }, 
    {
        "accumulated_operating_revenue_yoy": 2.674390834542226, 
        "accumulated_operating_revenue": 17833018, 
        "long_term_average": 3003420, 
        "date": "2013-06-30", 
        "operating_revenue": 3102857, 
        "short_term_average": 3270740
    }, 
    {
        "accumulated_operating_revenue_yoy": 3.9875788568715373, 
        "accumulated_operating_revenue": 21237299, 
        "long_term_average": 3032577, 
        "date": "2013-07-31", 
        "operating_revenue": 3404281, 
        "short_term_average": 3295506
    }, 
    {
        "accumulated_operating_revenue_yoy": 4.67827020772589, 
        "accumulated_operating_revenue": 24614620, 
        "long_term_average": 3056385, 
        "date": "2013-08-31", 
        "operating_revenue": 3377321, 
        "short_term_average": 3294819
    }, 
    {
        "accumulated_operating_revenue_yoy": 5.08477654415757, 
        "accumulated_operating_revenue": 28063415, 
        "long_term_average": 3077871, 
        "date": "2013-09-30", 
        "operating_revenue": 3448795, 
        "short_term_average": 3410132
    }, 
    {
        "accumulated_operating_revenue_yoy": 5.516221296536572, 
        "accumulated_operating_revenue": 31370516, 
        "long_term_average": 3101379, 
        "date": "2013-10-31", 
        "operating_revenue": 3307101, 
        "short_term_average": 3377739
    }, 
    {
        "accumulated_operating_revenue_yoy": 6.620633784201669, 
        "accumulated_operating_revenue": 34813329, 
        "long_term_average": 3144857, 
        "date": "2013-11-30", 
        "operating_revenue": 3442813, 
        "short_term_average": 3399569
    }, 
    {
        "accumulated_operating_revenue_yoy": 7.418291398029961, 
        "accumulated_operating_revenue": 38215720, 
        "long_term_average": 3184643, 
        "date": "2013-12-31", 
        "operating_revenue": 3402391, 
        "short_term_average": 3384101
    }, 
    {
        "accumulated_operating_revenue_yoy": -1.7656612211357197, 
        "accumulated_operating_revenue": 3085406, 
        "long_term_average": 3180021, 
        "date": "2014-01-31", 
        "operating_revenue": 3085406, 
        "short_term_average": 3310203
    }, 
    {
        "accumulated_operating_revenue_yoy": 11.899014255942102, 
        "accumulated_operating_revenue": 5439636, 
        "long_term_average": 3232846, 
        "date": "2014-02-28", 
        "operating_revenue": 2354230, 
        "short_term_average": 2947342
    }, 
    {
        "accumulated_operating_revenue_yoy": 9.438389905440808, 
        "accumulated_operating_revenue": 8777830, 
        "long_term_average": 3247729, 
        "date": "2014-03-31", 
        "operating_revenue": 3338194, 
        "short_term_average": 2925943
    }, 
    {
        "accumulated_operating_revenue_yoy": 9.232123254965737, 
        "accumulated_operating_revenue": 12398698, 
        "long_term_average": 3271969, 
        "date": "2014-04-30", 
        "operating_revenue": 3620868, 
        "short_term_average": 3104430
    }, 
    {
        "accumulated_operating_revenue_yoy": 7.856594371235996, 
        "accumulated_operating_revenue": 15887450, 
        "long_term_average": 3281084, 
        "date": "2014-05-31", 
        "operating_revenue": 3488752, 
        "short_term_average": 3482604
    }, 
    {
        "accumulated_operating_revenue_yoy": 8.062140687571784, 
        "accumulated_operating_revenue": 19270741, 
        "long_term_average": 3304453, 
        "date": "2014-06-30", 
        "operating_revenue": 3383291, 
        "short_term_average": 3497637
    }, 
    {
        "accumulated_operating_revenue_yoy": 7.431222774609897, 
        "accumulated_operating_revenue": 22815490, 
        "long_term_average": 3316159, 
        "date": "2014-07-31", 
        "operating_revenue": 3544749, 
        "short_term_average": 3472264
    }, 
    {
        "accumulated_operating_revenue_yoy": 7.235460063978237, 
        "accumulated_operating_revenue": 26395601, 
        "long_term_average": 3333058, 
        "date": "2014-08-31", 
        "operating_revenue": 3580111, 
        "short_term_average": 3502717
    }, 
    {
        "accumulated_operating_revenue_yoy": 7.110478179508801, 
        "accumulated_operating_revenue": 30058858, 
        "long_term_average": 3350930, 
        "date": "2014-09-30", 
        "operating_revenue": 3663257, 
        "short_term_average": 3596039
    }, 
    {
        "accumulated_operating_revenue_yoy": 6.960204288638415, 
        "accumulated_operating_revenue": 33553968, 
        "long_term_average": 3366597, 
        "date": "2014-10-31", 
        "operating_revenue": 3495110, 
        "short_term_average": 3579492
    }, 
    {
        "accumulated_operating_revenue_yoy": 5.882844470288952, 
        "accumulated_operating_revenue": 36861343, 
        "long_term_average": 3355311, 
        "date": "2014-11-30", 
        "operating_revenue": 3307375, 
        "short_term_average": 3488580
    }, 
    {
        "accumulated_operating_revenue_yoy": 5.567355528039246, 
        "accumulated_operating_revenue": 40343325, 
        "long_term_average": 3361943, 
        "date": "2014-12-31", 
        "operating_revenue": 3481982, 
        "short_term_average": 3428155
    }, 
    {
        "accumulated_operating_revenue_yoy": 12.715603716334254, 
        "accumulated_operating_revenue": 3477734, 
        "long_term_average": 3394637, 
        "date": "2015-01-31", 
        "operating_revenue": 3477734, 
        "short_term_average": 3422363
    }, 
    {
        "accumulated_operating_revenue_yoy": 4.2612777766747625, 
        "accumulated_operating_revenue": 5671434, 
        "long_term_average": 3381260, 
        "date": "2015-02-28", 
        "operating_revenue": 2193700, 
        "short_term_average": 3051138
    }, 
    {
        "accumulated_operating_revenue_yoy": 3.888443954827104, 
        "accumulated_operating_revenue": 9119151, 
        "long_term_average": 3390387, 
        "date": "2015-03-31", 
        "operating_revenue": 3447717, 
        "short_term_average": 3039717
    }, 
    {
        "accumulated_operating_revenue_yoy": 0.5017865585563903, 
        "accumulated_operating_revenue": 12460913, 
        "long_term_average": 3367128, 
        "date": "2015-04-30", 
        "operating_revenue": 3341762, 
        "short_term_average": 2994393
    }, 
    {
        "accumulated_operating_revenue_yoy": -0.394991014920582, 
        "accumulated_operating_revenue": 15824696, 
        "long_term_average": 3356714, 
        "date": "2015-05-31", 
        "operating_revenue": 3363783, 
        "short_term_average": 3384420
    }, 
    {
        "accumulated_operating_revenue_yoy": -1.1028169596592057, 
        "accumulated_operating_revenue": 19058220, 
        "long_term_average": 3344233, 
        "date": "2015-06-30", 
        "operating_revenue": 3233524, 
        "short_term_average": 3313023
    }, 
    {
        "accumulated_operating_revenue_yoy": -1.711170787916455, 
        "accumulated_operating_revenue": 22425078, 
        "long_term_average": 3329409, 
        "date": "2015-07-31", 
        "operating_revenue": 3366858, 
        "short_term_average": 3321388
    }, 
    {
        "accumulated_operating_revenue_yoy": -3.0897118046298697, 
        "accumulated_operating_revenue": 25580053, 
        "long_term_average": 3293981, 
        "date": "2015-08-31", 
        "operating_revenue": 3154975, 
        "short_term_average": 3251785
    }, 
    {
        "accumulated_operating_revenue_yoy": -3.7384121512533843, 
        "accumulated_operating_revenue": 28935134, 
        "long_term_average": 3268300, 
        "date": "2015-09-30", 
        "operating_revenue": 3355081, 
        "short_term_average": 3292304
    }
]