[
    {
        "date": "2012-01-31", 
        "operating_revenue": 2570319, 
        "accumulated_operating_revenue": 2570319, 
        "long_term_average": 2570319, 
        "short_term_average": 2570319
    }, 
    {
        "date": "2012-02-29", 
        "operating_revenue": 2688913, 
        "accumulated_operating_revenue": 5259232, 
        "long_term_average": 2629616, 
        "short_term_average": 2629616
    }, 
    {
        "date": "2012-03-31", 
        "operating_revenue": 2429365, 
        "accumulated_operating_revenue": 7688597, 
        "long_term_average": 2562865, 
        "short_term_average": 2562865
    }, 
    {
        "date": "2012-04-30", 
        "operating_revenue": 2512160, 
        "accumulated_operating_revenue": 10200757, 
        "long_term_average": 2550189, 
        "short_term_average": 2543479
    }, 
    {
        "date": "2012-05-31", 
        "operating_revenue": 2912553, 
        "accumulated_operating_revenue": 13113310, 
        "long_term_average": 2622662, 
        "short_term_average": 2618026
    }, 
    {
        "date": "2012-06-30", 
        "operating_revenue": 1923731, 
        "accumulated_operating_revenue": 15037041, 
        "long_term_average": 2506173, 
        "short_term_average": 2449481
    }, 
    {
        "date": "2012-07-31", 
        "operating_revenue": 2492502, 
        "accumulated_operating_revenue": 17529543, 
        "long_term_average": 2504220, 
        "short_term_average": 2442928
    }, 
    {
        "date": "2012-08-31", 
        "operating_revenue": 2940619, 
        "accumulated_operating_revenue": 20470162, 
        "long_term_average": 2558770, 
        "short_term_average": 2452284
    }, 
    {
        "date": "2012-09-30", 
        "operating_revenue": 2158053, 
        "accumulated_operating_revenue": 22628215, 
        "long_term_average": 2514246, 
        "short_term_average": 2530391
    }, 
    {
        "date": "2012-10-31", 
        "operating_revenue": 2361963, 
        "accumulated_operating_revenue": 24990178, 
        "long_term_average": 2499017, 
        "short_term_average": 2486878
    }, 
    {
        "date": "2012-11-30", 
        "operating_revenue": 2678854, 
        "accumulated_operating_revenue": 27669032, 
        "long_term_average": 2515366, 
        "short_term_average": 2399623
    }, 
    {
        "date": "2012-12-31", 
        "operating_revenue": 2910651, 
        "accumulated_operating_revenue": 30579683, 
        "long_term_average": 2548306, 
        "short_term_average": 2650489
    }, 
    {
        "accumulated_operating_revenue_yoy": 15.88094707310649, 
        "accumulated_operating_revenue": 2978510, 
        "long_term_average": 2582322, 
        "date": "2013-01-31", 
        "operating_revenue": 2978510, 
        "short_term_average": 2856005
    }, 
    {
        "accumulated_operating_revenue_yoy": 5.91778419358568, 
        "accumulated_operating_revenue": 5570462, 
        "long_term_average": 2574242, 
        "date": "2013-02-28", 
        "operating_revenue": 2591952, 
        "short_term_average": 2827037
    }, 
    {
        "accumulated_operating_revenue_yoy": 9.986815539948315, 
        "accumulated_operating_revenue": 8456443, 
        "long_term_average": 2612294, 
        "date": "2013-03-31", 
        "operating_revenue": 2885981, 
        "short_term_average": 2818814
    }, 
    {
        "accumulated_operating_revenue_yoy": 10.506916300427507, 
        "accumulated_operating_revenue": 11272542, 
        "long_term_average": 2637622, 
        "date": "2013-04-30", 
        "operating_revenue": 2816099, 
        "short_term_average": 2764677
    }, 
    {
        "accumulated_operating_revenue_yoy": 8.314147991620727, 
        "accumulated_operating_revenue": 14203570, 
        "long_term_average": 2639161, 
        "date": "2013-05-31", 
        "operating_revenue": 2931028, 
        "short_term_average": 2877702
    }, 
    {
        "accumulated_operating_revenue_yoy": 13.70566190515807, 
        "accumulated_operating_revenue": 17097967, 
        "long_term_average": 2720050, 
        "date": "2013-06-30", 
        "operating_revenue": 2894397, 
        "short_term_average": 2880508
    }, 
    {
        "accumulated_operating_revenue_yoy": 14.34412751091115, 
        "accumulated_operating_revenue": 20044003, 
        "long_term_average": 2757845, 
        "date": "2013-07-31", 
        "operating_revenue": 2946036, 
        "short_term_average": 2923820
    }, 
    {
        "accumulated_operating_revenue_yoy": 12.850953500026039, 
        "accumulated_operating_revenue": 23100773, 
        "long_term_average": 2767524, 
        "date": "2013-08-31", 
        "operating_revenue": 3056770, 
        "short_term_average": 2965734
    }, 
    {
        "accumulated_operating_revenue_yoy": 13.907150873367607, 
        "accumulated_operating_revenue": 25775155, 
        "long_term_average": 2810551, 
        "date": "2013-09-30", 
        "operating_revenue": 2674382, 
        "short_term_average": 2892396
    }, 
    {
        "accumulated_operating_revenue_yoy": 14.037250955155262, 
        "accumulated_operating_revenue": 28498112, 
        "long_term_average": 2840634, 
        "date": "2013-10-31", 
        "operating_revenue": 2722957, 
        "short_term_average": 2818036
    }, 
    {
        "accumulated_operating_revenue_yoy": 10.80754830888193, 
        "accumulated_operating_revenue": 30659376, 
        "long_term_average": 2797502, 
        "date": "2013-11-30", 
        "operating_revenue": 2161264, 
        "short_term_average": 2519534
    }, 
    {
        "accumulated_operating_revenue_yoy": 9.742867511085711, 
        "accumulated_operating_revenue": 33559021, 
        "long_term_average": 2796585, 
        "date": "2013-12-31", 
        "operating_revenue": 2899645, 
        "short_term_average": 2594622
    }, 
    {
        "accumulated_operating_revenue_yoy": 6.02761112099674, 
        "accumulated_operating_revenue": 3158043, 
        "long_term_average": 2811546, 
        "date": "2014-01-31", 
        "operating_revenue": 3158043, 
        "short_term_average": 2739650
    }, 
    {
        "accumulated_operating_revenue_yoy": 14.477183400586883, 
        "accumulated_operating_revenue": 6376908, 
        "long_term_average": 2863788, 
        "date": "2014-02-28", 
        "operating_revenue": 3218865, 
        "short_term_average": 3092184
    }, 
    {
        "accumulated_operating_revenue_yoy": 7.523860800575371, 
        "accumulated_operating_revenue": 9092694, 
        "long_term_average": 2849606, 
        "date": "2014-03-31", 
        "operating_revenue": 2715786, 
        "short_term_average": 3030898
    }, 
    {
        "accumulated_operating_revenue_yoy": 6.986835799769031, 
        "accumulated_operating_revenue": 12060136, 
        "long_term_average": 2862217, 
        "date": "2014-04-30", 
        "operating_revenue": 2967442, 
        "short_term_average": 2967364
    }, 
    {
        "accumulated_operating_revenue_yoy": 5.545838123795637, 
        "accumulated_operating_revenue": 14991277, 
        "long_term_average": 2862227, 
        "date": "2014-05-31", 
        "operating_revenue": 2931141, 
        "short_term_average": 2871456
    }, 
    {
        "accumulated_operating_revenue_yoy": 5.409222043766958, 
        "accumulated_operating_revenue": 18022834, 
        "long_term_average": 2873657, 
        "date": "2014-06-30", 
        "operating_revenue": 3031557, 
        "short_term_average": 2976713
    }, 
    {
        "accumulated_operating_revenue_yoy": 5.3014759576717285, 
        "accumulated_operating_revenue": 21106631, 
        "long_term_average": 2885137, 
        "date": "2014-07-31", 
        "operating_revenue": 3083797, 
        "short_term_average": 3015498
    }, 
    {
        "accumulated_operating_revenue_yoy": 4.1382987487042096, 
        "accumulated_operating_revenue": 24056752, 
        "long_term_average": 2876250, 
        "date": "2014-08-31", 
        "operating_revenue": 2950121, 
        "short_term_average": 3021825
    }, 
    {
        "accumulated_operating_revenue_yoy": 5.666185130603482, 
        "accumulated_operating_revenue": 27235623, 
        "long_term_average": 2918290, 
        "date": "2014-09-30", 
        "operating_revenue": 3178871, 
        "short_term_average": 3070929
    }, 
    {
        "accumulated_operating_revenue_yoy": 7.577733570560745, 
        "accumulated_operating_revenue": 30657623, 
        "long_term_average": 2976544, 
        "date": "2014-10-31", 
        "operating_revenue": 3422000, 
        "short_term_average": 3183664
    }, 
    {
        "accumulated_operating_revenue_yoy": 9.146732144842087, 
        "accumulated_operating_revenue": 33463707, 
        "long_term_average": 3030279, 
        "date": "2014-11-30", 
        "operating_revenue": 2806084, 
        "short_term_average": 3135651
    }, 
    {
        "accumulated_operating_revenue_yoy": 11.415905130247989, 
        "accumulated_operating_revenue": 37390087, 
        "long_term_average": 3115840, 
        "date": "2014-12-31", 
        "operating_revenue": 3926380, 
        "short_term_average": 3384821
    }, 
    {
        "accumulated_operating_revenue_yoy": -11.982484089038687, 
        "accumulated_operating_revenue": 2779631, 
        "long_term_average": 3084306, 
        "date": "2015-01-31", 
        "operating_revenue": 2779631, 
        "short_term_average": 3170698
    }, 
    {
        "accumulated_operating_revenue_yoy": -14.97184842560062, 
        "accumulated_operating_revenue": 5422167, 
        "long_term_average": 3036278, 
        "date": "2015-02-28", 
        "operating_revenue": 2642536, 
        "short_term_average": 3116182
    }, 
    {
        "accumulated_operating_revenue_yoy": -7.581988352406889, 
        "accumulated_operating_revenue": 8403287, 
        "long_term_average": 3058390, 
        "date": "2015-03-31", 
        "operating_revenue": 2981120, 
        "short_term_average": 2801095
    }, 
    {
        "accumulated_operating_revenue_yoy": -5.388753493327107, 
        "accumulated_operating_revenue": 11410245, 
        "long_term_average": 3061683, 
        "date": "2015-04-30", 
        "operating_revenue": 3006958, 
        "short_term_average": 2876871
    }, 
    {
        "accumulated_operating_revenue_yoy": -3.5763864546029, 
        "accumulated_operating_revenue": 14455131, 
        "long_term_average": 3071161, 
        "date": "2015-05-31", 
        "operating_revenue": 3044886, 
        "short_term_average": 3010988
    }, 
    {
        "accumulated_operating_revenue_yoy": -5.111954091126845, 
        "accumulated_operating_revenue": 17101515, 
        "long_term_average": 3039064, 
        "date": "2015-06-30", 
        "operating_revenue": 2646384, 
        "short_term_average": 2899409
    }, 
    {
        "accumulated_operating_revenue_yoy": -4.183879464230933, 
        "accumulated_operating_revenue": 20223555, 
        "long_term_average": 3042250, 
        "date": "2015-07-31", 
        "operating_revenue": 3122040, 
        "short_term_average": 2937770
    }, 
    {
        "accumulated_operating_revenue_yoy": -3.5305805205956315, 
        "accumulated_operating_revenue": 23207409, 
        "long_term_average": 3045062, 
        "date": "2015-08-31", 
        "operating_revenue": 2983854, 
        "short_term_average": 2917426
    }
]