[
    {
        "date": "2012-01-31", 
        "operating_revenue": 267779, 
        "accumulated_operating_revenue": 267779, 
        "long_term_average": 267779, 
        "short_term_average": 267779
    }, 
    {
        "date": "2012-02-29", 
        "operating_revenue": 247850, 
        "accumulated_operating_revenue": 515629, 
        "long_term_average": 257814, 
        "short_term_average": 257814
    }, 
    {
        "date": "2012-03-31", 
        "operating_revenue": 279168, 
        "accumulated_operating_revenue": 794797, 
        "long_term_average": 264932, 
        "short_term_average": 264932
    }, 
    {
        "date": "2012-04-30", 
        "operating_revenue": 298563, 
        "accumulated_operating_revenue": 1093360, 
        "long_term_average": 273340, 
        "short_term_average": 275193
    }, 
    {
        "date": "2012-05-31", 
        "operating_revenue": 238025, 
        "accumulated_operating_revenue": 1331385, 
        "long_term_average": 266277, 
        "short_term_average": 271918
    }, 
    {
        "date": "2012-06-30", 
        "operating_revenue": 216010, 
        "accumulated_operating_revenue": 1547395, 
        "long_term_average": 257899, 
        "short_term_average": 250866
    }, 
    {
        "date": "2012-07-31", 
        "operating_revenue": 213098, 
        "accumulated_operating_revenue": 1760493, 
        "long_term_average": 251499, 
        "short_term_average": 222377
    }, 
    {
        "date": "2012-08-31", 
        "operating_revenue": 235780, 
        "accumulated_operating_revenue": 1996273, 
        "long_term_average": 249534, 
        "short_term_average": 221629
    }, 
    {
        "date": "2012-09-30", 
        "operating_revenue": 225389, 
        "accumulated_operating_revenue": 2221662, 
        "long_term_average": 246851, 
        "short_term_average": 224755
    }, 
    {
        "date": "2012-10-31", 
        "operating_revenue": 263187, 
        "accumulated_operating_revenue": 2484849, 
        "long_term_average": 248484, 
        "short_term_average": 241452
    }, 
    {
        "date": "2012-11-30", 
        "operating_revenue": 266844, 
        "accumulated_operating_revenue": 2751693, 
        "long_term_average": 250153, 
        "short_term_average": 251806
    }, 
    {
        "date": "2012-12-31", 
        "operating_revenue": 267769, 
        "accumulated_operating_revenue": 3019462, 
        "long_term_average": 251621, 
        "short_term_average": 265933
    }, 
    {
        "accumulated_operating_revenue_yoy": 14.018276265129082, 
        "accumulated_operating_revenue": 305317, 
        "long_term_average": 254750, 
        "date": "2013-01-31", 
        "operating_revenue": 305317, 
        "short_term_average": 279976
    }, 
    {
        "accumulated_operating_revenue_yoy": 2.435665953621693, 
        "accumulated_operating_revenue": 528188, 
        "long_term_average": 252668, 
        "date": "2013-02-28", 
        "operating_revenue": 222871, 
        "short_term_average": 265319
    }, 
    {
        "accumulated_operating_revenue_yoy": -0.3979632535100158, 
        "accumulated_operating_revenue": 791634, 
        "long_term_average": 251358, 
        "date": "2013-03-31", 
        "operating_revenue": 263446, 
        "short_term_average": 263878
    }, 
    {
        "accumulated_operating_revenue_yoy": -3.9517633716250824, 
        "accumulated_operating_revenue": 1050153, 
        "long_term_average": 248021, 
        "date": "2013-04-30", 
        "operating_revenue": 258519, 
        "short_term_average": 248278
    }, 
    {
        "accumulated_operating_revenue_yoy": -2.6757849908178324, 
        "accumulated_operating_revenue": 1295760, 
        "long_term_average": 248653, 
        "date": "2013-05-31", 
        "operating_revenue": 245607, 
        "short_term_average": 255857
    }, 
    {
        "accumulated_operating_revenue_yoy": 0.0455604419039741, 
        "accumulated_operating_revenue": 1548100, 
        "long_term_average": 251680, 
        "date": "2013-06-30", 
        "operating_revenue": 252340, 
        "short_term_average": 252155
    }, 
    {
        "accumulated_operating_revenue_yoy": 2.275328558534456, 
        "accumulated_operating_revenue": 1800550, 
        "long_term_average": 254959, 
        "date": "2013-07-31", 
        "operating_revenue": 252450, 
        "short_term_average": 250132
    }, 
    {
        "accumulated_operating_revenue_yoy": 2.1006144951116403, 
        "accumulated_operating_revenue": 2038207, 
        "long_term_average": 255116, 
        "date": "2013-08-31", 
        "operating_revenue": 237657, 
        "short_term_average": 247482
    }, 
    {
        "accumulated_operating_revenue_yoy": 2.5071770593366587, 
        "accumulated_operating_revenue": 2277363, 
        "long_term_average": 256263, 
        "date": "2013-09-30", 
        "operating_revenue": 239156, 
        "short_term_average": 243087
    }, 
    {
        "accumulated_operating_revenue_yoy": 2.569089711286279, 
        "accumulated_operating_revenue": 2548687, 
        "long_term_average": 256941, 
        "date": "2013-10-31", 
        "operating_revenue": 271324, 
        "short_term_average": 249379
    }, 
    {
        "accumulated_operating_revenue_yoy": 1.1448951609063946, 
        "accumulated_operating_revenue": 2783197, 
        "long_term_average": 254247, 
        "date": "2013-11-30", 
        "operating_revenue": 234510, 
        "short_term_average": 248330
    }, 
    {
        "accumulated_operating_revenue_yoy": 0.9229789942711649, 
        "accumulated_operating_revenue": 3047331, 
        "long_term_average": 253944, 
        "date": "2013-12-31", 
        "operating_revenue": 264134, 
        "short_term_average": 256656
    }, 
    {
        "accumulated_operating_revenue_yoy": 1.543313998237897, 
        "accumulated_operating_revenue": 310029, 
        "long_term_average": 254336, 
        "date": "2014-01-31", 
        "operating_revenue": 310029, 
        "short_term_average": 269557
    }, 
    {
        "accumulated_operating_revenue_yoy": -0.22700250668322644, 
        "accumulated_operating_revenue": 526989, 
        "long_term_average": 253844, 
        "date": "2014-02-28", 
        "operating_revenue": 216960, 
        "short_term_average": 263707
    }, 
    {
        "accumulated_operating_revenue_yoy": 0.8228550062276254, 
        "accumulated_operating_revenue": 798148, 
        "long_term_average": 254487, 
        "date": "2014-03-31", 
        "operating_revenue": 271159, 
        "short_term_average": 266049
    }, 
    {
        "accumulated_operating_revenue_yoy": 2.1171200767888108, 
        "accumulated_operating_revenue": 1072386, 
        "long_term_average": 255797, 
        "date": "2014-04-30", 
        "operating_revenue": 274238, 
        "short_term_average": 254119
    }, 
    {
        "accumulated_operating_revenue_yoy": 3.3256158547879235, 
        "accumulated_operating_revenue": 1338852, 
        "long_term_average": 257535, 
        "date": "2014-05-31", 
        "operating_revenue": 266466, 
        "short_term_average": 270621
    }, 
    {
        "accumulated_operating_revenue_yoy": 4.06104256830954, 
        "accumulated_operating_revenue": 1610969, 
        "long_term_average": 259183, 
        "date": "2014-06-30", 
        "operating_revenue": 272117, 
        "short_term_average": 270940
    }, 
    {
        "accumulated_operating_revenue_yoy": 6.223098497681264, 
        "accumulated_operating_revenue": 1912600, 
        "long_term_average": 263281, 
        "date": "2014-07-31", 
        "operating_revenue": 301631, 
        "short_term_average": 280071
    }, 
    {
        "accumulated_operating_revenue_yoy": 5.393809362837042, 
        "accumulated_operating_revenue": 2148144, 
        "long_term_average": 263105, 
        "date": "2014-08-31", 
        "operating_revenue": 235544, 
        "short_term_average": 269764
    }, 
    {
        "accumulated_operating_revenue_yoy": 6.275459819097789, 
        "accumulated_operating_revenue": 2420278, 
        "long_term_average": 265853, 
        "date": "2014-09-30", 
        "operating_revenue": 272134, 
        "short_term_average": 269769
    }, 
    {
        "accumulated_operating_revenue_yoy": 5.970799866754922, 
        "accumulated_operating_revenue": 2700864, 
        "long_term_average": 266625, 
        "date": "2014-10-31", 
        "operating_revenue": 280586, 
        "short_term_average": 262754
    }, 
    {
        "accumulated_operating_revenue_yoy": 5.933320566240909, 
        "accumulated_operating_revenue": 2948333, 
        "long_term_average": 267705, 
        "date": "2014-11-30", 
        "operating_revenue": 247469, 
        "short_term_average": 266729
    }, 
    {
        "accumulated_operating_revenue_yoy": 8.149032710919817, 
        "accumulated_operating_revenue": 3295659, 
        "long_term_average": 274638, 
        "date": "2014-12-31", 
        "operating_revenue": 347326, 
        "short_term_average": 291793
    }, 
    {
        "accumulated_operating_revenue_yoy": -4.472807382535182, 
        "accumulated_operating_revenue": 296162, 
        "long_term_average": 273482, 
        "date": "2015-01-31", 
        "operating_revenue": 296162, 
        "short_term_average": 296985
    }, 
    {
        "accumulated_operating_revenue_yoy": 1.4888356303452255, 
        "accumulated_operating_revenue": 534835, 
        "long_term_average": 275292, 
        "date": "2015-02-28", 
        "operating_revenue": 238673, 
        "short_term_average": 294053
    }, 
    {
        "accumulated_operating_revenue_yoy": 1.0565709617765127, 
        "accumulated_operating_revenue": 806581, 
        "long_term_average": 275341, 
        "date": "2015-03-31", 
        "operating_revenue": 271746, 
        "short_term_average": 268860
    }, 
    {
        "accumulated_operating_revenue_yoy": -1.2590615692483864, 
        "accumulated_operating_revenue": 1058884, 
        "long_term_average": 273513, 
        "date": "2015-04-30", 
        "operating_revenue": 252303, 
        "short_term_average": 254240
    }, 
    {
        "accumulated_operating_revenue_yoy": -1.6998144679172902, 
        "accumulated_operating_revenue": 1316094, 
        "long_term_average": 272741, 
        "date": "2015-05-31", 
        "operating_revenue": 257210, 
        "short_term_average": 260419
    }, 
    {
        "accumulated_operating_revenue_yoy": -1.2455236568798034, 
        "accumulated_operating_revenue": 1590904, 
        "long_term_average": 272966, 
        "date": "2015-06-30", 
        "operating_revenue": 274810, 
        "short_term_average": 261441
    }, 
    {
        "accumulated_operating_revenue_yoy": -1.9066192617379483, 
        "accumulated_operating_revenue": 1876134, 
        "long_term_average": 271599, 
        "date": "2015-07-31", 
        "operating_revenue": 285230, 
        "short_term_average": 272416
    }, 
    {
        "accumulated_operating_revenue_yoy": -0.7472497188270433, 
        "accumulated_operating_revenue": 2132092, 
        "long_term_average": 273300, 
        "date": "2015-08-31", 
        "operating_revenue": 255958, 
        "short_term_average": 271999
    }
]