[
    {
        "date": "2012-01-31", 
        "operating_revenue": 72492, 
        "accumulated_operating_revenue": 72492, 
        "long_term_average": 72492, 
        "short_term_average": 72492
    }, 
    {
        "date": "2012-02-29", 
        "operating_revenue": 114955, 
        "accumulated_operating_revenue": 187447, 
        "long_term_average": 93723, 
        "short_term_average": 93723
    }, 
    {
        "date": "2012-03-31", 
        "operating_revenue": 160494, 
        "accumulated_operating_revenue": 347941, 
        "long_term_average": 115980, 
        "short_term_average": 115980
    }, 
    {
        "date": "2012-04-30", 
        "operating_revenue": 159726, 
        "accumulated_operating_revenue": 507667, 
        "long_term_average": 126916, 
        "short_term_average": 145058
    }, 
    {
        "date": "2012-05-31", 
        "operating_revenue": 114953, 
        "accumulated_operating_revenue": 622620, 
        "long_term_average": 124524, 
        "short_term_average": 145057
    }, 
    {
        "date": "2012-06-30", 
        "operating_revenue": 112589, 
        "accumulated_operating_revenue": 735209, 
        "long_term_average": 122534, 
        "short_term_average": 129089
    }, 
    {
        "date": "2012-07-31", 
        "operating_revenue": 133461, 
        "accumulated_operating_revenue": 868670, 
        "long_term_average": 124095, 
        "short_term_average": 120334
    }, 
    {
        "date": "2012-08-31", 
        "operating_revenue": 140366, 
        "accumulated_operating_revenue": 1009036, 
        "long_term_average": 126129, 
        "short_term_average": 128805
    }, 
    {
        "date": "2012-09-30", 
        "operating_revenue": 139868, 
        "accumulated_operating_revenue": 1148904, 
        "long_term_average": 127656, 
        "short_term_average": 137898
    }, 
    {
        "date": "2012-10-31", 
        "operating_revenue": 140823, 
        "accumulated_operating_revenue": 1289727, 
        "long_term_average": 128972, 
        "short_term_average": 140352
    }, 
    {
        "date": "2012-11-30", 
        "operating_revenue": 134284, 
        "accumulated_operating_revenue": 1424011, 
        "long_term_average": 129455, 
        "short_term_average": 138325
    }, 
    {
        "date": "2012-12-31", 
        "operating_revenue": 139925, 
        "accumulated_operating_revenue": 1563936, 
        "long_term_average": 130328, 
        "short_term_average": 138344
    }, 
    {
        "accumulated_operating_revenue_yoy": 99.88550460740495, 
        "accumulated_operating_revenue": 144901, 
        "long_term_average": 136362, 
        "date": "2013-01-31", 
        "operating_revenue": 144901, 
        "short_term_average": 139703
    }, 
    {
        "accumulated_operating_revenue_yoy": 22.628796406450892, 
        "accumulated_operating_revenue": 229864, 
        "long_term_average": 133862, 
        "date": "2013-02-28", 
        "operating_revenue": 84963, 
        "short_term_average": 123263
    }, 
    {
        "accumulated_operating_revenue_yoy": 16.06191854366114, 
        "accumulated_operating_revenue": 403827, 
        "long_term_average": 134985, 
        "date": "2013-03-31", 
        "operating_revenue": 173963, 
        "short_term_average": 134609
    }, 
    {
        "accumulated_operating_revenue_yoy": 13.703667955569301, 
        "accumulated_operating_revenue": 577236, 
        "long_term_average": 136125, 
        "date": "2013-04-30", 
        "operating_revenue": 173409, 
        "short_term_average": 144111
    }, 
    {
        "accumulated_operating_revenue_yoy": 18.514342616684335, 
        "accumulated_operating_revenue": 737894, 
        "long_term_average": 139934, 
        "date": "2013-05-31", 
        "operating_revenue": 160658, 
        "short_term_average": 169343
    }, 
    {
        "accumulated_operating_revenue_yoy": 17.215648883514756, 
        "accumulated_operating_revenue": 861780, 
        "long_term_average": 140875, 
        "date": "2013-06-30", 
        "operating_revenue": 123886, 
        "short_term_average": 152651
    }, 
    {
        "accumulated_operating_revenue_yoy": 16.308955069243787, 
        "accumulated_operating_revenue": 1010341, 
        "long_term_average": 142133, 
        "date": "2013-07-31", 
        "operating_revenue": 148561, 
        "short_term_average": 144368
    }, 
    {
        "accumulated_operating_revenue_yoy": 14.954867814428821, 
        "accumulated_operating_revenue": 1159936, 
        "long_term_average": 142903, 
        "date": "2013-08-31", 
        "operating_revenue": 149595, 
        "short_term_average": 140680
    }, 
    {
        "accumulated_operating_revenue_yoy": 12.5294193422601, 
        "accumulated_operating_revenue": 1292855, 
        "long_term_average": 142323, 
        "date": "2013-09-30", 
        "operating_revenue": 132919, 
        "short_term_average": 143691
    }, 
    {
        "accumulated_operating_revenue_yoy": 11.358760419840788, 
        "accumulated_operating_revenue": 1436224, 
        "long_term_average": 142536, 
        "date": "2013-10-31", 
        "operating_revenue": 143369, 
        "short_term_average": 141961
    }, 
    {
        "accumulated_operating_revenue_yoy": 11.27062922968994, 
        "accumulated_operating_revenue": 1584506, 
        "long_term_average": 143702, 
        "date": "2013-11-30", 
        "operating_revenue": 148282, 
        "short_term_average": 141523
    }, 
    {
        "accumulated_operating_revenue_yoy": 9.591121375810776, 
        "accumulated_operating_revenue": 1713935, 
        "long_term_average": 142827, 
        "date": "2013-12-31", 
        "operating_revenue": 129429, 
        "short_term_average": 140360
    }, 
    {
        "accumulated_operating_revenue_yoy": 12.282868993312675, 
        "accumulated_operating_revenue": 162699, 
        "long_term_average": 144311, 
        "date": "2014-01-31", 
        "operating_revenue": 162699, 
        "short_term_average": 146803
    }, 
    {
        "accumulated_operating_revenue_yoy": 20.78968433508509, 
        "accumulated_operating_revenue": 277652, 
        "long_term_average": 146810, 
        "date": "2014-02-28", 
        "operating_revenue": 114953, 
        "short_term_average": 135693
    }, 
    {
        "accumulated_operating_revenue_yoy": 10.328927981536648, 
        "accumulated_operating_revenue": 445538, 
        "long_term_average": 146303, 
        "date": "2014-03-31", 
        "operating_revenue": 167886, 
        "short_term_average": 148512
    }, 
    {
        "accumulated_operating_revenue_yoy": -0.026159144613295084, 
        "accumulated_operating_revenue": 577085, 
        "long_term_average": 142815, 
        "date": "2014-04-30", 
        "operating_revenue": 131547, 
        "short_term_average": 138128
    }, 
    {
        "accumulated_operating_revenue_yoy": -4.463784771254408, 
        "accumulated_operating_revenue": 704956, 
        "long_term_average": 140083, 
        "date": "2014-05-31", 
        "operating_revenue": 127871, 
        "short_term_average": 142434
    }, 
    {
        "accumulated_operating_revenue_yoy": -5.4180881431455825, 
        "accumulated_operating_revenue": 815088, 
        "long_term_average": 138936, 
        "date": "2014-06-30", 
        "operating_revenue": 110132, 
        "short_term_average": 123183
    }, 
    {
        "accumulated_operating_revenue_yoy": -4.322105111046667, 
        "accumulated_operating_revenue": 966673, 
        "long_term_average": 139188, 
        "date": "2014-07-31", 
        "operating_revenue": 151585, 
        "short_term_average": 129862
    }, 
    {
        "accumulated_operating_revenue_yoy": -7.054871992937542, 
        "accumulated_operating_revenue": 1078104, 
        "long_term_average": 136008, 
        "date": "2014-08-31", 
        "operating_revenue": 111431, 
        "short_term_average": 124382
    }, 
    {
        "accumulated_operating_revenue_yoy": -8.3024778494108, 
        "accumulated_operating_revenue": 1185516, 
        "long_term_average": 133883, 
        "date": "2014-09-30", 
        "operating_revenue": 107412, 
        "short_term_average": 123476
    }, 
    {
        "accumulated_operating_revenue_yoy": -7.682993739138184, 
        "accumulated_operating_revenue": 1325879, 
        "long_term_average": 133632, 
        "date": "2014-10-31", 
        "operating_revenue": 140363, 
        "short_term_average": 119735
    }, 
    {
        "accumulated_operating_revenue_yoy": -8.425780653402386, 
        "accumulated_operating_revenue": 1450999, 
        "long_term_average": 131702, 
        "date": "2014-11-30", 
        "operating_revenue": 125120, 
        "short_term_average": 124298
    }, 
    {
        "accumulated_operating_revenue_yoy": -7.916344552156296, 
        "accumulated_operating_revenue": 1578254, 
        "long_term_average": 131521, 
        "date": "2014-12-31", 
        "operating_revenue": 127255, 
        "short_term_average": 130912
    }, 
    {
        "accumulated_operating_revenue_yoy": -30.732211015433407, 
        "accumulated_operating_revenue": 112698, 
        "long_term_average": 127354, 
        "date": "2015-01-31", 
        "operating_revenue": 112698, 
        "short_term_average": 121691
    }, 
    {
        "accumulated_operating_revenue_yoy": -31.991125581663375, 
        "accumulated_operating_revenue": 188828, 
        "long_term_average": 124119, 
        "date": "2015-02-28", 
        "operating_revenue": 76130, 
        "short_term_average": 105361
    }, 
    {
        "accumulated_operating_revenue_yoy": -23.79976567655284, 
        "accumulated_operating_revenue": 339501, 
        "long_term_average": 122684, 
        "date": "2015-03-31", 
        "operating_revenue": 150673, 
        "short_term_average": 113167
    }, 
    {
        "accumulated_operating_revenue_yoy": -10.146858781635288, 
        "accumulated_operating_revenue": 518529, 
        "long_term_average": 126641, 
        "date": "2015-04-30", 
        "operating_revenue": 179028, 
        "short_term_average": 135277
    }, 
    {
        "accumulated_operating_revenue_yoy": -10.79726961682715, 
        "accumulated_operating_revenue": 628840, 
        "long_term_average": 125178, 
        "date": "2015-05-31", 
        "operating_revenue": 110311, 
        "short_term_average": 146670
    }, 
    {
        "accumulated_operating_revenue_yoy": -8.803957364112831, 
        "accumulated_operating_revenue": 743328, 
        "long_term_average": 125541, 
        "date": "2015-06-30", 
        "operating_revenue": 114488, 
        "short_term_average": 134609
    }, 
    {
        "accumulated_operating_revenue_yoy": -11.159202750050948, 
        "accumulated_operating_revenue": 858800, 
        "long_term_average": 122531, 
        "date": "2015-07-31", 
        "operating_revenue": 115472, 
        "short_term_average": 113423
    }, 
    {
        "accumulated_operating_revenue_yoy": -10.242611102453937, 
        "accumulated_operating_revenue": 967678, 
        "long_term_average": 122319, 
        "date": "2015-08-31", 
        "operating_revenue": 108878, 
        "short_term_average": 112946
    }, 
    {
        "accumulated_operating_revenue_yoy": -9.604847172033107, 
        "accumulated_operating_revenue": 1071649, 
        "long_term_average": 122032, 
        "date": "2015-09-30", 
        "operating_revenue": 103971, 
        "short_term_average": 109440
    }
]