[
    {
        "date": "2012-01-31", 
        "operating_revenue": 1583211, 
        "accumulated_operating_revenue": 1583211, 
        "long_term_average": 1583211, 
        "short_term_average": 1583211
    }, 
    {
        "date": "2012-02-29", 
        "operating_revenue": 1393761, 
        "accumulated_operating_revenue": 2976972, 
        "long_term_average": 1488486, 
        "short_term_average": 1488486
    }, 
    {
        "date": "2012-03-31", 
        "operating_revenue": 2779765, 
        "accumulated_operating_revenue": 5756737, 
        "long_term_average": 1918912, 
        "short_term_average": 1918912
    }, 
    {
        "date": "2012-04-30", 
        "operating_revenue": 1406486, 
        "accumulated_operating_revenue": 7163223, 
        "long_term_average": 1790805, 
        "short_term_average": 1860004
    }, 
    {
        "date": "2012-05-31", 
        "operating_revenue": 1110215, 
        "accumulated_operating_revenue": 8273438, 
        "long_term_average": 1654687, 
        "short_term_average": 1765488
    }, 
    {
        "date": "2012-06-30", 
        "operating_revenue": 1308824, 
        "accumulated_operating_revenue": 9582262, 
        "long_term_average": 1597043, 
        "short_term_average": 1275175
    }, 
    {
        "date": "2012-07-31", 
        "operating_revenue": 1431868, 
        "accumulated_operating_revenue": 11014130, 
        "long_term_average": 1573447, 
        "short_term_average": 1283635
    }, 
    {
        "date": "2012-08-31", 
        "operating_revenue": 1217301, 
        "accumulated_operating_revenue": 12231431, 
        "long_term_average": 1528928, 
        "short_term_average": 1319331
    }, 
    {
        "date": "2012-09-30", 
        "operating_revenue": 1364742, 
        "accumulated_operating_revenue": 13596173, 
        "long_term_average": 1510685, 
        "short_term_average": 1337970
    }, 
    {
        "date": "2012-10-31", 
        "operating_revenue": 1438030, 
        "accumulated_operating_revenue": 15034203, 
        "long_term_average": 1503420, 
        "short_term_average": 1340024
    }, 
    {
        "date": "2012-11-30", 
        "operating_revenue": 1528701, 
        "accumulated_operating_revenue": 16562904, 
        "long_term_average": 1505718, 
        "short_term_average": 1443824
    }, 
    {
        "date": "2012-12-31", 
        "operating_revenue": 2239062, 
        "accumulated_operating_revenue": 18801966, 
        "long_term_average": 1566830, 
        "short_term_average": 1735264
    }, 
    {
        "accumulated_operating_revenue_yoy": 52.1562823906605, 
        "accumulated_operating_revenue": 2408955, 
        "long_term_average": 1635642, 
        "date": "2013-01-31", 
        "operating_revenue": 2408955, 
        "short_term_average": 2058906
    }, 
    {
        "accumulated_operating_revenue_yoy": 46.42257300370981, 
        "accumulated_operating_revenue": 4358959, 
        "long_term_average": 1681996, 
        "date": "2013-02-28", 
        "operating_revenue": 1950004, 
        "short_term_average": 2199340
    }, 
    {
        "accumulated_operating_revenue_yoy": 2.569945439578011, 
        "accumulated_operating_revenue": 5904682, 
        "long_term_average": 1579159, 
        "date": "2013-03-31", 
        "operating_revenue": 1545723, 
        "short_term_average": 1968227
    }, 
    {
        "accumulated_operating_revenue_yoy": 1.3164744417422158, 
        "accumulated_operating_revenue": 7257525, 
        "long_term_average": 1574689, 
        "date": "2013-04-30", 
        "operating_revenue": 1352843, 
        "short_term_average": 1616190
    }, 
    {
        "accumulated_operating_revenue_yoy": 0.9045937130368294, 
        "accumulated_operating_revenue": 8348279, 
        "long_term_average": 1573067, 
        "date": "2013-05-31", 
        "operating_revenue": 1090754, 
        "short_term_average": 1329773
    }, 
    {
        "accumulated_operating_revenue_yoy": -4.411234007168662, 
        "accumulated_operating_revenue": 9159566, 
        "long_term_average": 1531605, 
        "date": "2013-06-30", 
        "operating_revenue": 811287, 
        "short_term_average": 1084961
    }, 
    {
        "accumulated_operating_revenue_yoy": -4.912671268634019, 
        "accumulated_operating_revenue": 10473042, 
        "long_term_average": 1521739, 
        "date": "2013-07-31", 
        "operating_revenue": 1313476, 
        "short_term_average": 1071839
    }, 
    {
        "accumulated_operating_revenue_yoy": -5.802011228285553, 
        "accumulated_operating_revenue": 11521762, 
        "long_term_average": 1507691, 
        "date": "2013-08-31", 
        "operating_revenue": 1048720, 
        "short_term_average": 1057827
    }, 
    {
        "accumulated_operating_revenue_yoy": -6.185512643888835, 
        "accumulated_operating_revenue": 12755180, 
        "long_term_average": 1496747, 
        "date": "2013-09-30", 
        "operating_revenue": 1233418, 
        "short_term_average": 1198538
    }, 
    {
        "accumulated_operating_revenue_yoy": -6.638549446219397, 
        "accumulated_operating_revenue": 14036150, 
        "long_term_average": 1483659, 
        "date": "2013-10-31", 
        "operating_revenue": 1280970, 
        "short_term_average": 1187702
    }, 
    {
        "accumulated_operating_revenue_yoy": -8.976656509027645, 
        "accumulated_operating_revenue": 15076109, 
        "long_term_average": 1442930, 
        "date": "2013-11-30", 
        "operating_revenue": 1039959, 
        "short_term_average": 1184782
    }, 
    {
        "accumulated_operating_revenue_yoy": -14.51053044133789, 
        "accumulated_operating_revenue": 16073701, 
        "long_term_average": 1339475, 
        "date": "2013-12-31", 
        "operating_revenue": 997592, 
        "short_term_average": 1106173
    }, 
    {
        "accumulated_operating_revenue_yoy": -55.977467408066985, 
        "accumulated_operating_revenue": 1060483, 
        "long_term_average": 1227102, 
        "date": "2014-01-31", 
        "operating_revenue": 1060483, 
        "short_term_average": 1032678
    }, 
    {
        "accumulated_operating_revenue_yoy": -50.952945416554726, 
        "accumulated_operating_revenue": 2137941, 
        "long_term_average": 1154390, 
        "date": "2014-02-28", 
        "operating_revenue": 1077458, 
        "short_term_average": 1045177
    }, 
    {
        "accumulated_operating_revenue_yoy": -40.37785608098793, 
        "accumulated_operating_revenue": 3520498, 
        "long_term_average": 1140793, 
        "date": "2014-03-31", 
        "operating_revenue": 1382557, 
        "short_term_average": 1173499
    }, 
    {
        "accumulated_operating_revenue_yoy": -34.78159565416585, 
        "accumulated_operating_revenue": 4733242, 
        "long_term_average": 1129118, 
        "date": "2014-04-30", 
        "operating_revenue": 1212744, 
        "short_term_average": 1224253
    }, 
    {
        "accumulated_operating_revenue_yoy": -30.093064690339173, 
        "accumulated_operating_revenue": 5836026, 
        "long_term_average": 1130120, 
        "date": "2014-05-31", 
        "operating_revenue": 1102784, 
        "short_term_average": 1232695
    }, 
    {
        "accumulated_operating_revenue_yoy": -28.0988859079131, 
        "accumulated_operating_revenue": 6585830, 
        "long_term_average": 1124997, 
        "date": "2014-06-30", 
        "operating_revenue": 749804, 
        "short_term_average": 1021777
    }, 
    {
        "accumulated_operating_revenue_yoy": -26.318160473337166, 
        "accumulated_operating_revenue": 7716730, 
        "long_term_average": 1109782, 
        "date": "2014-07-31", 
        "operating_revenue": 1130900, 
        "short_term_average": 994496
    }, 
    {
        "accumulated_operating_revenue_yoy": -21.93433608505366, 
        "accumulated_operating_revenue": 8994540, 
        "long_term_average": 1128873, 
        "date": "2014-08-31", 
        "operating_revenue": 1277810, 
        "short_term_average": 1052838
    }, 
    {
        "accumulated_operating_revenue_yoy": -19.6485349481544, 
        "accumulated_operating_revenue": 10248974, 
        "long_term_average": 1130624, 
        "date": "2014-09-30", 
        "operating_revenue": 1254434, 
        "short_term_average": 1221048
    }, 
    {
        "accumulated_operating_revenue_yoy": -19.19998005150985, 
        "accumulated_operating_revenue": 11341212, 
        "long_term_average": 1114896, 
        "date": "2014-10-31", 
        "operating_revenue": 1092238, 
        "short_term_average": 1208160
    }, 
    {
        "accumulated_operating_revenue_yoy": -17.984733328738866, 
        "accumulated_operating_revenue": 12364711, 
        "long_term_average": 1113525, 
        "date": "2014-11-30", 
        "operating_revenue": 1023499, 
        "short_term_average": 1123390
    }, 
    {
        "accumulated_operating_revenue_yoy": 9.08801277316282, 
        "accumulated_operating_revenue": 17534481, 
        "long_term_average": 1461206, 
        "date": "2014-12-31", 
        "operating_revenue": 5169770, 
        "short_term_average": 2428502
    }, 
    {
        "accumulated_operating_revenue_yoy": 15.100760691119048, 
        "accumulated_operating_revenue": 1220624, 
        "long_term_average": 1474551, 
        "date": "2015-01-31", 
        "operating_revenue": 1220624, 
        "short_term_average": 2471297
    }, 
    {
        "accumulated_operating_revenue_yoy": 2.196646212407171, 
        "accumulated_operating_revenue": 2184904, 
        "long_term_average": 1465120, 
        "date": "2015-02-28", 
        "operating_revenue": 964280, 
        "short_term_average": 2451558
    }, 
    {
        "accumulated_operating_revenue_yoy": 8.963504595088535, 
        "accumulated_operating_revenue": 3836058, 
        "long_term_average": 1487503, 
        "date": "2015-03-31", 
        "operating_revenue": 1651154, 
        "short_term_average": 1278686
    }, 
    {
        "accumulated_operating_revenue_yoy": 5.0029345636669325, 
        "accumulated_operating_revenue": 4970043, 
        "long_term_average": 1480940, 
        "date": "2015-04-30", 
        "operating_revenue": 1133985, 
        "short_term_average": 1249806
    }, 
    {
        "accumulated_operating_revenue_yoy": 3.0331941632885115, 
        "accumulated_operating_revenue": 6013044, 
        "long_term_average": 1475958, 
        "date": "2015-05-31", 
        "operating_revenue": 1043001, 
        "short_term_average": 1276046
    }, 
    {
        "accumulated_operating_revenue_yoy": 19.982295321926014, 
        "accumulated_operating_revenue": 7901830, 
        "long_term_average": 1570873, 
        "date": "2015-06-30", 
        "operating_revenue": 1888786, 
        "short_term_average": 1355257
    }, 
    {
        "accumulated_operating_revenue_yoy": 25.989479999948163, 
        "accumulated_operating_revenue": 9722268, 
        "long_term_average": 1628334, 
        "date": "2015-07-31", 
        "operating_revenue": 1820438, 
        "short_term_average": 1584075
    }, 
    {
        "accumulated_operating_revenue_yoy": 23.32641802693634, 
        "accumulated_operating_revenue": 11092644, 
        "long_term_average": 1636048, 
        "date": "2015-08-31", 
        "operating_revenue": 1370376, 
        "short_term_average": 1693200
    }
]