[
    {
        "date": "2012-01-31", 
        "operating_revenue": 694803, 
        "accumulated_operating_revenue": 694803, 
        "long_term_average": 694803, 
        "short_term_average": 694803
    }, 
    {
        "date": "2012-02-29", 
        "operating_revenue": 783267, 
        "accumulated_operating_revenue": 1478070, 
        "long_term_average": 739035, 
        "short_term_average": 739035
    }, 
    {
        "date": "2012-03-31", 
        "operating_revenue": 810396, 
        "accumulated_operating_revenue": 2288466, 
        "long_term_average": 762822, 
        "short_term_average": 762822
    }, 
    {
        "date": "2012-04-30", 
        "operating_revenue": 653551, 
        "accumulated_operating_revenue": 2942017, 
        "long_term_average": 735504, 
        "short_term_average": 749071
    }, 
    {
        "date": "2012-05-31", 
        "operating_revenue": 828201, 
        "accumulated_operating_revenue": 3770218, 
        "long_term_average": 754043, 
        "short_term_average": 764049
    }, 
    {
        "date": "2012-06-30", 
        "operating_revenue": 700846, 
        "accumulated_operating_revenue": 4471064, 
        "long_term_average": 745177, 
        "short_term_average": 727532
    }, 
    {
        "date": "2012-07-31", 
        "operating_revenue": 664231, 
        "accumulated_operating_revenue": 5135295, 
        "long_term_average": 733613, 
        "short_term_average": 731092
    }, 
    {
        "date": "2012-08-31", 
        "operating_revenue": 709980, 
        "accumulated_operating_revenue": 5845275, 
        "long_term_average": 730659, 
        "short_term_average": 691685
    }, 
    {
        "date": "2012-09-30", 
        "operating_revenue": 718073, 
        "accumulated_operating_revenue": 6563348, 
        "long_term_average": 729260, 
        "short_term_average": 697428
    }, 
    {
        "date": "2012-10-31", 
        "operating_revenue": 585744, 
        "accumulated_operating_revenue": 7149092, 
        "long_term_average": 714909, 
        "short_term_average": 671265
    }, 
    {
        "date": "2012-11-30", 
        "operating_revenue": 549158, 
        "accumulated_operating_revenue": 7698250, 
        "long_term_average": 699840, 
        "short_term_average": 617658
    }, 
    {
        "date": "2012-12-31", 
        "operating_revenue": 616335, 
        "accumulated_operating_revenue": 8314585, 
        "long_term_average": 692882, 
        "short_term_average": 583745
    }, 
    {
        "accumulated_operating_revenue_yoy": 1.9588286176081566, 
        "accumulated_operating_revenue": 708413, 
        "long_term_average": 694016, 
        "date": "2013-01-31", 
        "operating_revenue": 708413, 
        "short_term_average": 624635
    }, 
    {
        "accumulated_operating_revenue_yoy": -13.806991549791281, 
        "accumulated_operating_revenue": 1273993, 
        "long_term_average": 675875, 
        "date": "2013-02-28", 
        "operating_revenue": 565580, 
        "short_term_average": 630109
    }, 
    {
        "accumulated_operating_revenue_yoy": -9.219145051750823, 
        "accumulated_operating_revenue": 2077489, 
        "long_term_average": 675300, 
        "date": "2013-03-31", 
        "operating_revenue": 803496, 
        "short_term_average": 692496
    }, 
    {
        "accumulated_operating_revenue_yoy": -4.484712358902073, 
        "accumulated_operating_revenue": 2810076, 
        "long_term_average": 681887, 
        "date": "2013-04-30", 
        "operating_revenue": 732587, 
        "short_term_average": 700554
    }, 
    {
        "accumulated_operating_revenue_yoy": -3.6954096553567988, 
        "accumulated_operating_revenue": 3630893, 
        "long_term_average": 681271, 
        "date": "2013-05-31", 
        "operating_revenue": 820817, 
        "short_term_average": 785633
    }, 
    {
        "accumulated_operating_revenue_yoy": 0.16362995474902617, 
        "accumulated_operating_revenue": 4478380, 
        "long_term_average": 693491, 
        "date": "2013-06-30", 
        "operating_revenue": 847487, 
        "short_term_average": 800297
    }, 
    {
        "accumulated_operating_revenue_yoy": 1.3604087009607044, 
        "accumulated_operating_revenue": 5205156, 
        "long_term_average": 698703, 
        "date": "2013-07-31", 
        "operating_revenue": 726776, 
        "short_term_average": 798360
    }, 
    {
        "accumulated_operating_revenue_yoy": 3.373014956524714, 
        "accumulated_operating_revenue": 6042437, 
        "long_term_average": 709312, 
        "date": "2013-08-31", 
        "operating_revenue": 837281, 
        "short_term_average": 803848
    }, 
    {
        "accumulated_operating_revenue_yoy": 3.5117443109827486, 
        "accumulated_operating_revenue": 6793836, 
        "long_term_average": 712089, 
        "date": "2013-09-30", 
        "operating_revenue": 751399, 
        "short_term_average": 771818
    }, 
    {
        "accumulated_operating_revenue_yoy": 5.833202314363838, 
        "accumulated_operating_revenue": 7566113, 
        "long_term_average": 727633, 
        "date": "2013-10-31", 
        "operating_revenue": 772277, 
        "short_term_average": 786985
    }, 
    {
        "accumulated_operating_revenue_yoy": 4.614607215925697, 
        "accumulated_operating_revenue": 8053494, 
        "long_term_average": 722485, 
        "date": "2013-11-30", 
        "operating_revenue": 487381, 
        "short_term_average": 670352
    }, 
    {
        "accumulated_operating_revenue_yoy": 6.078078460921381, 
        "accumulated_operating_revenue": 8819952, 
        "long_term_average": 734996, 
        "date": "2013-12-31", 
        "operating_revenue": 766458, 
        "short_term_average": 675372
    }, 
    {
        "accumulated_operating_revenue_yoy": 21.825262946896796, 
        "accumulated_operating_revenue": 863026, 
        "long_term_average": 747880, 
        "date": "2014-01-31", 
        "operating_revenue": 863026, 
        "short_term_average": 705621
    }, 
    {
        "accumulated_operating_revenue_yoy": 25.910581926274318, 
        "accumulated_operating_revenue": 1604092, 
        "long_term_average": 762504, 
        "date": "2014-02-28", 
        "operating_revenue": 741066, 
        "short_term_average": 790183
    }, 
    {
        "accumulated_operating_revenue_yoy": 15.08104254703635, 
        "accumulated_operating_revenue": 2390796, 
        "long_term_average": 761104, 
        "date": "2014-03-31", 
        "operating_revenue": 786704, 
        "short_term_average": 796932
    }, 
    {
        "accumulated_operating_revenue_yoy": 16.560726471454863, 
        "accumulated_operating_revenue": 3275445, 
        "long_term_average": 773776, 
        "date": "2014-04-30", 
        "operating_revenue": 884649, 
        "short_term_average": 804139
    }, 
    {
        "accumulated_operating_revenue_yoy": 12.04992821325222, 
        "accumulated_operating_revenue": 4068413, 
        "long_term_average": 771456, 
        "date": "2014-05-31", 
        "operating_revenue": 792968, 
        "short_term_average": 821440
    }, 
    {
        "accumulated_operating_revenue_yoy": 7.006596135209607, 
        "accumulated_operating_revenue": 4792162, 
        "long_term_average": 761144, 
        "date": "2014-06-30", 
        "operating_revenue": 723749, 
        "short_term_average": 800455
    }, 
    {
        "accumulated_operating_revenue_yoy": 8.457575527035116, 
        "accumulated_operating_revenue": 5645386, 
        "long_term_average": 771681, 
        "date": "2014-07-31", 
        "operating_revenue": 853224, 
        "short_term_average": 789980
    }, 
    {
        "accumulated_operating_revenue_yoy": 5.703311428815891, 
        "accumulated_operating_revenue": 6387056, 
        "long_term_average": 763714, 
        "date": "2014-08-31", 
        "operating_revenue": 741670, 
        "short_term_average": 772881
    }, 
    {
        "accumulated_operating_revenue_yoy": 4.415973538366249, 
        "accumulated_operating_revenue": 7093850, 
        "long_term_average": 759997, 
        "date": "2014-09-30", 
        "operating_revenue": 706794, 
        "short_term_average": 767229
    }, 
    {
        "accumulated_operating_revenue_yoy": 3.2396819873031237, 
        "accumulated_operating_revenue": 7811231, 
        "long_term_average": 755422, 
        "date": "2014-10-31", 
        "operating_revenue": 717381, 
        "short_term_average": 721948
    }, 
    {
        "accumulated_operating_revenue_yoy": 3.8664708758707715, 
        "accumulated_operating_revenue": 8364880, 
        "long_term_average": 760944, 
        "date": "2014-11-30", 
        "operating_revenue": 553649, 
        "short_term_average": 659274
    }, 
    {
        "accumulated_operating_revenue_yoy": 0.9526015561082419, 
        "accumulated_operating_revenue": 8903971, 
        "long_term_average": 741997, 
        "date": "2014-12-31", 
        "operating_revenue": 539091, 
        "short_term_average": 603373
    }, 
    {
        "accumulated_operating_revenue_yoy": -39.404838324685464, 
        "accumulated_operating_revenue": 522952, 
        "long_term_average": 713658, 
        "date": "2015-01-31", 
        "operating_revenue": 522952, 
        "short_term_average": 538564
    }, 
    {
        "accumulated_operating_revenue_yoy": -37.254534029220274, 
        "accumulated_operating_revenue": 1006495, 
        "long_term_average": 692197, 
        "date": "2015-02-28", 
        "operating_revenue": 483543, 
        "short_term_average": 515195
    }, 
    {
        "accumulated_operating_revenue_yoy": -33.632689698326416, 
        "accumulated_operating_revenue": 1586707, 
        "long_term_average": 674990, 
        "date": "2015-03-31", 
        "operating_revenue": 580212, 
        "short_term_average": 528902
    }, 
    {
        "accumulated_operating_revenue_yoy": -34.42802428372328, 
        "accumulated_operating_revenue": 2147774, 
        "long_term_average": 648025, 
        "date": "2015-04-30", 
        "operating_revenue": 561067, 
        "short_term_average": 541607
    }, 
    {
        "accumulated_operating_revenue_yoy": -35.17233869816068, 
        "accumulated_operating_revenue": 2637457, 
        "long_term_average": 622751, 
        "date": "2015-05-31", 
        "operating_revenue": 489683, 
        "short_term_average": 543654
    }, 
    {
        "accumulated_operating_revenue_yoy": -33.67304778093896, 
        "accumulated_operating_revenue": 3178495, 
        "long_term_average": 607525, 
        "date": "2015-06-30", 
        "operating_revenue": 541038, 
        "short_term_average": 530596
    }, 
    {
        "accumulated_operating_revenue_yoy": -35.09492530714463, 
        "accumulated_operating_revenue": 3664142, 
        "long_term_average": 576893, 
        "date": "2015-07-31", 
        "operating_revenue": 485647, 
        "short_term_average": 505456
    }, 
    {
        "accumulated_operating_revenue_yoy": -35.2063454586902, 
        "accumulated_operating_revenue": 4138407, 
        "long_term_average": 554610, 
        "date": "2015-08-31", 
        "operating_revenue": 474265, 
        "short_term_average": 500316
    }, 
    {
        "accumulated_operating_revenue_yoy": -35.54223729004701, 
        "accumulated_operating_revenue": 4572537, 
        "long_term_average": 531888, 
        "date": "2015-09-30", 
        "operating_revenue": 434130, 
        "short_term_average": 464680
    }
]