[
    {
        "date": "2012-01-31", 
        "operating_revenue": 165613, 
        "accumulated_operating_revenue": 165613, 
        "long_term_average": 165613, 
        "short_term_average": 165613
    }, 
    {
        "date": "2012-02-29", 
        "operating_revenue": 180305, 
        "accumulated_operating_revenue": 345918, 
        "long_term_average": 172959, 
        "short_term_average": 172959
    }, 
    {
        "date": "2012-03-31", 
        "operating_revenue": 219177, 
        "accumulated_operating_revenue": 565095, 
        "long_term_average": 188365, 
        "short_term_average": 188365
    }, 
    {
        "date": "2012-04-30", 
        "operating_revenue": 180850, 
        "accumulated_operating_revenue": 745945, 
        "long_term_average": 186486, 
        "short_term_average": 193444
    }, 
    {
        "date": "2012-05-31", 
        "operating_revenue": 201959, 
        "accumulated_operating_revenue": 947904, 
        "long_term_average": 189580, 
        "short_term_average": 200662
    }, 
    {
        "date": "2012-06-30", 
        "operating_revenue": 204469, 
        "accumulated_operating_revenue": 1152373, 
        "long_term_average": 192062, 
        "short_term_average": 195759
    }, 
    {
        "date": "2012-07-31", 
        "operating_revenue": 247870, 
        "accumulated_operating_revenue": 1400243, 
        "long_term_average": 200034, 
        "short_term_average": 218099
    }, 
    {
        "date": "2012-08-31", 
        "operating_revenue": 224859, 
        "accumulated_operating_revenue": 1625102, 
        "long_term_average": 203137, 
        "short_term_average": 225732
    }, 
    {
        "date": "2012-09-30", 
        "operating_revenue": 220088, 
        "accumulated_operating_revenue": 1845190, 
        "long_term_average": 205021, 
        "short_term_average": 230939
    }, 
    {
        "date": "2012-10-31", 
        "operating_revenue": 214770, 
        "accumulated_operating_revenue": 2059960, 
        "long_term_average": 205996, 
        "short_term_average": 219905
    }, 
    {
        "date": "2012-11-30", 
        "operating_revenue": 191813, 
        "accumulated_operating_revenue": 2251773, 
        "long_term_average": 204706, 
        "short_term_average": 208890
    }, 
    {
        "date": "2012-12-31", 
        "operating_revenue": 141744, 
        "accumulated_operating_revenue": 2393517, 
        "long_term_average": 199459, 
        "short_term_average": 182775
    }, 
    {
        "accumulated_operating_revenue_yoy": 3.8426935083598512, 
        "accumulated_operating_revenue": 171977, 
        "long_term_average": 199990, 
        "date": "2013-01-31", 
        "operating_revenue": 171977, 
        "short_term_average": 168511
    }, 
    {
        "accumulated_operating_revenue_yoy": -18.088390890326608, 
        "accumulated_operating_revenue": 283347, 
        "long_term_average": 194245, 
        "date": "2013-02-28", 
        "operating_revenue": 111370, 
        "short_term_average": 141697
    }, 
    {
        "accumulated_operating_revenue_yoy": -23.584706996168787, 
        "accumulated_operating_revenue": 431819, 
        "long_term_average": 188353, 
        "date": "2013-03-31", 
        "operating_revenue": 148472, 
        "short_term_average": 143939
    }, 
    {
        "accumulated_operating_revenue_yoy": -19.219781619288284, 
        "accumulated_operating_revenue": 602576, 
        "long_term_average": 187512, 
        "date": "2013-04-30", 
        "operating_revenue": 170757, 
        "short_term_average": 143533
    }, 
    {
        "accumulated_operating_revenue_yoy": -18.54386098170279, 
        "accumulated_operating_revenue": 772126, 
        "long_term_average": 184811, 
        "date": "2013-05-31", 
        "operating_revenue": 169550, 
        "short_term_average": 162926
    }, 
    {
        "accumulated_operating_revenue_yoy": -17.207449324133766, 
        "accumulated_operating_revenue": 954079, 
        "long_term_average": 182935, 
        "date": "2013-06-30", 
        "operating_revenue": 181953, 
        "short_term_average": 174086
    }, 
    {
        "accumulated_operating_revenue_yoy": -18.177202099921228, 
        "accumulated_operating_revenue": 1145718, 
        "long_term_average": 178249, 
        "date": "2013-07-31", 
        "operating_revenue": 191639, 
        "short_term_average": 181047
    }, 
    {
        "accumulated_operating_revenue_yoy": -22.945759712313443, 
        "accumulated_operating_revenue": 1252210, 
        "long_term_average": 168385, 
        "date": "2013-08-31", 
        "operating_revenue": 106492, 
        "short_term_average": 160028
    }, 
    {
        "accumulated_operating_revenue_yoy": -28.26559866463616, 
        "accumulated_operating_revenue": 1323636, 
        "long_term_average": 155996, 
        "date": "2013-09-30", 
        "operating_revenue": 71426, 
        "short_term_average": 123185
    }, 
    {
        "accumulated_operating_revenue_yoy": -33.19947960154566, 
        "accumulated_operating_revenue": 1376064, 
        "long_term_average": 142468, 
        "date": "2013-10-31", 
        "operating_revenue": 52428, 
        "short_term_average": 76782
    }, 
    {
        "accumulated_operating_revenue_yoy": -37.16835578008973, 
        "accumulated_operating_revenue": 1414826, 
        "long_term_average": 129714, 
        "date": "2013-11-30", 
        "operating_revenue": 38762, 
        "short_term_average": 54205
    }, 
    {
        "accumulated_operating_revenue_yoy": -39.38167140655362, 
        "accumulated_operating_revenue": 1450910, 
        "long_term_average": 120909, 
        "date": "2013-12-31", 
        "operating_revenue": 36084, 
        "short_term_average": 42424
    }, 
    {
        "accumulated_operating_revenue_yoy": -79.77345807869656, 
        "accumulated_operating_revenue": 34785, 
        "long_term_average": 109476, 
        "date": "2014-01-31", 
        "operating_revenue": 34785, 
        "short_term_average": 36543
    }, 
    {
        "accumulated_operating_revenue_yoy": -68.01307231062972, 
        "accumulated_operating_revenue": 90634, 
        "long_term_average": 104849, 
        "date": "2014-02-28", 
        "operating_revenue": 55849, 
        "short_term_average": 42239
    }, 
    {
        "accumulated_operating_revenue_yoy": -56.36435636227216, 
        "accumulated_operating_revenue": 188427, 
        "long_term_average": 100626, 
        "date": "2014-03-31", 
        "operating_revenue": 97793, 
        "short_term_average": 62809
    }, 
    {
        "accumulated_operating_revenue_yoy": -51.33493534425533, 
        "accumulated_operating_revenue": 293244, 
        "long_term_average": 95131, 
        "date": "2014-04-30", 
        "operating_revenue": 104817, 
        "short_term_average": 86153
    }, 
    {
        "accumulated_operating_revenue_yoy": -46.80181731997109, 
        "accumulated_operating_revenue": 410757, 
        "long_term_average": 90795, 
        "date": "2014-05-31", 
        "operating_revenue": 117513, 
        "short_term_average": 106707
    }, 
    {
        "accumulated_operating_revenue_yoy": -43.955479577686965, 
        "accumulated_operating_revenue": 534709, 
        "long_term_average": 85961, 
        "date": "2014-06-30", 
        "operating_revenue": 123952, 
        "short_term_average": 115427
    }, 
    {
        "accumulated_operating_revenue_yoy": -41.10871959766714, 
        "accumulated_operating_revenue": 674728, 
        "long_term_average": 81660, 
        "date": "2014-07-31", 
        "operating_revenue": 140019, 
        "short_term_average": 127161
    }, 
    {
        "accumulated_operating_revenue_yoy": -35.16375048913521, 
        "accumulated_operating_revenue": 811886, 
        "long_term_average": 84215, 
        "date": "2014-08-31", 
        "operating_revenue": 137158, 
        "short_term_average": 133709
    }, 
    {
        "accumulated_operating_revenue_yoy": -28.41460945456304, 
        "accumulated_operating_revenue": 947530, 
        "long_term_average": 89567, 
        "date": "2014-09-30", 
        "operating_revenue": 135644, 
        "short_term_average": 137607
    }, 
    {
        "accumulated_operating_revenue_yoy": -22.129348634947213, 
        "accumulated_operating_revenue": 1071550, 
        "long_term_average": 95533, 
        "date": "2014-10-31", 
        "operating_revenue": 124020, 
        "short_term_average": 132274
    }, 
    {
        "accumulated_operating_revenue_yoy": -13.393449088439144, 
        "accumulated_operating_revenue": 1225332, 
        "long_term_average": 105118, 
        "date": "2014-11-30", 
        "operating_revenue": 153782, 
        "short_term_average": 137815
    }, 
    {
        "accumulated_operating_revenue_yoy": -6.943849032676044, 
        "accumulated_operating_revenue": 1350161, 
        "long_term_average": 112513, 
        "date": "2014-12-31", 
        "operating_revenue": 124829, 
        "short_term_average": 134210
    }, 
    {
        "accumulated_operating_revenue_yoy": 314.7822337214317, 
        "accumulated_operating_revenue": 144282, 
        "long_term_average": 121638, 
        "date": "2015-01-31", 
        "operating_revenue": 144282, 
        "short_term_average": 140964
    }, 
    {
        "accumulated_operating_revenue_yoy": 178.49813535759208, 
        "accumulated_operating_revenue": 252414, 
        "long_term_average": 125995, 
        "date": "2015-02-28", 
        "operating_revenue": 108132, 
        "short_term_average": 125747
    }, 
    {
        "accumulated_operating_revenue_yoy": 112.98805372903034, 
        "accumulated_operating_revenue": 401327, 
        "long_term_average": 130255, 
        "date": "2015-03-31", 
        "operating_revenue": 148913, 
        "short_term_average": 133775
    }, 
    {
        "accumulated_operating_revenue_yoy": 81.58632401685968, 
        "accumulated_operating_revenue": 532491, 
        "long_term_average": 132450, 
        "date": "2015-04-30", 
        "operating_revenue": 131164, 
        "short_term_average": 129403
    }, 
    {
        "accumulated_operating_revenue_yoy": 66.35066474825749, 
        "accumulated_operating_revenue": 683297, 
        "long_term_average": 135225, 
        "date": "2015-05-31", 
        "operating_revenue": 150806, 
        "short_term_average": 143627
    }, 
    {
        "accumulated_operating_revenue_yoy": 54.93586231015375, 
        "accumulated_operating_revenue": 828456, 
        "long_term_average": 136992, 
        "date": "2015-06-30", 
        "operating_revenue": 145159, 
        "short_term_average": 142376
    }, 
    {
        "accumulated_operating_revenue_yoy": 45.341382008750195, 
        "accumulated_operating_revenue": 980659, 
        "long_term_average": 138007, 
        "date": "2015-07-31", 
        "operating_revenue": 152203, 
        "short_term_average": 149389
    }, 
    {
        "accumulated_operating_revenue_yoy": 38.10153149580113, 
        "accumulated_operating_revenue": 1121227, 
        "long_term_average": 138291, 
        "date": "2015-08-31", 
        "operating_revenue": 140568, 
        "short_term_average": 145976
    }
]