[
    {
        "date": "2012-01-31", 
        "operating_revenue": 655988, 
        "accumulated_operating_revenue": 655988, 
        "long_term_average": 655988, 
        "short_term_average": 655988
    }, 
    {
        "date": "2012-02-29", 
        "operating_revenue": 575253, 
        "accumulated_operating_revenue": 1231241, 
        "long_term_average": 615620, 
        "short_term_average": 615620
    }, 
    {
        "date": "2012-03-31", 
        "operating_revenue": 664962, 
        "accumulated_operating_revenue": 1896203, 
        "long_term_average": 632067, 
        "short_term_average": 632067
    }, 
    {
        "date": "2012-04-30", 
        "operating_revenue": 703946, 
        "accumulated_operating_revenue": 2600149, 
        "long_term_average": 650037, 
        "short_term_average": 648053
    }, 
    {
        "date": "2012-05-31", 
        "operating_revenue": 719750, 
        "accumulated_operating_revenue": 3319899, 
        "long_term_average": 663979, 
        "short_term_average": 696219
    }, 
    {
        "date": "2012-06-30", 
        "operating_revenue": 661460, 
        "accumulated_operating_revenue": 3981359, 
        "long_term_average": 663559, 
        "short_term_average": 695052
    }, 
    {
        "date": "2012-07-31", 
        "operating_revenue": 674973, 
        "accumulated_operating_revenue": 4656332, 
        "long_term_average": 665190, 
        "short_term_average": 685394
    }, 
    {
        "date": "2012-08-31", 
        "operating_revenue": 673397, 
        "accumulated_operating_revenue": 5329729, 
        "long_term_average": 666216, 
        "short_term_average": 669943
    }, 
    {
        "date": "2012-09-30", 
        "operating_revenue": 661650, 
        "accumulated_operating_revenue": 5991379, 
        "long_term_average": 665708, 
        "short_term_average": 670006
    }, 
    {
        "date": "2012-10-31", 
        "operating_revenue": 712770, 
        "accumulated_operating_revenue": 6704149, 
        "long_term_average": 670414, 
        "short_term_average": 682605
    }, 
    {
        "date": "2012-11-30", 
        "operating_revenue": 711483, 
        "accumulated_operating_revenue": 7415632, 
        "long_term_average": 674148, 
        "short_term_average": 695301
    }, 
    {
        "date": "2012-12-31", 
        "operating_revenue": 711741, 
        "accumulated_operating_revenue": 8127373, 
        "long_term_average": 677281, 
        "short_term_average": 711998
    }, 
    {
        "accumulated_operating_revenue_yoy": 37.800539034250626, 
        "accumulated_operating_revenue": 903955, 
        "long_term_average": 697945, 
        "date": "2013-01-31", 
        "operating_revenue": 903955, 
        "short_term_average": 775726
    }, 
    {
        "accumulated_operating_revenue_yoy": 18.88444260709317, 
        "accumulated_operating_revenue": 1463754, 
        "long_term_average": 696657, 
        "date": "2013-02-28", 
        "operating_revenue": 559799, 
        "short_term_average": 725165
    }, 
    {
        "accumulated_operating_revenue_yoy": 8.719583293560868, 
        "accumulated_operating_revenue": 2061544, 
        "long_term_average": 691059, 
        "date": "2013-03-31", 
        "operating_revenue": 597790, 
        "short_term_average": 687181
    }, 
    {
        "accumulated_operating_revenue_yoy": 4.212566279855501, 
        "accumulated_operating_revenue": 2709682, 
        "long_term_average": 686408, 
        "date": "2013-04-30", 
        "operating_revenue": 648138, 
        "short_term_average": 601909
    }, 
    {
        "accumulated_operating_revenue_yoy": 2.316425891269584, 
        "accumulated_operating_revenue": 3396802, 
        "long_term_average": 683689, 
        "date": "2013-05-31", 
        "operating_revenue": 687120, 
        "short_term_average": 644349
    }, 
    {
        "accumulated_operating_revenue_yoy": 0.5142716343841387, 
        "accumulated_operating_revenue": 4001834, 
        "long_term_average": 678987, 
        "date": "2013-06-30", 
        "operating_revenue": 605032, 
        "short_term_average": 646763
    }, 
    {
        "accumulated_operating_revenue_yoy": 0.5248551864428911, 
        "accumulated_operating_revenue": 4680771, 
        "long_term_average": 679317, 
        "date": "2013-07-31", 
        "operating_revenue": 678937, 
        "short_term_average": 657029
    }, 
    {
        "accumulated_operating_revenue_yoy": -0.15775661389162565, 
        "accumulated_operating_revenue": 5321321, 
        "long_term_average": 676580, 
        "date": "2013-08-31", 
        "operating_revenue": 640550, 
        "short_term_average": 641506
    }, 
    {
        "accumulated_operating_revenue_yoy": -0.09802417773938188, 
        "accumulated_operating_revenue": 5985506, 
        "long_term_average": 676791, 
        "date": "2013-09-30", 
        "operating_revenue": 664185, 
        "short_term_average": 661224
    }, 
    {
        "accumulated_operating_revenue_yoy": -0.39430806206723623, 
        "accumulated_operating_revenue": 6677714, 
        "long_term_average": 675078, 
        "date": "2013-10-31", 
        "operating_revenue": 692208, 
        "short_term_average": 665647
    }, 
    {
        "accumulated_operating_revenue_yoy": -0.4061150823018186, 
        "accumulated_operating_revenue": 7385516, 
        "long_term_average": 674771, 
        "date": "2013-11-30", 
        "operating_revenue": 707802, 
        "short_term_average": 688065
    }, 
    {
        "accumulated_operating_revenue_yoy": 0.25160651541402124, 
        "accumulated_operating_revenue": 8147822, 
        "long_term_average": 678985, 
        "date": "2013-12-31", 
        "operating_revenue": 762306, 
        "short_term_average": 720772
    }, 
    {
        "accumulated_operating_revenue_yoy": -8.308820682445475, 
        "accumulated_operating_revenue": 828847, 
        "long_term_average": 672726, 
        "date": "2014-01-31", 
        "operating_revenue": 828847, 
        "short_term_average": 766318
    }, 
    {
        "accumulated_operating_revenue_yoy": -10.812745857568963, 
        "accumulated_operating_revenue": 1305482, 
        "long_term_average": 665795, 
        "date": "2014-02-28", 
        "operating_revenue": 476635, 
        "short_term_average": 689262
    }, 
    {
        "accumulated_operating_revenue_yoy": -2.5260193330823886, 
        "accumulated_operating_revenue": 2009469, 
        "long_term_average": 674645, 
        "date": "2014-03-31", 
        "operating_revenue": 703987, 
        "short_term_average": 669823
    }, 
    {
        "accumulated_operating_revenue_yoy": 1.4314225802142095, 
        "accumulated_operating_revenue": 2748469, 
        "long_term_average": 682217, 
        "date": "2014-04-30", 
        "operating_revenue": 739000, 
        "short_term_average": 639874
    }, 
    {
        "accumulated_operating_revenue_yoy": 0.509096497234752, 
        "accumulated_operating_revenue": 3414095, 
        "long_term_average": 680426, 
        "date": "2014-05-31", 
        "operating_revenue": 665626, 
        "short_term_average": 702871
    }, 
    {
        "accumulated_operating_revenue_yoy": 1.6932236569532868, 
        "accumulated_operating_revenue": 4069594, 
        "long_term_average": 684631, 
        "date": "2014-06-30", 
        "operating_revenue": 655499, 
        "short_term_average": 686708
    }, 
    {
        "accumulated_operating_revenue_yoy": 2.377727942682947, 
        "accumulated_operating_revenue": 4792067, 
        "long_term_average": 688259, 
        "date": "2014-07-31", 
        "operating_revenue": 722473, 
        "short_term_average": 681199
    }, 
    {
        "accumulated_operating_revenue_yoy": 1.7679256710880626, 
        "accumulated_operating_revenue": 5415398, 
        "long_term_average": 686824, 
        "date": "2014-08-31", 
        "operating_revenue": 623331, 
        "short_term_average": 667101
    }, 
    {
        "accumulated_operating_revenue_yoy": 2.3436447979502484, 
        "accumulated_operating_revenue": 6125785, 
        "long_term_average": 690675, 
        "date": "2014-09-30", 
        "operating_revenue": 710387, 
        "short_term_average": 685397
    }, 
    {
        "accumulated_operating_revenue_yoy": 3.172432961339764, 
        "accumulated_operating_revenue": 6889560, 
        "long_term_average": 696639, 
        "date": "2014-10-31", 
        "operating_revenue": 763775, 
        "short_term_average": 699164
    }, 
    {
        "accumulated_operating_revenue_yoy": 2.4847282166879063, 
        "accumulated_operating_revenue": 7569026, 
        "long_term_average": 694277, 
        "date": "2014-11-30", 
        "operating_revenue": 679466, 
        "short_term_average": 717876
    }, 
    {
        "accumulated_operating_revenue_yoy": 2.09620435988906, 
        "accumulated_operating_revenue": 8318617, 
        "long_term_average": 693218, 
        "date": "2014-12-31", 
        "operating_revenue": 749591, 
        "short_term_average": 730944
    }, 
    {
        "accumulated_operating_revenue_yoy": -3.2100013633396753, 
        "accumulated_operating_revenue": 802241, 
        "long_term_average": 691000, 
        "date": "2015-01-31", 
        "operating_revenue": 802241, 
        "short_term_average": 743766
    }, 
    {
        "accumulated_operating_revenue_yoy": 3.4239460980695253, 
        "accumulated_operating_revenue": 1350181, 
        "long_term_average": 696943, 
        "date": "2015-02-28", 
        "operating_revenue": 547940, 
        "short_term_average": 699924
    }, 
    {
        "accumulated_operating_revenue_yoy": 3.487090370640204, 
        "accumulated_operating_revenue": 2079541, 
        "long_term_average": 699057, 
        "date": "2015-03-31", 
        "operating_revenue": 729360, 
        "short_term_average": 693180
    }, 
    {
        "accumulated_operating_revenue_yoy": 0.32963806395487816, 
        "accumulated_operating_revenue": 2757529, 
        "long_term_average": 693973, 
        "date": "2015-04-30", 
        "operating_revenue": 677988, 
        "short_term_average": 651762
    }, 
    {
        "accumulated_operating_revenue_yoy": -0.48481369147607195, 
        "accumulated_operating_revenue": 3397543, 
        "long_term_average": 691838, 
        "date": "2015-05-31", 
        "operating_revenue": 640014, 
        "short_term_average": 682454
    }, 
    {
        "accumulated_operating_revenue_yoy": 0.23513402074015247, 
        "accumulated_operating_revenue": 4079163, 
        "long_term_average": 694015, 
        "date": "2015-06-30", 
        "operating_revenue": 681620, 
        "short_term_average": 666540
    }, 
    {
        "accumulated_operating_revenue_yoy": -0.4693173112980265, 
        "accumulated_operating_revenue": 4769577, 
        "long_term_average": 691343, 
        "date": "2015-07-31", 
        "operating_revenue": 690414, 
        "short_term_average": 670682
    }, 
    {
        "accumulated_operating_revenue_yoy": -0.06200836946795047, 
        "accumulated_operating_revenue": 5412040, 
        "long_term_average": 692938, 
        "date": "2015-08-31", 
        "operating_revenue": 642463, 
        "short_term_average": 671499
    }
]