[
    {
        "date": "2011-09-30", 
        "operating_revenue": 162390, 
        "accumulated_operating_revenue": 162390, 
        "long_term_average": 162390, 
        "short_term_average": 162390
    }, 
    {
        "date": "2011-10-31", 
        "operating_revenue": 167708, 
        "accumulated_operating_revenue": 330098, 
        "long_term_average": 165049, 
        "short_term_average": 165049
    }, 
    {
        "date": "2011-11-30", 
        "operating_revenue": 171993, 
        "accumulated_operating_revenue": 502091, 
        "long_term_average": 167363, 
        "short_term_average": 167363
    }, 
    {
        "date": "2011-12-31", 
        "operating_revenue": 180507, 
        "accumulated_operating_revenue": 682598, 
        "long_term_average": 170649, 
        "short_term_average": 173402
    }, 
    {
        "date": "2012-01-31", 
        "operating_revenue": 148937, 
        "accumulated_operating_revenue": 148937, 
        "long_term_average": 166307, 
        "short_term_average": 167145
    }, 
    {
        "date": "2012-02-29", 
        "operating_revenue": 172121, 
        "accumulated_operating_revenue": 321058, 
        "long_term_average": 167276, 
        "short_term_average": 167188
    }, 
    {
        "date": "2012-03-31", 
        "operating_revenue": 187616, 
        "accumulated_operating_revenue": 508674, 
        "long_term_average": 170181, 
        "short_term_average": 169558
    }, 
    {
        "date": "2012-04-30", 
        "operating_revenue": 184065, 
        "accumulated_operating_revenue": 692739, 
        "long_term_average": 171917, 
        "short_term_average": 181267
    }, 
    {
        "date": "2012-05-31", 
        "operating_revenue": 192220, 
        "accumulated_operating_revenue": 884959, 
        "long_term_average": 174173, 
        "short_term_average": 187967
    }, 
    {
        "date": "2012-06-30", 
        "operating_revenue": 190580, 
        "accumulated_operating_revenue": 1075539, 
        "long_term_average": 175813, 
        "short_term_average": 188955
    }, 
    {
        "date": "2012-07-31", 
        "operating_revenue": 196645, 
        "accumulated_operating_revenue": 1272184, 
        "long_term_average": 177707, 
        "short_term_average": 193148
    }, 
    {
        "date": "2012-08-31", 
        "operating_revenue": 214039, 
        "accumulated_operating_revenue": 1486223, 
        "long_term_average": 180735, 
        "short_term_average": 200421
    }, 
    {
        "accumulated_operating_revenue_yoy": 927.7769567091569, 
        "accumulated_operating_revenue": 1669007, 
        "long_term_average": 182434, 
        "date": "2012-09-30", 
        "operating_revenue": 182784, 
        "short_term_average": 197822
    }, 
    {
        "accumulated_operating_revenue_yoy": 464.0618846524365, 
        "accumulated_operating_revenue": 1861957, 
        "long_term_average": 184538, 
        "date": "2012-10-31", 
        "operating_revenue": 192950, 
        "short_term_average": 196591
    }, 
    {
        "accumulated_operating_revenue_yoy": 305.1683858105403, 
        "accumulated_operating_revenue": 2034314, 
        "long_term_average": 184568, 
        "date": "2012-11-30", 
        "operating_revenue": 172357, 
        "short_term_average": 182697
    }, 
    {
        "accumulated_operating_revenue_yoy": 222.97018157099785, 
        "accumulated_operating_revenue": 2204588, 
        "long_term_average": 183715, 
        "date": "2012-12-31", 
        "operating_revenue": 170274, 
        "short_term_average": 178527
    }, 
    {
        "accumulated_operating_revenue_yoy": 23.466297830626374, 
        "accumulated_operating_revenue": 183887, 
        "long_term_average": 186628, 
        "date": "2013-01-31", 
        "operating_revenue": 183887, 
        "short_term_average": 175506
    }, 
    {
        "accumulated_operating_revenue_yoy": 1.2732901843280653, 
        "accumulated_operating_revenue": 325146, 
        "long_term_average": 184056, 
        "date": "2013-02-28", 
        "operating_revenue": 141259, 
        "short_term_average": 165140
    }, 
    {
        "accumulated_operating_revenue_yoy": 1.8129489614173322, 
        "accumulated_operating_revenue": 517896, 
        "long_term_average": 184484, 
        "date": "2013-03-31", 
        "operating_revenue": 192750, 
        "short_term_average": 172632
    }, 
    {
        "accumulated_operating_revenue_yoy": -0.5550430970394333, 
        "accumulated_operating_revenue": 688894, 
        "long_term_average": 183395, 
        "date": "2013-04-30", 
        "operating_revenue": 170998, 
        "short_term_average": 168335
    }, 
    {
        "accumulated_operating_revenue_yoy": -1.1576807513116427, 
        "accumulated_operating_revenue": 874714, 
        "long_term_average": 182861, 
        "date": "2013-05-31", 
        "operating_revenue": 185820, 
        "short_term_average": 183189
    }, 
    {
        "accumulated_operating_revenue_yoy": -3.6532380508749567, 
        "accumulated_operating_revenue": 1036247, 
        "long_term_average": 180441, 
        "date": "2013-06-30", 
        "operating_revenue": 161533, 
        "short_term_average": 172783
    }, 
    {
        "accumulated_operating_revenue_yoy": -4.348584795910026, 
        "accumulated_operating_revenue": 1216862, 
        "long_term_average": 179105, 
        "date": "2013-07-31", 
        "operating_revenue": 180615, 
        "short_term_average": 175989
    }, 
    {
        "accumulated_operating_revenue_yoy": -6.489941280682643, 
        "accumulated_operating_revenue": 1389768, 
        "long_term_average": 175677, 
        "date": "2013-08-31", 
        "operating_revenue": 172906, 
        "short_term_average": 171684
    }, 
    {
        "accumulated_operating_revenue_yoy": -7.316506162047254, 
        "accumulated_operating_revenue": 1546894, 
        "long_term_average": 173539, 
        "date": "2013-09-30", 
        "operating_revenue": 157126, 
        "short_term_average": 170215
    }, 
    {
        "accumulated_operating_revenue_yoy": -6.728834231939835, 
        "accumulated_operating_revenue": 1736669, 
        "long_term_average": 173275, 
        "date": "2013-10-31", 
        "operating_revenue": 189775, 
        "short_term_average": 173269
    }, 
    {
        "accumulated_operating_revenue_yoy": -6.6826950018532045, 
        "accumulated_operating_revenue": 1898367, 
        "long_term_average": 172386, 
        "date": "2013-11-30", 
        "operating_revenue": 161698, 
        "short_term_average": 169533
    }, 
    {
        "accumulated_operating_revenue_yoy": -5.6630535955017445, 
        "accumulated_operating_revenue": 2079741, 
        "long_term_average": 173311, 
        "date": "2013-12-31", 
        "operating_revenue": 181374, 
        "short_term_average": 177615
    }, 
    {
        "accumulated_operating_revenue_yoy": -11.90187452076547, 
        "accumulated_operating_revenue": 162001, 
        "long_term_average": 171487, 
        "date": "2014-01-31", 
        "operating_revenue": 162001, 
        "short_term_average": 168357
    }, 
    {
        "accumulated_operating_revenue_yoy": -5.20596901084436, 
        "accumulated_operating_revenue": 308219, 
        "long_term_average": 171901, 
        "date": "2014-02-28", 
        "operating_revenue": 146218, 
        "short_term_average": 163197
    }, 
    {
        "accumulated_operating_revenue_yoy": -8.589176205261289, 
        "accumulated_operating_revenue": 473413, 
        "long_term_average": 169604, 
        "date": "2014-03-31", 
        "operating_revenue": 165194, 
        "short_term_average": 157804
    }, 
    {
        "accumulated_operating_revenue_yoy": -3.4022650799687617, 
        "accumulated_operating_revenue": 665456, 
        "long_term_average": 171358, 
        "date": "2014-04-30", 
        "operating_revenue": 192043, 
        "short_term_average": 167818
    }, 
    {
        "accumulated_operating_revenue_yoy": -1.3813657949912772, 
        "accumulated_operating_revenue": 862631, 
        "long_term_average": 172304, 
        "date": "2014-05-31", 
        "operating_revenue": 197175, 
        "short_term_average": 184804
    }, 
    {
        "accumulated_operating_revenue_yoy": 2.4577151972454447, 
        "accumulated_operating_revenue": 1061715, 
        "long_term_average": 175434, 
        "date": "2014-06-30", 
        "operating_revenue": 199084, 
        "short_term_average": 196100
    }, 
    {
        "accumulated_operating_revenue_yoy": 2.900411057293267, 
        "accumulated_operating_revenue": 1252156, 
        "long_term_average": 176252, 
        "date": "2014-07-31", 
        "operating_revenue": 190441, 
        "short_term_average": 195566
    }, 
    {
        "accumulated_operating_revenue_yoy": 3.61700657951543, 
        "accumulated_operating_revenue": 1440036, 
        "long_term_average": 177500, 
        "date": "2014-08-31", 
        "operating_revenue": 187880, 
        "short_term_average": 192468
    }, 
    {
        "accumulated_operating_revenue_yoy": 5.473096411260241, 
        "accumulated_operating_revenue": 1631557, 
        "long_term_average": 180367, 
        "date": "2014-09-30", 
        "operating_revenue": 191521, 
        "short_term_average": 189947
    }, 
    {
        "accumulated_operating_revenue_yoy": 5.794944229441534, 
        "accumulated_operating_revenue": 1837308, 
        "long_term_average": 181698, 
        "date": "2014-10-31", 
        "operating_revenue": 205751, 
        "short_term_average": 195050
    }, 
    {
        "accumulated_operating_revenue_yoy": 6.13437759927348, 
        "accumulated_operating_revenue": 2014820, 
        "long_term_average": 183016, 
        "date": "2014-11-30", 
        "operating_revenue": 177512, 
        "short_term_average": 191594
    }, 
    {
        "accumulated_operating_revenue_yoy": 7.025201695788081, 
        "accumulated_operating_revenue": 2225847, 
        "long_term_average": 185487, 
        "date": "2014-12-31", 
        "operating_revenue": 211027, 
        "short_term_average": 198096
    }, 
    {
        "accumulated_operating_revenue_yoy": 16.447429336855947, 
        "accumulated_operating_revenue": 188646, 
        "long_term_average": 187707, 
        "date": "2015-01-31", 
        "operating_revenue": 188646, 
        "short_term_average": 192395
    }, 
    {
        "accumulated_operating_revenue_yoy": 9.409218769770845, 
        "accumulated_operating_revenue": 337220, 
        "long_term_average": 187904, 
        "date": "2015-02-28", 
        "operating_revenue": 148574, 
        "short_term_average": 182749
    }, 
    {
        "accumulated_operating_revenue_yoy": 13.007881067904767, 
        "accumulated_operating_revenue": 534994, 
        "long_term_average": 190619, 
        "date": "2015-03-31", 
        "operating_revenue": 197774, 
        "short_term_average": 178331
    }, 
    {
        "accumulated_operating_revenue_yoy": 12.856898126998628, 
        "accumulated_operating_revenue": 751013, 
        "long_term_average": 192617, 
        "date": "2015-04-30", 
        "operating_revenue": 216019, 
        "short_term_average": 187455
    }, 
    {
        "accumulated_operating_revenue_yoy": 8.316533952524312, 
        "accumulated_operating_revenue": 934372, 
        "long_term_average": 191465, 
        "date": "2015-05-31", 
        "operating_revenue": 183359, 
        "short_term_average": 199050
    }, 
    {
        "accumulated_operating_revenue_yoy": 5.2686455404699, 
        "accumulated_operating_revenue": 1117653, 
        "long_term_average": 190148, 
        "date": "2015-06-30", 
        "operating_revenue": 183281, 
        "short_term_average": 194219
    }, 
    {
        "accumulated_operating_revenue_yoy": 3.05928334808123, 
        "accumulated_operating_revenue": 1290463, 
        "long_term_average": 188679, 
        "date": "2015-07-31", 
        "operating_revenue": 172810, 
        "short_term_average": 179816
    }, 
    {
        "accumulated_operating_revenue_yoy": 2.433619715062679, 
        "accumulated_operating_revenue": 1475081, 
        "long_term_average": 188407, 
        "date": "2015-08-31", 
        "operating_revenue": 184618, 
        "short_term_average": 180236
    }, 
    {
        "accumulated_operating_revenue_yoy": 0.769694224596505, 
        "accumulated_operating_revenue": 1644115, 
        "long_term_average": 186533, 
        "date": "2015-09-30", 
        "operating_revenue": 169034, 
        "short_term_average": 175487
    }
]