[
    {
        "date": "2012-01-31", 
        "operating_revenue": 89507, 
        "accumulated_operating_revenue": 89507, 
        "long_term_average": 89507, 
        "short_term_average": 89507
    }, 
    {
        "date": "2012-02-29", 
        "operating_revenue": 82037, 
        "accumulated_operating_revenue": 171544, 
        "long_term_average": 85772, 
        "short_term_average": 85772
    }, 
    {
        "date": "2012-03-31", 
        "operating_revenue": 142825, 
        "accumulated_operating_revenue": 314369, 
        "long_term_average": 104789, 
        "short_term_average": 104789
    }, 
    {
        "date": "2012-04-30", 
        "operating_revenue": 147706, 
        "accumulated_operating_revenue": 462075, 
        "long_term_average": 115518, 
        "short_term_average": 124189
    }, 
    {
        "date": "2012-05-31", 
        "operating_revenue": 193169, 
        "accumulated_operating_revenue": 655244, 
        "long_term_average": 131048, 
        "short_term_average": 161233
    }, 
    {
        "date": "2012-06-30", 
        "operating_revenue": 178400, 
        "accumulated_operating_revenue": 833644, 
        "long_term_average": 138940, 
        "short_term_average": 173091
    }, 
    {
        "date": "2012-07-31", 
        "operating_revenue": 149571, 
        "accumulated_operating_revenue": 983215, 
        "long_term_average": 140459, 
        "short_term_average": 173713
    }, 
    {
        "date": "2012-08-31", 
        "operating_revenue": 122507, 
        "accumulated_operating_revenue": 1105722, 
        "long_term_average": 138215, 
        "short_term_average": 150159
    }, 
    {
        "date": "2012-09-30", 
        "operating_revenue": 98584, 
        "accumulated_operating_revenue": 1204306, 
        "long_term_average": 133811, 
        "short_term_average": 123554
    }, 
    {
        "date": "2012-10-31", 
        "operating_revenue": 136514, 
        "accumulated_operating_revenue": 1340820, 
        "long_term_average": 134082, 
        "short_term_average": 119201
    }, 
    {
        "date": "2012-11-30", 
        "operating_revenue": 80857, 
        "accumulated_operating_revenue": 1421677, 
        "long_term_average": 129243, 
        "short_term_average": 105318
    }, 
    {
        "date": "2012-12-31", 
        "operating_revenue": 61874, 
        "accumulated_operating_revenue": 1483551, 
        "long_term_average": 123629, 
        "short_term_average": 93081
    }, 
    {
        "accumulated_operating_revenue_yoy": -7.858603237735597, 
        "accumulated_operating_revenue": 82473, 
        "long_term_average": 123043, 
        "date": "2013-01-31", 
        "operating_revenue": 82473, 
        "short_term_average": 75068
    }, 
    {
        "accumulated_operating_revenue_yoy": 3.80310590868815, 
        "accumulated_operating_revenue": 178068, 
        "long_term_average": 124172, 
        "date": "2013-02-28", 
        "operating_revenue": 95595, 
        "short_term_average": 79980
    }, 
    {
        "accumulated_operating_revenue_yoy": -16.571608523741208, 
        "accumulated_operating_revenue": 262273, 
        "long_term_average": 119287, 
        "date": "2013-03-31", 
        "operating_revenue": 84205, 
        "short_term_average": 87424
    }, 
    {
        "accumulated_operating_revenue_yoy": -28.1939079153817, 
        "accumulated_operating_revenue": 331798, 
        "long_term_average": 112772, 
        "date": "2013-04-30", 
        "operating_revenue": 69525, 
        "short_term_average": 83108
    }, 
    {
        "accumulated_operating_revenue_yoy": -39.01859459987425, 
        "accumulated_operating_revenue": 399577, 
        "long_term_average": 102323, 
        "date": "2013-05-31", 
        "operating_revenue": 67779, 
        "short_term_average": 73836
    }, 
    {
        "accumulated_operating_revenue_yoy": -40.592387158067474, 
        "accumulated_operating_revenue": 495248, 
        "long_term_average": 95429, 
        "date": "2013-06-30", 
        "operating_revenue": 95671, 
        "short_term_average": 77658
    }, 
    {
        "accumulated_operating_revenue_yoy": -40.69140523690139, 
        "accumulated_operating_revenue": 583131, 
        "long_term_average": 90288, 
        "date": "2013-07-31", 
        "operating_revenue": 87883, 
        "short_term_average": 83777
    }, 
    {
        "accumulated_operating_revenue_yoy": -40.89662681939945, 
        "accumulated_operating_revenue": 653519, 
        "long_term_average": 85945, 
        "date": "2013-08-31", 
        "operating_revenue": 70388, 
        "short_term_average": 84647
    }, 
    {
        "accumulated_operating_revenue_yoy": -39.9963962647367, 
        "accumulated_operating_revenue": 722627, 
        "long_term_average": 83489, 
        "date": "2013-09-30", 
        "operating_revenue": 69108, 
        "short_term_average": 75793
    }, 
    {
        "accumulated_operating_revenue_yoy": -40.94300502677466, 
        "accumulated_operating_revenue": 791848, 
        "long_term_average": 77881, 
        "date": "2013-10-31", 
        "operating_revenue": 69221, 
        "short_term_average": 69572
    }, 
    {
        "accumulated_operating_revenue_yoy": -40.21665962099689, 
        "accumulated_operating_revenue": 849926, 
        "long_term_average": 75983, 
        "date": "2013-11-30", 
        "operating_revenue": 58078, 
        "short_term_average": 65469
    }, 
    {
        "accumulated_operating_revenue_yoy": -37.61272784016188, 
        "accumulated_operating_revenue": 925547, 
        "long_term_average": 77128, 
        "date": "2013-12-31", 
        "operating_revenue": 75621, 
        "short_term_average": 67640
    }, 
    {
        "accumulated_operating_revenue_yoy": -8.958083251488366, 
        "accumulated_operating_revenue": 75085, 
        "long_term_average": 76513, 
        "date": "2014-01-31", 
        "operating_revenue": 75085, 
        "short_term_average": 69594
    }, 
    {
        "accumulated_operating_revenue_yoy": -15.588426893097019, 
        "accumulated_operating_revenue": 150310, 
        "long_term_average": 74815, 
        "date": "2014-02-28", 
        "operating_revenue": 75225, 
        "short_term_average": 75310
    }, 
    {
        "accumulated_operating_revenue_yoy": -12.789345453020326, 
        "accumulated_operating_revenue": 228730, 
        "long_term_average": 74333, 
        "date": "2014-03-31", 
        "operating_revenue": 78420, 
        "short_term_average": 76243
    }, 
    {
        "accumulated_operating_revenue_yoy": -6.151031651788136, 
        "accumulated_operating_revenue": 311389, 
        "long_term_average": 75428, 
        "date": "2014-04-30", 
        "operating_revenue": 82659, 
        "short_term_average": 78768
    }, 
    {
        "accumulated_operating_revenue_yoy": 0.4297044124161301, 
        "accumulated_operating_revenue": 401294, 
        "long_term_average": 77272, 
        "date": "2014-05-31", 
        "operating_revenue": 89905, 
        "short_term_average": 83661
    }, 
    {
        "accumulated_operating_revenue_yoy": 0.8121183730171551, 
        "accumulated_operating_revenue": 499270, 
        "long_term_average": 77464, 
        "date": "2014-06-30", 
        "operating_revenue": 97976, 
        "short_term_average": 90180
    }, 
    {
        "accumulated_operating_revenue_yoy": 2.1569767342158106, 
        "accumulated_operating_revenue": 595709, 
        "long_term_average": 78177, 
        "date": "2014-07-31", 
        "operating_revenue": 96439, 
        "short_term_average": 94773
    }, 
    {
        "accumulated_operating_revenue_yoy": 4.947369548551764, 
        "accumulated_operating_revenue": 685851, 
        "long_term_average": 79823, 
        "date": "2014-08-31", 
        "operating_revenue": 90142, 
        "short_term_average": 94852
    }, 
    {
        "accumulated_operating_revenue_yoy": 7.720995755763346, 
        "accumulated_operating_revenue": 778421, 
        "long_term_average": 81778, 
        "date": "2014-09-30", 
        "operating_revenue": 92570, 
        "short_term_average": 93050
    }, 
    {
        "accumulated_operating_revenue_yoy": 11.009688728139743, 
        "accumulated_operating_revenue": 879028, 
        "long_term_average": 84393, 
        "date": "2014-10-31", 
        "operating_revenue": 100607, 
        "short_term_average": 94439
    }, 
    {
        "accumulated_operating_revenue_yoy": 14.43560968837287, 
        "accumulated_operating_revenue": 972618, 
        "long_term_average": 87353, 
        "date": "2014-11-30", 
        "operating_revenue": 93590, 
        "short_term_average": 95589
    }, 
    {
        "accumulated_operating_revenue_yoy": 16.089080295220015, 
        "accumulated_operating_revenue": 1074459, 
        "long_term_average": 89538, 
        "date": "2014-12-31", 
        "operating_revenue": 101841, 
        "short_term_average": 98679
    }, 
    {
        "accumulated_operating_revenue_yoy": -3.3961510288339882, 
        "accumulated_operating_revenue": 72535, 
        "long_term_average": 89325, 
        "date": "2015-01-31", 
        "operating_revenue": 72535, 
        "short_term_average": 89322
    }, 
    {
        "accumulated_operating_revenue_yoy": 11.079103186747389, 
        "accumulated_operating_revenue": 166963, 
        "long_term_average": 90926, 
        "date": "2015-02-28", 
        "operating_revenue": 94428, 
        "short_term_average": 89601
    }, 
    {
        "accumulated_operating_revenue_yoy": 18.80689021990994, 
        "accumulated_operating_revenue": 271747, 
        "long_term_average": 93123, 
        "date": "2015-03-31", 
        "operating_revenue": 104784, 
        "short_term_average": 90582
    }, 
    {
        "accumulated_operating_revenue_yoy": 26.97654701996538, 
        "accumulated_operating_revenue": 395391, 
        "long_term_average": 96538, 
        "date": "2015-04-30", 
        "operating_revenue": 123644, 
        "short_term_average": 107618
    }, 
    {
        "accumulated_operating_revenue_yoy": 32.552692041246566, 
        "accumulated_operating_revenue": 531926, 
        "long_term_average": 100424, 
        "date": "2015-05-31", 
        "operating_revenue": 136535, 
        "short_term_average": 121654
    }, 
    {
        "accumulated_operating_revenue_yoy": 31.382418330762913, 
        "accumulated_operating_revenue": 655953, 
        "long_term_average": 102595, 
        "date": "2015-06-30", 
        "operating_revenue": 124027, 
        "short_term_average": 128068
    }, 
    {
        "accumulated_operating_revenue_yoy": 33.02031696684119, 
        "accumulated_operating_revenue": 792414, 
        "long_term_average": 105930, 
        "date": "2015-07-31", 
        "operating_revenue": 136461, 
        "short_term_average": 132341
    }, 
    {
        "accumulated_operating_revenue_yoy": 34.8142672388026, 
        "accumulated_operating_revenue": 924625, 
        "long_term_average": 109436, 
        "date": "2015-08-31", 
        "operating_revenue": 132211, 
        "short_term_average": 130899
    }
]