[
    {
        "date": "2012-01-31", 
        "operating_revenue": 135160, 
        "accumulated_operating_revenue": 135160, 
        "long_term_average": 135160, 
        "short_term_average": 135160
    }, 
    {
        "date": "2012-02-29", 
        "operating_revenue": 93420, 
        "accumulated_operating_revenue": 228580, 
        "long_term_average": 114290, 
        "short_term_average": 114290
    }, 
    {
        "date": "2012-03-31", 
        "operating_revenue": 111417, 
        "accumulated_operating_revenue": 339997, 
        "long_term_average": 113332, 
        "short_term_average": 113332
    }, 
    {
        "date": "2012-04-30", 
        "operating_revenue": 102564, 
        "accumulated_operating_revenue": 442561, 
        "long_term_average": 110640, 
        "short_term_average": 102467
    }, 
    {
        "date": "2012-05-31", 
        "operating_revenue": 109599, 
        "accumulated_operating_revenue": 552160, 
        "long_term_average": 110432, 
        "short_term_average": 107860
    }, 
    {
        "date": "2012-06-30", 
        "operating_revenue": 107620, 
        "accumulated_operating_revenue": 659780, 
        "long_term_average": 109963, 
        "short_term_average": 106594
    }, 
    {
        "date": "2012-07-31", 
        "operating_revenue": 109629, 
        "accumulated_operating_revenue": 769409, 
        "long_term_average": 109915, 
        "short_term_average": 108949
    }, 
    {
        "date": "2012-08-31", 
        "operating_revenue": 106288, 
        "accumulated_operating_revenue": 875697, 
        "long_term_average": 109462, 
        "short_term_average": 107845
    }, 
    {
        "date": "2012-09-30", 
        "operating_revenue": 112254, 
        "accumulated_operating_revenue": 987951, 
        "long_term_average": 109772, 
        "short_term_average": 109390
    }, 
    {
        "date": "2012-10-31", 
        "operating_revenue": 110640, 
        "accumulated_operating_revenue": 1098591, 
        "long_term_average": 109859, 
        "short_term_average": 109727
    }, 
    {
        "date": "2012-11-30", 
        "operating_revenue": 115240, 
        "accumulated_operating_revenue": 1213831, 
        "long_term_average": 110348, 
        "short_term_average": 112711
    }, 
    {
        "date": "2012-12-31", 
        "operating_revenue": 137742, 
        "accumulated_operating_revenue": 1351573, 
        "long_term_average": 112631, 
        "short_term_average": 121207
    }, 
    {
        "accumulated_operating_revenue_yoy": 14.662622077537732, 
        "accumulated_operating_revenue": 154978, 
        "long_term_average": 114282, 
        "date": "2013-01-31", 
        "operating_revenue": 154978, 
        "short_term_average": 135986
    }, 
    {
        "accumulated_operating_revenue_yoy": 7.451220579228279, 
        "accumulated_operating_revenue": 245612, 
        "long_term_average": 114050, 
        "date": "2013-02-28", 
        "operating_revenue": 90634, 
        "short_term_average": 127784
    }, 
    {
        "accumulated_operating_revenue_yoy": 4.874160654358715, 
        "accumulated_operating_revenue": 356569, 
        "long_term_average": 114012, 
        "date": "2013-03-31", 
        "operating_revenue": 110957, 
        "short_term_average": 118856
    }, 
    {
        "accumulated_operating_revenue_yoy": 8.37715026855055, 
        "accumulated_operating_revenue": 479635, 
        "long_term_average": 115720, 
        "date": "2013-04-30", 
        "operating_revenue": 123066, 
        "short_term_average": 108219
    }, 
    {
        "accumulated_operating_revenue_yoy": 9.332983193277311, 
        "accumulated_operating_revenue": 603693, 
        "long_term_average": 116925, 
        "date": "2013-05-31", 
        "operating_revenue": 124058, 
        "short_term_average": 119360
    }, 
    {
        "accumulated_operating_revenue_yoy": 8.931613568159083, 
        "accumulated_operating_revenue": 718709, 
        "long_term_average": 117541, 
        "date": "2013-06-30", 
        "operating_revenue": 115016, 
        "short_term_average": 120713
    }, 
    {
        "accumulated_operating_revenue_yoy": 9.196279222104238, 
        "accumulated_operating_revenue": 840166, 
        "long_term_average": 118527, 
        "date": "2013-07-31", 
        "operating_revenue": 121457, 
        "short_term_average": 120177
    }, 
    {
        "accumulated_operating_revenue_yoy": 9.200556813601052, 
        "accumulated_operating_revenue": 956266, 
        "long_term_average": 119345, 
        "date": "2013-08-31", 
        "operating_revenue": 116100, 
        "short_term_average": 117524
    }, 
    {
        "accumulated_operating_revenue_yoy": 10.513982980937314, 
        "accumulated_operating_revenue": 1091824, 
        "long_term_average": 121287, 
        "date": "2013-09-30", 
        "operating_revenue": 135558, 
        "short_term_average": 124371
    }, 
    {
        "accumulated_operating_revenue_yoy": 11.82004949976834, 
        "accumulated_operating_revenue": 1228445, 
        "long_term_average": 123452, 
        "date": "2013-10-31", 
        "operating_revenue": 136621, 
        "short_term_average": 129426
    }, 
    {
        "accumulated_operating_revenue_yoy": 12.468622073418787, 
        "accumulated_operating_revenue": 1365179, 
        "long_term_average": 125243, 
        "date": "2013-11-30", 
        "operating_revenue": 136734, 
        "short_term_average": 136304
    }, 
    {
        "accumulated_operating_revenue_yoy": 12.454599196639766, 
        "accumulated_operating_revenue": 1519906, 
        "long_term_average": 126658, 
        "date": "2013-12-31", 
        "operating_revenue": 154727, 
        "short_term_average": 142694
    }, 
    {
        "accumulated_operating_revenue_yoy": -3.0423673037463383, 
        "accumulated_operating_revenue": 150263, 
        "long_term_average": 126265, 
        "date": "2014-01-31", 
        "operating_revenue": 150263, 
        "short_term_average": 147241
    }, 
    {
        "accumulated_operating_revenue_yoy": -3.847531879549859, 
        "accumulated_operating_revenue": 236162, 
        "long_term_average": 125871, 
        "date": "2014-02-28", 
        "operating_revenue": 85899, 
        "short_term_average": 130296
    }, 
    {
        "accumulated_operating_revenue_yoy": -1.8206854774251264, 
        "accumulated_operating_revenue": 350077, 
        "long_term_average": 126117, 
        "date": "2014-03-31", 
        "operating_revenue": 113915, 
        "short_term_average": 116692
    }, 
    {
        "accumulated_operating_revenue_yoy": -2.974345074900706, 
        "accumulated_operating_revenue": 465369, 
        "long_term_average": 125470, 
        "date": "2014-04-30", 
        "operating_revenue": 115292, 
        "short_term_average": 105035
    }, 
    {
        "accumulated_operating_revenue_yoy": -2.2993475160387815, 
        "accumulated_operating_revenue": 589812, 
        "long_term_average": 125502, 
        "date": "2014-05-31", 
        "operating_revenue": 124443, 
        "short_term_average": 117883
    }, 
    {
        "accumulated_operating_revenue_yoy": 0.19312405994637605, 
        "accumulated_operating_revenue": 720097, 
        "long_term_average": 126774, 
        "date": "2014-06-30", 
        "operating_revenue": 130285, 
        "short_term_average": 123340
    }, 
    {
        "accumulated_operating_revenue_yoy": -0.5478679213393544, 
        "accumulated_operating_revenue": 835563, 
        "long_term_average": 126275, 
        "date": "2014-07-31", 
        "operating_revenue": 115466, 
        "short_term_average": 123398
    }, 
    {
        "accumulated_operating_revenue_yoy": 0.8114896901071459, 
        "accumulated_operating_revenue": 964026, 
        "long_term_average": 127305, 
        "date": "2014-08-31", 
        "operating_revenue": 128463, 
        "short_term_average": 124738
    }, 
    {
        "accumulated_operating_revenue_yoy": 1.2408593326396928, 
        "accumulated_operating_revenue": 1105372, 
        "long_term_average": 127787, 
        "date": "2014-09-30", 
        "operating_revenue": 141346, 
        "short_term_average": 128425
    }, 
    {
        "accumulated_operating_revenue_yoy": 2.1102287851714974, 
        "accumulated_operating_revenue": 1254368, 
        "long_term_average": 128819, 
        "date": "2014-10-31", 
        "operating_revenue": 148996, 
        "short_term_average": 139601
    }, 
    {
        "accumulated_operating_revenue_yoy": 3.155190638004247, 
        "accumulated_operating_revenue": 1408253, 
        "long_term_average": 130248, 
        "date": "2014-11-30", 
        "operating_revenue": 153885, 
        "short_term_average": 148075
    }, 
    {
        "accumulated_operating_revenue_yoy": 4.997019552524959, 
        "accumulated_operating_revenue": 1595856, 
        "long_term_average": 132988, 
        "date": "2014-12-31", 
        "operating_revenue": 187603, 
        "short_term_average": 163494
    }, 
    {
        "accumulated_operating_revenue_yoy": 32.88500828547281, 
        "accumulated_operating_revenue": 199677, 
        "long_term_average": 137105, 
        "date": "2015-01-31", 
        "operating_revenue": 199677, 
        "short_term_average": 180388
    }, 
    {
        "accumulated_operating_revenue_yoy": 34.20660394136228, 
        "accumulated_operating_revenue": 316945, 
        "long_term_average": 139719, 
        "date": "2015-02-28", 
        "operating_revenue": 117268, 
        "short_term_average": 168182
    }, 
    {
        "accumulated_operating_revenue_yoy": 33.00559591175656, 
        "accumulated_operating_revenue": 465622, 
        "long_term_average": 142616, 
        "date": "2015-03-31", 
        "operating_revenue": 148677, 
        "short_term_average": 155207
    }, 
    {
        "accumulated_operating_revenue_yoy": 29.746287354765787, 
        "accumulated_operating_revenue": 603799, 
        "long_term_average": 144523, 
        "date": "2015-04-30", 
        "operating_revenue": 138177, 
        "short_term_average": 134707
    }, 
    {
        "accumulated_operating_revenue_yoy": 27.73697381538524, 
        "accumulated_operating_revenue": 753408, 
        "long_term_average": 146621, 
        "date": "2015-05-31", 
        "operating_revenue": 149609, 
        "short_term_average": 145487
    }, 
    {
        "accumulated_operating_revenue_yoy": 27.824307003084307, 
        "accumulated_operating_revenue": 920459, 
        "long_term_average": 149684, 
        "date": "2015-06-30", 
        "operating_revenue": 167051, 
        "short_term_average": 151612
    }, 
    {
        "accumulated_operating_revenue_yoy": 29.38880730716894, 
        "accumulated_operating_revenue": 1081125, 
        "long_term_average": 153451, 
        "date": "2015-07-31", 
        "operating_revenue": 160666, 
        "short_term_average": 159108
    }, 
    {
        "accumulated_operating_revenue_yoy": 29.153881741778747, 
        "accumulated_operating_revenue": 1245077, 
        "long_term_average": 156408, 
        "date": "2015-08-31", 
        "operating_revenue": 163952, 
        "short_term_average": 163889
    }, 
    {
        "accumulated_operating_revenue_yoy": 28.65867780258592, 
        "accumulated_operating_revenue": 1422157, 
        "long_term_average": 159386, 
        "date": "2015-09-30", 
        "operating_revenue": 177080, 
        "short_term_average": 167232
    }
]