[
    {
        "date": "2012-01-31", 
        "operating_revenue": 214654, 
        "accumulated_operating_revenue": 214654, 
        "long_term_average": 214654, 
        "short_term_average": 214654
    }, 
    {
        "date": "2012-02-29", 
        "operating_revenue": 155120, 
        "accumulated_operating_revenue": 369774, 
        "long_term_average": 184887, 
        "short_term_average": 184887
    }, 
    {
        "date": "2012-03-31", 
        "operating_revenue": 171811, 
        "accumulated_operating_revenue": 541585, 
        "long_term_average": 180528, 
        "short_term_average": 180528
    }, 
    {
        "date": "2012-04-30", 
        "operating_revenue": 183817, 
        "accumulated_operating_revenue": 725402, 
        "long_term_average": 181350, 
        "short_term_average": 170249
    }, 
    {
        "date": "2012-05-31", 
        "operating_revenue": 183359, 
        "accumulated_operating_revenue": 908761, 
        "long_term_average": 181752, 
        "short_term_average": 179662
    }, 
    {
        "date": "2012-06-30", 
        "operating_revenue": 164472, 
        "accumulated_operating_revenue": 1073233, 
        "long_term_average": 178872, 
        "short_term_average": 177216
    }, 
    {
        "date": "2012-07-31", 
        "operating_revenue": 184906, 
        "accumulated_operating_revenue": 1258139, 
        "long_term_average": 179734, 
        "short_term_average": 177579
    }, 
    {
        "date": "2012-08-31", 
        "operating_revenue": 176091, 
        "accumulated_operating_revenue": 1434230, 
        "long_term_average": 179278, 
        "short_term_average": 175156
    }, 
    {
        "date": "2012-09-30", 
        "operating_revenue": 173242, 
        "accumulated_operating_revenue": 1607472, 
        "long_term_average": 178608, 
        "short_term_average": 178079
    }, 
    {
        "date": "2012-10-31", 
        "operating_revenue": 191994, 
        "accumulated_operating_revenue": 1799466, 
        "long_term_average": 179946, 
        "short_term_average": 180442
    }, 
    {
        "date": "2012-11-30", 
        "operating_revenue": 178819, 
        "accumulated_operating_revenue": 1978285, 
        "long_term_average": 179844, 
        "short_term_average": 181351
    }, 
    {
        "date": "2012-12-31", 
        "operating_revenue": 168621, 
        "accumulated_operating_revenue": 2146906, 
        "long_term_average": 178908, 
        "short_term_average": 179811
    }, 
    {
        "accumulated_operating_revenue_yoy": 20.996114677574145, 
        "accumulated_operating_revenue": 259723, 
        "long_term_average": 182664, 
        "date": "2013-01-31", 
        "operating_revenue": 259723, 
        "short_term_average": 202387
    }, 
    {
        "accumulated_operating_revenue_yoy": 6.884745817715686, 
        "accumulated_operating_revenue": 395232, 
        "long_term_average": 181030, 
        "date": "2013-02-28", 
        "operating_revenue": 135509, 
        "short_term_average": 187951
    }, 
    {
        "accumulated_operating_revenue_yoy": 5.841373007007211, 
        "accumulated_operating_revenue": 573221, 
        "long_term_average": 181545, 
        "date": "2013-03-31", 
        "operating_revenue": 177989, 
        "short_term_average": 191073
    }, 
    {
        "accumulated_operating_revenue_yoy": 5.498192726240071, 
        "accumulated_operating_revenue": 765286, 
        "long_term_average": 182232, 
        "date": "2013-04-30", 
        "operating_revenue": 192065, 
        "short_term_average": 168521
    }, 
    {
        "accumulated_operating_revenue_yoy": -5.207089652835014, 
        "accumulated_operating_revenue": 861441, 
        "long_term_average": 174965, 
        "date": "2013-05-31", 
        "operating_revenue": 96155, 
        "short_term_average": 155403
    }, 
    {
        "accumulated_operating_revenue_yoy": -11.238286560327532, 
        "accumulated_operating_revenue": 952620, 
        "long_term_average": 168857, 
        "date": "2013-06-30", 
        "operating_revenue": 91179, 
        "short_term_average": 126466
    }, 
    {
        "accumulated_operating_revenue_yoy": -17.302460221008968, 
        "accumulated_operating_revenue": 1040450, 
        "long_term_average": 160768, 
        "date": "2013-07-31", 
        "operating_revenue": 87830, 
        "short_term_average": 91721
    }, 
    {
        "accumulated_operating_revenue_yoy": -21.3629613102501, 
        "accumulated_operating_revenue": 1127836, 
        "long_term_average": 153376, 
        "date": "2013-08-31", 
        "operating_revenue": 87386, 
        "short_term_average": 88798
    }, 
    {
        "accumulated_operating_revenue_yoy": -23.90019857266565, 
        "accumulated_operating_revenue": 1223283, 
        "long_term_average": 146893, 
        "date": "2013-09-30", 
        "operating_revenue": 95447, 
        "short_term_average": 90221
    }, 
    {
        "accumulated_operating_revenue_yoy": -26.54982089130887, 
        "accumulated_operating_revenue": 1321711, 
        "long_term_average": 139095, 
        "date": "2013-10-31", 
        "operating_revenue": 98428, 
        "short_term_average": 93753
    }, 
    {
        "accumulated_operating_revenue_yoy": -28.78321374321698, 
        "accumulated_operating_revenue": 1408871, 
        "long_term_average": 131457, 
        "date": "2013-11-30", 
        "operating_revenue": 87160, 
        "short_term_average": 93678
    }, 
    {
        "accumulated_operating_revenue_yoy": -29.557791538148386, 
        "accumulated_operating_revenue": 1512328, 
        "long_term_average": 126027, 
        "date": "2013-12-31", 
        "operating_revenue": 103457, 
        "short_term_average": 96348
    }, 
    {
        "accumulated_operating_revenue_yoy": -51.66350303977699, 
        "accumulated_operating_revenue": 125541, 
        "long_term_average": 114845, 
        "date": "2014-01-31", 
        "operating_revenue": 125541, 
        "short_term_average": 105386
    }, 
    {
        "accumulated_operating_revenue_yoy": -48.504928750708444, 
        "accumulated_operating_revenue": 203525, 
        "long_term_average": 110051, 
        "date": "2014-02-28", 
        "operating_revenue": 77984, 
        "short_term_average": 102327
    }, 
    {
        "accumulated_operating_revenue_yoy": -48.35953323412785, 
        "accumulated_operating_revenue": 296014, 
        "long_term_average": 102926, 
        "date": "2014-03-31", 
        "operating_revenue": 92489, 
        "short_term_average": 98671
    }, 
    {
        "accumulated_operating_revenue_yoy": -49.026246396771924, 
        "accumulated_operating_revenue": 390095, 
        "long_term_average": 94761, 
        "date": "2014-04-30", 
        "operating_revenue": 94081, 
        "short_term_average": 88184
    }, 
    {
        "accumulated_operating_revenue_yoy": -42.56623494818565, 
        "accumulated_operating_revenue": 494758, 
        "long_term_average": 95470, 
        "date": "2014-05-31", 
        "operating_revenue": 104663, 
        "short_term_average": 97077
    }, 
    {
        "accumulated_operating_revenue_yoy": -37.58340156620688, 
        "accumulated_operating_revenue": 594593, 
        "long_term_average": 96191, 
        "date": "2014-06-30", 
        "operating_revenue": 99835, 
        "short_term_average": 99526
    }, 
    {
        "accumulated_operating_revenue_yoy": -33.15824883463886, 
        "accumulated_operating_revenue": 695455, 
        "long_term_average": 97277, 
        "date": "2014-07-31", 
        "operating_revenue": 100862, 
        "short_term_average": 101786
    }, 
    {
        "accumulated_operating_revenue_yoy": -29.118506591383852, 
        "accumulated_operating_revenue": 799427, 
        "long_term_average": 98659, 
        "date": "2014-08-31", 
        "operating_revenue": 103972, 
        "short_term_average": 101556
    }, 
    {
        "accumulated_operating_revenue_yoy": -25.429029913764843, 
        "accumulated_operating_revenue": 912214, 
        "long_term_average": 100104, 
        "date": "2014-09-30", 
        "operating_revenue": 112787, 
        "short_term_average": 105873
    }, 
    {
        "accumulated_operating_revenue_yoy": -22.57672062954761, 
        "accumulated_operating_revenue": 1023312, 
        "long_term_average": 101160, 
        "date": "2014-10-31", 
        "operating_revenue": 111098, 
        "short_term_average": 109285
    }, 
    {
        "accumulated_operating_revenue_yoy": -20.887575938464202, 
        "accumulated_operating_revenue": 1114592, 
        "long_term_average": 101504, 
        "date": "2014-11-30", 
        "operating_revenue": 91280, 
        "short_term_average": 105055
    }, 
    {
        "accumulated_operating_revenue_yoy": -18.47701027819362, 
        "accumulated_operating_revenue": 1232895, 
        "long_term_average": 102741, 
        "date": "2014-12-31", 
        "operating_revenue": 118303, 
        "short_term_average": 106893
    }, 
    {
        "accumulated_operating_revenue_yoy": 10.03337555061693, 
        "accumulated_operating_revenue": 138137, 
        "long_term_average": 103790, 
        "date": "2015-01-31", 
        "operating_revenue": 138137, 
        "short_term_average": 115906
    }, 
    {
        "accumulated_operating_revenue_yoy": 14.152069770298489, 
        "accumulated_operating_revenue": 232328, 
        "long_term_average": 105141, 
        "date": "2015-02-28", 
        "operating_revenue": 94191, 
        "short_term_average": 116877
    }, 
    {
        "accumulated_operating_revenue_yoy": 17.413365584060216, 
        "accumulated_operating_revenue": 347560, 
        "long_term_average": 107036, 
        "date": "2015-03-31", 
        "operating_revenue": 115232, 
        "short_term_average": 115853
    }, 
    {
        "accumulated_operating_revenue_yoy": 18.99178405260257, 
        "accumulated_operating_revenue": 464181, 
        "long_term_average": 108915, 
        "date": "2015-04-30", 
        "operating_revenue": 116621, 
        "short_term_average": 108681
    }, 
    {
        "accumulated_operating_revenue_yoy": 15.511219626564907, 
        "accumulated_operating_revenue": 571501, 
        "long_term_average": 109136, 
        "date": "2015-05-31", 
        "operating_revenue": 107320, 
        "short_term_average": 113057
    }, 
    {
        "accumulated_operating_revenue_yoy": 15.883301687036342, 
        "accumulated_operating_revenue": 689034, 
        "long_term_average": 110611, 
        "date": "2015-06-30", 
        "operating_revenue": 117533, 
        "short_term_average": 113824
    }, 
    {
        "accumulated_operating_revenue_yoy": 15.114565284597854, 
        "accumulated_operating_revenue": 800570, 
        "long_term_average": 111500, 
        "date": "2015-07-31", 
        "operating_revenue": 111536, 
        "short_term_average": 112129
    }, 
    {
        "accumulated_operating_revenue_yoy": 13.624258375061139, 
        "accumulated_operating_revenue": 908343, 
        "long_term_average": 111817, 
        "date": "2015-08-31", 
        "operating_revenue": 107773, 
        "short_term_average": 112280
    }
]