[
    {
        "date": "2012-01-31", 
        "operating_revenue": 67867, 
        "accumulated_operating_revenue": 67867, 
        "long_term_average": 67867, 
        "short_term_average": 67867
    }, 
    {
        "date": "2012-02-29", 
        "operating_revenue": 38997, 
        "accumulated_operating_revenue": 106864, 
        "long_term_average": 53432, 
        "short_term_average": 53432
    }, 
    {
        "date": "2012-03-31", 
        "operating_revenue": 50447, 
        "accumulated_operating_revenue": 157311, 
        "long_term_average": 52437, 
        "short_term_average": 52437
    }, 
    {
        "date": "2012-04-30", 
        "operating_revenue": 56424, 
        "accumulated_operating_revenue": 213735, 
        "long_term_average": 53433, 
        "short_term_average": 48622
    }, 
    {
        "date": "2012-05-31", 
        "operating_revenue": 57922, 
        "accumulated_operating_revenue": 271657, 
        "long_term_average": 54331, 
        "short_term_average": 54931
    }, 
    {
        "date": "2012-06-30", 
        "operating_revenue": 50413, 
        "accumulated_operating_revenue": 322070, 
        "long_term_average": 53678, 
        "short_term_average": 54919
    }, 
    {
        "date": "2012-07-31", 
        "operating_revenue": 52822, 
        "accumulated_operating_revenue": 374892, 
        "long_term_average": 53556, 
        "short_term_average": 53719
    }, 
    {
        "date": "2012-08-31", 
        "operating_revenue": 50156, 
        "accumulated_operating_revenue": 425048, 
        "long_term_average": 53131, 
        "short_term_average": 51130
    }, 
    {
        "date": "2012-09-30", 
        "operating_revenue": 53073, 
        "accumulated_operating_revenue": 478121, 
        "long_term_average": 53124, 
        "short_term_average": 52017
    }, 
    {
        "date": "2012-10-31", 
        "operating_revenue": 41612, 
        "accumulated_operating_revenue": 519733, 
        "long_term_average": 51973, 
        "short_term_average": 48280
    }, 
    {
        "date": "2012-11-30", 
        "operating_revenue": 42527, 
        "accumulated_operating_revenue": 562260, 
        "long_term_average": 51114, 
        "short_term_average": 45737
    }, 
    {
        "date": "2012-12-31", 
        "operating_revenue": 59111, 
        "accumulated_operating_revenue": 621371, 
        "long_term_average": 51780, 
        "short_term_average": 47750
    }, 
    {
        "accumulated_operating_revenue_yoy": 12.268112632059763, 
        "accumulated_operating_revenue": 76193, 
        "long_term_average": 52474, 
        "date": "2013-01-31", 
        "operating_revenue": 76193, 
        "short_term_average": 59277
    }, 
    {
        "accumulated_operating_revenue_yoy": 10.265384039526875, 
        "accumulated_operating_revenue": 117834, 
        "long_term_average": 52695, 
        "date": "2013-02-28", 
        "operating_revenue": 41641, 
        "short_term_average": 58981
    }, 
    {
        "accumulated_operating_revenue_yoy": 0.7062443185791203, 
        "accumulated_operating_revenue": 158422, 
        "long_term_average": 51873, 
        "date": "2013-03-31", 
        "operating_revenue": 40588, 
        "short_term_average": 52807
    }, 
    {
        "accumulated_operating_revenue_yoy": -2.9817297120265747, 
        "accumulated_operating_revenue": 207362, 
        "long_term_average": 51249, 
        "date": "2013-04-30", 
        "operating_revenue": 48940, 
        "short_term_average": 43723
    }, 
    {
        "accumulated_operating_revenue_yoy": -4.378683413274828, 
        "accumulated_operating_revenue": 259762, 
        "long_term_average": 50789, 
        "date": "2013-05-31", 
        "operating_revenue": 52400, 
        "short_term_average": 47309
    }, 
    {
        "accumulated_operating_revenue_yoy": -5.475828236097743, 
        "accumulated_operating_revenue": 304434, 
        "long_term_average": 50311, 
        "date": "2013-06-30", 
        "operating_revenue": 44672, 
        "short_term_average": 48670
    }, 
    {
        "accumulated_operating_revenue_yoy": -7.0871077536997324, 
        "accumulated_operating_revenue": 348323, 
        "long_term_average": 49566, 
        "date": "2013-07-31", 
        "operating_revenue": 43889, 
        "short_term_average": 46987
    }, 
    {
        "accumulated_operating_revenue_yoy": -7.749242438501064, 
        "accumulated_operating_revenue": 392110, 
        "long_term_average": 49036, 
        "date": "2013-08-31", 
        "operating_revenue": 43787, 
        "short_term_average": 44116
    }, 
    {
        "accumulated_operating_revenue_yoy": -9.10731802200698, 
        "accumulated_operating_revenue": 434577, 
        "long_term_average": 48152, 
        "date": "2013-09-30", 
        "operating_revenue": 42467, 
        "short_term_average": 43381
    }, 
    {
        "accumulated_operating_revenue_yoy": -8.391039245150877, 
        "accumulated_operating_revenue": 476122, 
        "long_term_average": 48146, 
        "date": "2013-10-31", 
        "operating_revenue": 41545, 
        "short_term_average": 42599
    }, 
    {
        "accumulated_operating_revenue_yoy": -7.645751076014655, 
        "accumulated_operating_revenue": 519271, 
        "long_term_average": 48198, 
        "date": "2013-11-30", 
        "operating_revenue": 43149, 
        "short_term_average": 42387
    }, 
    {
        "accumulated_operating_revenue_yoy": -7.194252708929126, 
        "accumulated_operating_revenue": 576668, 
        "long_term_average": 48055, 
        "date": "2013-12-31", 
        "operating_revenue": 57397, 
        "short_term_average": 47363
    }, 
    {
        "accumulated_operating_revenue_yoy": -12.427650834066121, 
        "accumulated_operating_revenue": 66724, 
        "long_term_average": 47266, 
        "date": "2014-01-31", 
        "operating_revenue": 66724, 
        "short_term_average": 55756
    }, 
    {
        "accumulated_operating_revenue_yoy": -13.59624556579595, 
        "accumulated_operating_revenue": 101813, 
        "long_term_average": 46720, 
        "date": "2014-02-28", 
        "operating_revenue": 35089, 
        "short_term_average": 53070
    }, 
    {
        "accumulated_operating_revenue_yoy": -10.407645402784967, 
        "accumulated_operating_revenue": 141934, 
        "long_term_average": 46681, 
        "date": "2014-03-31", 
        "operating_revenue": 40121, 
        "short_term_average": 47311
    }, 
    {
        "accumulated_operating_revenue_yoy": -9.315110772465543, 
        "accumulated_operating_revenue": 188046, 
        "long_term_average": 46446, 
        "date": "2014-04-30", 
        "operating_revenue": 46112, 
        "short_term_average": 40440
    }, 
    {
        "accumulated_operating_revenue_yoy": -8.014259206504414, 
        "accumulated_operating_revenue": 238944, 
        "long_term_average": 46320, 
        "date": "2014-05-31", 
        "operating_revenue": 50898, 
        "short_term_average": 45710
    }, 
    {
        "accumulated_operating_revenue_yoy": -4.507709388570265, 
        "accumulated_operating_revenue": 290711, 
        "long_term_average": 46912, 
        "date": "2014-06-30", 
        "operating_revenue": 51767, 
        "short_term_average": 49592
    }, 
    {
        "accumulated_operating_revenue_yoy": -3.157988418795199, 
        "accumulated_operating_revenue": 337323, 
        "long_term_average": 47139, 
        "date": "2014-07-31", 
        "operating_revenue": 46612, 
        "short_term_average": 49759
    }, 
    {
        "accumulated_operating_revenue_yoy": -3.387569814592844, 
        "accumulated_operating_revenue": 378827, 
        "long_term_average": 46948, 
        "date": "2014-08-31", 
        "operating_revenue": 41504, 
        "short_term_average": 46627
    }, 
    {
        "accumulated_operating_revenue_yoy": -2.7348433074000695, 
        "accumulated_operating_revenue": 422692, 
        "long_term_average": 47065, 
        "date": "2014-09-30", 
        "operating_revenue": 43865, 
        "short_term_average": 43993
    }, 
    {
        "accumulated_operating_revenue_yoy": -0.7342655873914669, 
        "accumulated_operating_revenue": 472626, 
        "long_term_average": 47764, 
        "date": "2014-10-31", 
        "operating_revenue": 49934, 
        "short_term_average": 45101
    }, 
    {
        "accumulated_operating_revenue_yoy": 0.07452755882766417, 
        "accumulated_operating_revenue": 519658, 
        "long_term_average": 48087, 
        "date": "2014-11-30", 
        "operating_revenue": 47032, 
        "short_term_average": 46943
    }, 
    {
        "accumulated_operating_revenue_yoy": 0.4376868492789612, 
        "accumulated_operating_revenue": 579192, 
        "long_term_average": 48266, 
        "date": "2014-12-31", 
        "operating_revenue": 59534, 
        "short_term_average": 52166
    }, 
    {
        "accumulated_operating_revenue_yoy": 5.978358611594029, 
        "accumulated_operating_revenue": 70713, 
        "long_term_average": 48598, 
        "date": "2015-01-31", 
        "operating_revenue": 70713, 
        "short_term_average": 59093
    }, 
    {
        "accumulated_operating_revenue_yoy": 14.684765206800703, 
        "accumulated_operating_revenue": 116764, 
        "long_term_average": 49511, 
        "date": "2015-02-28", 
        "operating_revenue": 46051, 
        "short_term_average": 58766
    }, 
    {
        "accumulated_operating_revenue_yoy": 9.36068877083715, 
        "accumulated_operating_revenue": 155220, 
        "long_term_average": 49373, 
        "date": "2015-03-31", 
        "operating_revenue": 38456, 
        "short_term_average": 51740
    }, 
    {
        "accumulated_operating_revenue_yoy": 9.124894972506727, 
        "accumulated_operating_revenue": 205205, 
        "long_term_average": 49695, 
        "date": "2015-04-30", 
        "operating_revenue": 49985, 
        "short_term_average": 44830
    }, 
    {
        "accumulated_operating_revenue_yoy": 5.733561001740994, 
        "accumulated_operating_revenue": 252644, 
        "long_term_average": 49407, 
        "date": "2015-05-31", 
        "operating_revenue": 47439, 
        "short_term_average": 45293
    }, 
    {
        "accumulated_operating_revenue_yoy": 6.410146158900076, 
        "accumulated_operating_revenue": 309346, 
        "long_term_average": 49818, 
        "date": "2015-06-30", 
        "operating_revenue": 56702, 
        "short_term_average": 51375
    }, 
    {
        "accumulated_operating_revenue_yoy": 6.221633271374913, 
        "accumulated_operating_revenue": 358310, 
        "long_term_average": 50014, 
        "date": "2015-07-31", 
        "operating_revenue": 48964, 
        "short_term_average": 51035
    }, 
    {
        "accumulated_operating_revenue_yoy": 6.137102160088906, 
        "accumulated_operating_revenue": 402076, 
        "long_term_average": 50203, 
        "date": "2015-08-31", 
        "operating_revenue": 43766, 
        "short_term_average": 49810
    }
]