[
    {
        "date": "2012-01-31", 
        "operating_revenue": 152330, 
        "accumulated_operating_revenue": 152330, 
        "long_term_average": 152330, 
        "short_term_average": 152330
    }, 
    {
        "date": "2012-02-29", 
        "operating_revenue": 180903, 
        "accumulated_operating_revenue": 333233, 
        "long_term_average": 166616, 
        "short_term_average": 166616
    }, 
    {
        "date": "2012-03-31", 
        "operating_revenue": 203790, 
        "accumulated_operating_revenue": 537023, 
        "long_term_average": 179007, 
        "short_term_average": 179007
    }, 
    {
        "date": "2012-04-30", 
        "operating_revenue": 201361, 
        "accumulated_operating_revenue": 738384, 
        "long_term_average": 184596, 
        "short_term_average": 195351
    }, 
    {
        "date": "2012-05-31", 
        "operating_revenue": 184333, 
        "accumulated_operating_revenue": 922717, 
        "long_term_average": 184543, 
        "short_term_average": 196494
    }, 
    {
        "date": "2012-06-30", 
        "operating_revenue": 165232, 
        "accumulated_operating_revenue": 1087949, 
        "long_term_average": 181324, 
        "short_term_average": 183642
    }, 
    {
        "date": "2012-07-31", 
        "operating_revenue": 160030, 
        "accumulated_operating_revenue": 1247979, 
        "long_term_average": 178282, 
        "short_term_average": 169865
    }, 
    {
        "date": "2012-08-31", 
        "operating_revenue": 153742, 
        "accumulated_operating_revenue": 1401721, 
        "long_term_average": 175215, 
        "short_term_average": 159668
    }, 
    {
        "date": "2012-09-30", 
        "operating_revenue": 142398, 
        "accumulated_operating_revenue": 1544119, 
        "long_term_average": 171568, 
        "short_term_average": 152056
    }, 
    {
        "date": "2012-10-31", 
        "operating_revenue": 165571, 
        "accumulated_operating_revenue": 1709690, 
        "long_term_average": 170969, 
        "short_term_average": 153903
    }, 
    {
        "date": "2012-11-30", 
        "operating_revenue": 158438, 
        "accumulated_operating_revenue": 1868128, 
        "long_term_average": 169829, 
        "short_term_average": 155469
    }, 
    {
        "date": "2012-12-31", 
        "operating_revenue": 157958, 
        "accumulated_operating_revenue": 2026086, 
        "long_term_average": 168840, 
        "short_term_average": 160655
    }, 
    {
        "accumulated_operating_revenue_yoy": 17.978073918466485, 
        "accumulated_operating_revenue": 179716, 
        "long_term_average": 171122, 
        "date": "2013-01-31", 
        "operating_revenue": 179716, 
        "short_term_average": 165370
    }, 
    {
        "accumulated_operating_revenue_yoy": 1.4512368222835073, 
        "accumulated_operating_revenue": 338069, 
        "long_term_average": 169243, 
        "date": "2013-02-28", 
        "operating_revenue": 158353, 
        "short_term_average": 165342
    }, 
    {
        "accumulated_operating_revenue_yoy": -2.4298773050688705, 
        "accumulated_operating_revenue": 523974, 
        "long_term_average": 167753, 
        "date": "2013-03-31", 
        "operating_revenue": 185905, 
        "short_term_average": 174658
    }, 
    {
        "accumulated_operating_revenue_yoy": -4.351529827298533, 
        "accumulated_operating_revenue": 706253, 
        "long_term_average": 166162, 
        "date": "2013-04-30", 
        "operating_revenue": 182279, 
        "short_term_average": 175512
    }, 
    {
        "accumulated_operating_revenue_yoy": -4.750752397539007, 
        "accumulated_operating_revenue": 878881, 
        "long_term_average": 165187, 
        "date": "2013-05-31", 
        "operating_revenue": 172628, 
        "short_term_average": 180270
    }, 
    {
        "accumulated_operating_revenue_yoy": -6.196613995692813, 
        "accumulated_operating_revenue": 1020533, 
        "long_term_average": 163222, 
        "date": "2013-06-30", 
        "operating_revenue": 141652, 
        "short_term_average": 165519
    }, 
    {
        "accumulated_operating_revenue_yoy": -6.53608754634493, 
        "accumulated_operating_revenue": 1166410, 
        "long_term_average": 162043, 
        "date": "2013-07-31", 
        "operating_revenue": 145877, 
        "short_term_average": 153385
    }, 
    {
        "accumulated_operating_revenue_yoy": -5.802367232851616, 
        "accumulated_operating_revenue": 1320388, 
        "long_term_average": 162062, 
        "date": "2013-08-31", 
        "operating_revenue": 153978, 
        "short_term_average": 147169
    }, 
    {
        "accumulated_operating_revenue_yoy": -4.488514162444734, 
        "accumulated_operating_revenue": 1474811, 
        "long_term_average": 163064, 
        "date": "2013-09-30", 
        "operating_revenue": 154423, 
        "short_term_average": 151426
    }, 
    {
        "accumulated_operating_revenue_yoy": -7.044785896858495, 
        "accumulated_operating_revenue": 1589246, 
        "long_term_average": 158803, 
        "date": "2013-10-31", 
        "operating_revenue": 114435, 
        "short_term_average": 140945
    }, 
    {
        "accumulated_operating_revenue_yoy": -8.80549940903407, 
        "accumulated_operating_revenue": 1703630, 
        "long_term_average": 155132, 
        "date": "2013-11-30", 
        "operating_revenue": 114384, 
        "short_term_average": 127747
    }, 
    {
        "accumulated_operating_revenue_yoy": -9.716517462733567, 
        "accumulated_operating_revenue": 1829221, 
        "long_term_average": 152435, 
        "date": "2013-12-31", 
        "operating_revenue": 125591, 
        "short_term_average": 118136
    }, 
    {
        "accumulated_operating_revenue_yoy": -11.578267933851187, 
        "accumulated_operating_revenue": 158908, 
        "long_term_average": 150701, 
        "date": "2014-01-31", 
        "operating_revenue": 158908, 
        "short_term_average": 132961
    }, 
    {
        "accumulated_operating_revenue_yoy": -15.716614063992854, 
        "accumulated_operating_revenue": 284936, 
        "long_term_average": 148007, 
        "date": "2014-02-28", 
        "operating_revenue": 126028, 
        "short_term_average": 136842
    }, 
    {
        "accumulated_operating_revenue_yoy": -19.22843499868314, 
        "accumulated_operating_revenue": 423222, 
        "long_term_average": 144039, 
        "date": "2014-03-31", 
        "operating_revenue": 138286, 
        "short_term_average": 141074
    }, 
    {
        "accumulated_operating_revenue_yoy": -22.023977243282506, 
        "accumulated_operating_revenue": 550708, 
        "long_term_average": 139473, 
        "date": "2014-04-30", 
        "operating_revenue": 127486, 
        "short_term_average": 130600
    }, 
    {
        "accumulated_operating_revenue_yoy": -19.077895642299698, 
        "accumulated_operating_revenue": 711209, 
        "long_term_average": 138462, 
        "date": "2014-05-31", 
        "operating_revenue": 160501, 
        "short_term_average": 142091
    }, 
    {
        "accumulated_operating_revenue_yoy": -15.191571463147199, 
        "accumulated_operating_revenue": 865498, 
        "long_term_average": 139515, 
        "date": "2014-06-30", 
        "operating_revenue": 154289, 
        "short_term_average": 147425
    }, 
    {
        "accumulated_operating_revenue_yoy": -11.798509957905026, 
        "accumulated_operating_revenue": 1028791, 
        "long_term_average": 140966, 
        "date": "2014-07-31", 
        "operating_revenue": 163293, 
        "short_term_average": 159361
    }, 
    {
        "accumulated_operating_revenue_yoy": -12.529271698924862, 
        "accumulated_operating_revenue": 1154953, 
        "long_term_average": 138648, 
        "date": "2014-08-31", 
        "operating_revenue": 126162, 
        "short_term_average": 147914
    }, 
    {
        "accumulated_operating_revenue_yoy": -12.288286431278312, 
        "accumulated_operating_revenue": 1293582, 
        "long_term_average": 137332, 
        "date": "2014-09-30", 
        "operating_revenue": 138629, 
        "short_term_average": 142694
    }, 
    {
        "accumulated_operating_revenue_yoy": -8.246111678116542, 
        "accumulated_operating_revenue": 1458195, 
        "long_term_average": 141514, 
        "date": "2014-10-31", 
        "operating_revenue": 164613, 
        "short_term_average": 143134
    }, 
    {
        "accumulated_operating_revenue_yoy": -5.026326138891661, 
        "accumulated_operating_revenue": 1618000, 
        "long_term_average": 145299, 
        "date": "2014-11-30", 
        "operating_revenue": 159805, 
        "short_term_average": 154349
    }, 
    {
        "accumulated_operating_revenue_yoy": -2.2027409481959808, 
        "accumulated_operating_revenue": 1788928, 
        "long_term_average": 149077, 
        "date": "2014-12-31", 
        "operating_revenue": 170928, 
        "short_term_average": 165115
    }, 
    {
        "accumulated_operating_revenue_yoy": -0.17683187756437688, 
        "accumulated_operating_revenue": 158627, 
        "long_term_average": 149053, 
        "date": "2015-01-31", 
        "operating_revenue": 158627, 
        "short_term_average": 163120
    }, 
    {
        "accumulated_operating_revenue_yoy": 2.530392789959851, 
        "accumulated_operating_revenue": 292146, 
        "long_term_average": 149678, 
        "date": "2015-02-28", 
        "operating_revenue": 133519, 
        "short_term_average": 154358
    }, 
    {
        "accumulated_operating_revenue_yoy": 12.064590215064435, 
        "accumulated_operating_revenue": 474282, 
        "long_term_average": 153332, 
        "date": "2015-03-31", 
        "operating_revenue": 182136, 
        "short_term_average": 158094
    }, 
    {
        "accumulated_operating_revenue_yoy": 14.506054025000545, 
        "accumulated_operating_revenue": 630594, 
        "long_term_average": 155734, 
        "date": "2015-04-30", 
        "operating_revenue": 156312, 
        "short_term_average": 157322
    }, 
    {
        "accumulated_operating_revenue_yoy": 6.628993727582187, 
        "accumulated_operating_revenue": 758355, 
        "long_term_average": 153006, 
        "date": "2015-05-31", 
        "operating_revenue": 127761, 
        "short_term_average": 155403
    }, 
    {
        "accumulated_operating_revenue_yoy": 3.6503839408063334, 
        "accumulated_operating_revenue": 897092, 
        "long_term_average": 151710, 
        "date": "2015-06-30", 
        "operating_revenue": 138737, 
        "short_term_average": 140936
    }, 
    {
        "accumulated_operating_revenue_yoy": 2.941510958007992, 
        "accumulated_operating_revenue": 1059053, 
        "long_term_average": 151599, 
        "date": "2015-07-31", 
        "operating_revenue": 161961, 
        "short_term_average": 142819
    }, 
    {
        "accumulated_operating_revenue_yoy": 4.747639081417166, 
        "accumulated_operating_revenue": 1209786, 
        "long_term_average": 153646, 
        "date": "2015-08-31", 
        "operating_revenue": 150733, 
        "short_term_average": 150477
    }
]