[
    {
        "date": "2012-01-31", 
        "operating_revenue": 141607, 
        "accumulated_operating_revenue": 141607, 
        "long_term_average": 141607, 
        "short_term_average": 141607
    }, 
    {
        "date": "2012-02-29", 
        "operating_revenue": 149573, 
        "accumulated_operating_revenue": 291180, 
        "long_term_average": 145590, 
        "short_term_average": 145590
    }, 
    {
        "date": "2012-03-31", 
        "operating_revenue": 183378, 
        "accumulated_operating_revenue": 474558, 
        "long_term_average": 158186, 
        "short_term_average": 158186
    }, 
    {
        "date": "2012-04-30", 
        "operating_revenue": 174443, 
        "accumulated_operating_revenue": 649001, 
        "long_term_average": 162250, 
        "short_term_average": 169131
    }, 
    {
        "date": "2012-05-31", 
        "operating_revenue": 192299, 
        "accumulated_operating_revenue": 841300, 
        "long_term_average": 168260, 
        "short_term_average": 183373
    }, 
    {
        "date": "2012-06-30", 
        "operating_revenue": 187296, 
        "accumulated_operating_revenue": 1028596, 
        "long_term_average": 171432, 
        "short_term_average": 184679
    }, 
    {
        "date": "2012-07-31", 
        "operating_revenue": 214694, 
        "accumulated_operating_revenue": 1243290, 
        "long_term_average": 177612, 
        "short_term_average": 198096
    }, 
    {
        "date": "2012-08-31", 
        "operating_revenue": 169856, 
        "accumulated_operating_revenue": 1413146, 
        "long_term_average": 176643, 
        "short_term_average": 190615
    }, 
    {
        "date": "2012-09-30", 
        "operating_revenue": 163490, 
        "accumulated_operating_revenue": 1576636, 
        "long_term_average": 175181, 
        "short_term_average": 182680
    }, 
    {
        "date": "2012-10-31", 
        "operating_revenue": 161267, 
        "accumulated_operating_revenue": 1737903, 
        "long_term_average": 173790, 
        "short_term_average": 164871
    }, 
    {
        "date": "2012-11-30", 
        "operating_revenue": 151086, 
        "accumulated_operating_revenue": 1888989, 
        "long_term_average": 171726, 
        "short_term_average": 158614
    }, 
    {
        "date": "2012-12-31", 
        "operating_revenue": 197639, 
        "accumulated_operating_revenue": 2086628, 
        "long_term_average": 173885, 
        "short_term_average": 169997
    }, 
    {
        "accumulated_operating_revenue_yoy": 24.73818384684373, 
        "accumulated_operating_revenue": 176638, 
        "long_term_average": 176804, 
        "date": "2013-01-31", 
        "operating_revenue": 176638, 
        "short_term_average": 175121
    }, 
    {
        "accumulated_operating_revenue_yoy": 5.78645511367539, 
        "accumulated_operating_revenue": 308029, 
        "long_term_average": 175289, 
        "date": "2013-02-28", 
        "operating_revenue": 131391, 
        "short_term_average": 168556
    }, 
    {
        "accumulated_operating_revenue_yoy": 2.301510036707842, 
        "accumulated_operating_revenue": 485480, 
        "long_term_average": 174795, 
        "date": "2013-03-31", 
        "operating_revenue": 177451, 
        "short_term_average": 161826
    }, 
    {
        "accumulated_operating_revenue_yoy": 7.823254509623252, 
        "accumulated_operating_revenue": 699774, 
        "long_term_average": 178116, 
        "date": "2013-04-30", 
        "operating_revenue": 214294, 
        "short_term_average": 174378
    }, 
    {
        "accumulated_operating_revenue_yoy": 3.9800309045524784, 
        "accumulated_operating_revenue": 874784, 
        "long_term_average": 176676, 
        "date": "2013-05-31", 
        "operating_revenue": 175010, 
        "short_term_average": 188918
    }, 
    {
        "accumulated_operating_revenue_yoy": 7.9960450944782995, 
        "accumulated_operating_revenue": 1110843, 
        "long_term_average": 180739, 
        "date": "2013-06-30", 
        "operating_revenue": 236059, 
        "short_term_average": 208454
    }, 
    {
        "accumulated_operating_revenue_yoy": 12.144632386651546, 
        "accumulated_operating_revenue": 1394283, 
        "long_term_average": 186468, 
        "date": "2013-07-31", 
        "operating_revenue": 283440, 
        "short_term_average": 231503
    }, 
    {
        "accumulated_operating_revenue_yoy": 18.875402824619677, 
        "accumulated_operating_revenue": 1679883, 
        "long_term_average": 196113, 
        "date": "2013-08-31", 
        "operating_revenue": 285600, 
        "short_term_average": 268366
    }, 
    {
        "accumulated_operating_revenue_yoy": 18.288051268650467, 
        "accumulated_operating_revenue": 1864972, 
        "long_term_average": 197913, 
        "date": "2013-09-30", 
        "operating_revenue": 185089, 
        "short_term_average": 251376
    }, 
    {
        "accumulated_operating_revenue_yoy": 19.58831994651025, 
        "accumulated_operating_revenue": 2078329, 
        "long_term_average": 202254, 
        "date": "2013-10-31", 
        "operating_revenue": 213357, 
        "short_term_average": 228015
    }, 
    {
        "accumulated_operating_revenue_yoy": 22.976999866065924, 
        "accumulated_operating_revenue": 2323022, 
        "long_term_average": 210055, 
        "date": "2013-11-30", 
        "operating_revenue": 244693, 
        "short_term_average": 214379
    }, 
    {
        "accumulated_operating_revenue_yoy": 23.201739840546566, 
        "accumulated_operating_revenue": 2570762, 
        "long_term_average": 214230, 
        "date": "2013-12-31", 
        "operating_revenue": 247740, 
        "short_term_average": 235263
    }, 
    {
        "accumulated_operating_revenue_yoy": 57.74182225795129, 
        "accumulated_operating_revenue": 278632, 
        "long_term_average": 222729, 
        "date": "2014-01-31", 
        "operating_revenue": 278632, 
        "short_term_average": 257021
    }, 
    {
        "accumulated_operating_revenue_yoy": 53.022929659220395, 
        "accumulated_operating_revenue": 471355, 
        "long_term_average": 227840, 
        "date": "2014-02-28", 
        "operating_revenue": 192723, 
        "short_term_average": 239698
    }, 
    {
        "accumulated_operating_revenue_yoy": 40.328128862157044, 
        "accumulated_operating_revenue": 681265, 
        "long_term_average": 230545, 
        "date": "2014-03-31", 
        "operating_revenue": 209910, 
        "short_term_average": 227088
    }, 
    {
        "accumulated_operating_revenue_yoy": 30.208896014999127, 
        "accumulated_operating_revenue": 911168, 
        "long_term_average": 231846, 
        "date": "2014-04-30", 
        "operating_revenue": 229903, 
        "short_term_average": 210845
    }, 
    {
        "accumulated_operating_revenue_yoy": 40.797271097779564, 
        "accumulated_operating_revenue": 1231672, 
        "long_term_average": 243970, 
        "date": "2014-05-31", 
        "operating_revenue": 320504, 
        "short_term_average": 253439
    }, 
    {
        "accumulated_operating_revenue_yoy": 29.809342994464565, 
        "accumulated_operating_revenue": 1441978, 
        "long_term_average": 241824, 
        "date": "2014-06-30", 
        "operating_revenue": 210306, 
        "short_term_average": 253571
    }, 
    {
        "accumulated_operating_revenue_yoy": 15.763657736628792, 
        "accumulated_operating_revenue": 1614073, 
        "long_term_average": 232546, 
        "date": "2014-07-31", 
        "operating_revenue": 172095, 
        "short_term_average": 234301
    }, 
    {
        "accumulated_operating_revenue_yoy": 4.832777044591796, 
        "accumulated_operating_revenue": 1761068, 
        "long_term_average": 220995, 
        "date": "2014-08-31", 
        "operating_revenue": 146995, 
        "short_term_average": 176465
    }, 
    {
        "accumulated_operating_revenue_yoy": 4.23818695401325, 
        "accumulated_operating_revenue": 1944013, 
        "long_term_average": 220816, 
        "date": "2014-09-30", 
        "operating_revenue": 182945, 
        "short_term_average": 167345
    }, 
    {
        "accumulated_operating_revenue_yoy": 4.173545189428623, 
        "accumulated_operating_revenue": 2165069, 
        "long_term_average": 221458, 
        "date": "2014-10-31", 
        "operating_revenue": 221056, 
        "short_term_average": 183665
    }, 
    {
        "accumulated_operating_revenue_yoy": 4.590184681849763, 
        "accumulated_operating_revenue": 2429653, 
        "long_term_average": 223116, 
        "date": "2014-11-30", 
        "operating_revenue": 264584, 
        "short_term_average": 222861
    }, 
    {
        "accumulated_operating_revenue_yoy": 3.028090503905068, 
        "accumulated_operating_revenue": 2648607, 
        "long_term_average": 220717, 
        "date": "2014-12-31", 
        "operating_revenue": 218954, 
        "short_term_average": 234864
    }, 
    {
        "accumulated_operating_revenue_yoy": -40.25094030836372, 
        "accumulated_operating_revenue": 166480, 
        "long_term_average": 211371, 
        "date": "2015-01-31", 
        "operating_revenue": 166480, 
        "short_term_average": 216672
    }, 
    {
        "accumulated_operating_revenue_yoy": -36.64965896192891, 
        "accumulated_operating_revenue": 298605, 
        "long_term_average": 206321, 
        "date": "2015-02-28", 
        "operating_revenue": 132125, 
        "short_term_average": 172519
    }, 
    {
        "accumulated_operating_revenue_yoy": -29.605219701584552, 
        "accumulated_operating_revenue": 479575, 
        "long_term_average": 203909, 
        "date": "2015-03-31", 
        "operating_revenue": 180970, 
        "short_term_average": 159858
    }, 
    {
        "accumulated_operating_revenue_yoy": -28.59549501299431, 
        "accumulated_operating_revenue": 650615, 
        "long_term_average": 199004, 
        "date": "2015-04-30", 
        "operating_revenue": 171040, 
        "short_term_average": 161378
    }, 
    {
        "accumulated_operating_revenue_yoy": -29.426340779038572, 
        "accumulated_operating_revenue": 869236, 
        "long_term_average": 190514, 
        "date": "2015-05-31", 
        "operating_revenue": 218621, 
        "short_term_average": 190210
    }, 
    {
        "accumulated_operating_revenue_yoy": -28.25167929053009, 
        "accumulated_operating_revenue": 1034595, 
        "long_term_average": 186768, 
        "date": "2015-06-30", 
        "operating_revenue": 165359, 
        "short_term_average": 185006
    }, 
    {
        "accumulated_operating_revenue_yoy": -24.588355049616712, 
        "accumulated_operating_revenue": 1217199, 
        "long_term_average": 187644, 
        "date": "2015-07-31", 
        "operating_revenue": 182604, 
        "short_term_average": 188861
    }, 
    {
        "accumulated_operating_revenue_yoy": -21.727553961573317, 
        "accumulated_operating_revenue": 1378431, 
        "long_term_average": 188830, 
        "date": "2015-08-31", 
        "operating_revenue": 161232, 
        "short_term_average": 169731
    }, 
    {
        "accumulated_operating_revenue_yoy": -20.84445937347127, 
        "accumulated_operating_revenue": 1538794, 
        "long_term_average": 186949, 
        "date": "2015-09-30", 
        "operating_revenue": 160363, 
        "short_term_average": 168066
    }
]