[
    {
        "date": "2011-09-30", 
        "operating_revenue": 454531, 
        "accumulated_operating_revenue": 454531, 
        "long_term_average": 454531, 
        "short_term_average": 454531
    }, 
    {
        "date": "2011-10-31", 
        "operating_revenue": 454365, 
        "accumulated_operating_revenue": 908896, 
        "long_term_average": 454448, 
        "short_term_average": 454448
    }, 
    {
        "date": "2011-11-30", 
        "operating_revenue": 474237, 
        "accumulated_operating_revenue": 1383133, 
        "long_term_average": 461044, 
        "short_term_average": 461044
    }, 
    {
        "date": "2011-12-31", 
        "operating_revenue": 487094, 
        "accumulated_operating_revenue": 1870227, 
        "long_term_average": 467556, 
        "short_term_average": 471898
    }, 
    {
        "date": "2012-01-31", 
        "operating_revenue": 222379, 
        "accumulated_operating_revenue": 222379, 
        "long_term_average": 418521, 
        "short_term_average": 394570
    }, 
    {
        "date": "2012-02-29", 
        "operating_revenue": 410633, 
        "accumulated_operating_revenue": 633012, 
        "long_term_average": 417206, 
        "short_term_average": 373368
    }, 
    {
        "date": "2012-03-31", 
        "operating_revenue": 500261, 
        "accumulated_operating_revenue": 1133273, 
        "long_term_average": 429071, 
        "short_term_average": 377757
    }, 
    {
        "date": "2012-04-30", 
        "operating_revenue": 421279, 
        "accumulated_operating_revenue": 1554552, 
        "long_term_average": 428097, 
        "short_term_average": 444057
    }, 
    {
        "date": "2012-05-31", 
        "operating_revenue": 393001, 
        "accumulated_operating_revenue": 1947553, 
        "long_term_average": 424197, 
        "short_term_average": 438180
    }, 
    {
        "date": "2012-06-30", 
        "operating_revenue": 356436, 
        "accumulated_operating_revenue": 2303989, 
        "long_term_average": 417421, 
        "short_term_average": 390238
    }, 
    {
        "date": "2012-07-31", 
        "operating_revenue": 387566, 
        "accumulated_operating_revenue": 2691555, 
        "long_term_average": 414707, 
        "short_term_average": 379001
    }, 
    {
        "date": "2012-08-31", 
        "operating_revenue": 387983, 
        "accumulated_operating_revenue": 3079538, 
        "long_term_average": 412480, 
        "short_term_average": 377328
    }, 
    {
        "accumulated_operating_revenue_yoy": 656.4152940063493, 
        "accumulated_operating_revenue": 3438142, 
        "long_term_average": 404486, 
        "date": "2012-09-30", 
        "operating_revenue": 358604, 
        "short_term_average": 378051
    }, 
    {
        "accumulated_operating_revenue_yoy": 328.917169841214, 
        "accumulated_operating_revenue": 3898411, 
        "long_term_average": 404978, 
        "date": "2012-10-31", 
        "operating_revenue": 460269, 
        "short_term_average": 402285
    }, 
    {
        "accumulated_operating_revenue_yoy": 215.4781933480005, 
        "accumulated_operating_revenue": 4363483, 
        "long_term_average": 404214, 
        "date": "2012-11-30", 
        "operating_revenue": 465072, 
        "short_term_average": 427981
    }, 
    {
        "accumulated_operating_revenue_yoy": 156.50822065984505, 
        "accumulated_operating_revenue": 4797286, 
        "long_term_average": 399773, 
        "date": "2012-12-31", 
        "operating_revenue": 433803, 
        "short_term_average": 453048
    }, 
    {
        "accumulated_operating_revenue_yoy": 82.23933015257737, 
        "accumulated_operating_revenue": 405262, 
        "long_term_average": 415014, 
        "date": "2013-01-31", 
        "operating_revenue": 405262, 
        "short_term_average": 434712
    }, 
    {
        "accumulated_operating_revenue_yoy": -6.802714640480749, 
        "accumulated_operating_revenue": 589950, 
        "long_term_average": 396185, 
        "date": "2013-02-28", 
        "operating_revenue": 184688, 
        "short_term_average": 341251
    }, 
    {
        "accumulated_operating_revenue_yoy": -7.1132022028231505, 
        "accumulated_operating_revenue": 1052661, 
        "long_term_average": 393056, 
        "date": "2013-03-31", 
        "operating_revenue": 462711, 
        "short_term_average": 350887
    }, 
    {
        "accumulated_operating_revenue_yoy": -5.104686108923985, 
        "accumulated_operating_revenue": 1475197, 
        "long_term_average": 393160, 
        "date": "2013-04-30", 
        "operating_revenue": 422536, 
        "short_term_average": 356645
    }, 
    {
        "accumulated_operating_revenue_yoy": -1.726012077720093, 
        "accumulated_operating_revenue": 1913938, 
        "long_term_average": 396972, 
        "date": "2013-05-31", 
        "operating_revenue": 438741, 
        "short_term_average": 441329
    }, 
    {
        "accumulated_operating_revenue_yoy": -2.358257786821031, 
        "accumulated_operating_revenue": 2249655, 
        "long_term_average": 395246, 
        "date": "2013-06-30", 
        "operating_revenue": 335717, 
        "short_term_average": 398998
    }, 
    {
        "accumulated_operating_revenue_yoy": -1.9677844220162695, 
        "accumulated_operating_revenue": 2638591, 
        "long_term_average": 395360, 
        "date": "2013-07-31", 
        "operating_revenue": 388936, 
        "short_term_average": 387798
    }, 
    {
        "accumulated_operating_revenue_yoy": -0.9762503336539443, 
        "accumulated_operating_revenue": 3049474, 
        "long_term_average": 397268, 
        "date": "2013-08-31", 
        "operating_revenue": 410883, 
        "short_term_average": 378512
    }, 
    {
        "accumulated_operating_revenue_yoy": 0.5117007965348727, 
        "accumulated_operating_revenue": 3455735, 
        "long_term_average": 401239, 
        "date": "2013-09-30", 
        "operating_revenue": 406261, 
        "short_term_average": 402026
    }, 
    {
        "accumulated_operating_revenue_yoy": -0.14806032509142827, 
        "accumulated_operating_revenue": 3892639, 
        "long_term_average": 399292, 
        "date": "2013-10-31", 
        "operating_revenue": 436904, 
        "short_term_average": 418016
    }, 
    {
        "accumulated_operating_revenue_yoy": -1.2507668759108264, 
        "accumulated_operating_revenue": 4308906, 
        "long_term_average": 395225, 
        "date": "2013-11-30", 
        "operating_revenue": 416267, 
        "short_term_average": 419810
    }, 
    {
        "accumulated_operating_revenue_yoy": -1.679678885102952, 
        "accumulated_operating_revenue": 4716707, 
        "long_term_average": 393058, 
        "date": "2013-12-31", 
        "operating_revenue": 407801, 
        "short_term_average": 420324
    }, 
    {
        "accumulated_operating_revenue_yoy": -26.437958653907845, 
        "accumulated_operating_revenue": 298119, 
        "long_term_average": 384130, 
        "date": "2014-01-31", 
        "operating_revenue": 298119, 
        "short_term_average": 374062
    }, 
    {
        "accumulated_operating_revenue_yoy": -4.502584964827528, 
        "accumulated_operating_revenue": 563387, 
        "long_term_average": 390845, 
        "date": "2014-02-28", 
        "operating_revenue": 265268, 
        "short_term_average": 323729
    }, 
    {
        "accumulated_operating_revenue_yoy": -4.6816591476268234, 
        "accumulated_operating_revenue": 1003379, 
        "long_term_average": 388952, 
        "date": "2014-03-31", 
        "operating_revenue": 439992, 
        "short_term_average": 334459
    }, 
    {
        "accumulated_operating_revenue_yoy": -0.946653226653796, 
        "accumulated_operating_revenue": 1461232, 
        "long_term_average": 391895, 
        "date": "2014-04-30", 
        "operating_revenue": 457853, 
        "short_term_average": 387704
    }, 
    {
        "accumulated_operating_revenue_yoy": -2.522808993812757, 
        "accumulated_operating_revenue": 1865653, 
        "long_term_average": 389035, 
        "date": "2014-05-31", 
        "operating_revenue": 404421, 
        "short_term_average": 434088
    }, 
    {
        "accumulated_operating_revenue_yoy": -0.3289837775125519, 
        "accumulated_operating_revenue": 2242254, 
        "long_term_average": 392442, 
        "date": "2014-06-30", 
        "operating_revenue": 376601, 
        "short_term_average": 412958
    }, 
    {
        "accumulated_operating_revenue_yoy": -0.30383640359570696, 
        "accumulated_operating_revenue": 2630574, 
        "long_term_average": 392390, 
        "date": "2014-07-31", 
        "operating_revenue": 388320, 
        "short_term_average": 389780
    }, 
    {
        "accumulated_operating_revenue_yoy": -2.2898047335376526, 
        "accumulated_operating_revenue": 2979647, 
        "long_term_average": 387240, 
        "date": "2014-08-31", 
        "operating_revenue": 349073, 
        "short_term_average": 371331
    }, 
    {
        "accumulated_operating_revenue_yoy": -2.9962077531986684, 
        "accumulated_operating_revenue": 3352194, 
        "long_term_average": 384430, 
        "date": "2014-09-30", 
        "operating_revenue": 372547, 
        "short_term_average": 369980
    }, 
    {
        "accumulated_operating_revenue_yoy": -4.0592256307353445, 
        "accumulated_operating_revenue": 3734628, 
        "long_term_average": 379891, 
        "date": "2014-10-31", 
        "operating_revenue": 382434, 
        "short_term_average": 368018
    }, 
    {
        "accumulated_operating_revenue_yoy": -5.007860463885729, 
        "accumulated_operating_revenue": 4093122, 
        "long_term_average": 375076, 
        "date": "2014-11-30", 
        "operating_revenue": 358494, 
        "short_term_average": 371158
    }, 
    {
        "accumulated_operating_revenue_yoy": -4.7638320548637, 
        "accumulated_operating_revenue": 4492011, 
        "long_term_average": 374334, 
        "date": "2014-12-31", 
        "operating_revenue": 398889, 
        "short_term_average": 379939
    }, 
    {
        "accumulated_operating_revenue_yoy": 8.163518594923504, 
        "accumulated_operating_revenue": 322456, 
        "long_term_average": 376362, 
        "date": "2015-01-31", 
        "operating_revenue": 322456, 
        "short_term_average": 359946
    }, 
    {
        "accumulated_operating_revenue_yoy": -8.914831190638052, 
        "accumulated_operating_revenue": 513162, 
        "long_term_average": 370148, 
        "date": "2015-02-28", 
        "operating_revenue": 190706, 
        "short_term_average": 304017
    }, 
    {
        "accumulated_operating_revenue_yoy": -12.165692126305215, 
        "accumulated_operating_revenue": 881311, 
        "long_term_average": 364161, 
        "date": "2015-03-31", 
        "operating_revenue": 368149, 
        "short_term_average": 293770
    }, 
    {
        "accumulated_operating_revenue_yoy": -10.943368335760509, 
        "accumulated_operating_revenue": 1301324, 
        "long_term_average": 361008, 
        "date": "2015-04-30", 
        "operating_revenue": 420013, 
        "short_term_average": 326289
    }, 
    {
        "accumulated_operating_revenue_yoy": -16.175248023078247, 
        "accumulated_operating_revenue": 1563879, 
        "long_term_average": 349186, 
        "date": "2015-05-31", 
        "operating_revenue": 262555, 
        "short_term_average": 350239
    }, 
    {
        "accumulated_operating_revenue_yoy": -18.11850932142389, 
        "accumulated_operating_revenue": 1835991, 
        "long_term_average": 340479, 
        "date": "2015-06-30", 
        "operating_revenue": 272112, 
        "short_term_average": 318226
    }, 
    {
        "accumulated_operating_revenue_yoy": -19.94602698878648, 
        "accumulated_operating_revenue": 2105879, 
        "long_term_average": 330609, 
        "date": "2015-07-31", 
        "operating_revenue": 269888, 
        "short_term_average": 268185
    }, 
    {
        "accumulated_operating_revenue_yoy": -21.806307928422395, 
        "accumulated_operating_revenue": 2329896, 
        "long_term_average": 320188, 
        "date": "2015-08-31", 
        "operating_revenue": 224017, 
        "short_term_average": 255339
    }
]