[
    {
        "date": "2011-09-30", 
        "operating_revenue": 1427230, 
        "accumulated_operating_revenue": 1427230, 
        "long_term_average": 1427230, 
        "short_term_average": 1427230
    }, 
    {
        "date": "2011-10-31", 
        "operating_revenue": 1485026, 
        "accumulated_operating_revenue": 2912256, 
        "long_term_average": 1456128, 
        "short_term_average": 1456128
    }, 
    {
        "date": "2011-11-30", 
        "operating_revenue": 1670486, 
        "accumulated_operating_revenue": 4582742, 
        "long_term_average": 1527580, 
        "short_term_average": 1527580
    }, 
    {
        "date": "2011-12-31", 
        "operating_revenue": 1579002, 
        "accumulated_operating_revenue": 6161744, 
        "long_term_average": 1540436, 
        "short_term_average": 1578171
    }, 
    {
        "date": "2012-01-31", 
        "operating_revenue": 1139743, 
        "accumulated_operating_revenue": 1139743, 
        "long_term_average": 1460297, 
        "short_term_average": 1463077
    }, 
    {
        "date": "2012-02-29", 
        "operating_revenue": 1070025, 
        "accumulated_operating_revenue": 2209768, 
        "long_term_average": 1395252, 
        "short_term_average": 1262923
    }, 
    {
        "date": "2012-03-31", 
        "operating_revenue": 1231418, 
        "accumulated_operating_revenue": 3441186, 
        "long_term_average": 1371847, 
        "short_term_average": 1147062
    }, 
    {
        "date": "2012-04-30", 
        "operating_revenue": 1037485, 
        "accumulated_operating_revenue": 4478671, 
        "long_term_average": 1330051, 
        "short_term_average": 1112976
    }, 
    {
        "date": "2012-05-31", 
        "operating_revenue": 995248, 
        "accumulated_operating_revenue": 5473919, 
        "long_term_average": 1292851, 
        "short_term_average": 1088050
    }, 
    {
        "date": "2012-06-30", 
        "operating_revenue": 833747, 
        "accumulated_operating_revenue": 6307666, 
        "long_term_average": 1246941, 
        "short_term_average": 955493
    }, 
    {
        "date": "2012-07-31", 
        "operating_revenue": 901408, 
        "accumulated_operating_revenue": 7209074, 
        "long_term_average": 1215528, 
        "short_term_average": 910134
    }, 
    {
        "date": "2012-08-31", 
        "operating_revenue": 1493341, 
        "accumulated_operating_revenue": 8702415, 
        "long_term_average": 1238679, 
        "short_term_average": 1076165
    }, 
    {
        "accumulated_operating_revenue_yoy": 617.8875864436706, 
        "accumulated_operating_revenue": 10245907, 
        "long_term_average": 1248368, 
        "date": "2012-09-30", 
        "operating_revenue": 1543492, 
        "short_term_average": 1312747
    }, 
    {
        "accumulated_operating_revenue_yoy": 301.18011603375527, 
        "accumulated_operating_revenue": 11683392, 
        "long_term_average": 1244406, 
        "date": "2012-10-31", 
        "operating_revenue": 1437485, 
        "short_term_average": 1491439
    }, 
    {
        "accumulated_operating_revenue_yoy": 194.6815247290814, 
        "accumulated_operating_revenue": 13504494, 
        "long_term_average": 1256958, 
        "date": "2012-11-30", 
        "operating_revenue": 1821102, 
        "short_term_average": 1600693
    }, 
    {
        "accumulated_operating_revenue_yoy": 148.96689963101355, 
        "accumulated_operating_revenue": 15340703, 
        "long_term_average": 1278391, 
        "date": "2012-12-31", 
        "operating_revenue": 1836209, 
        "short_term_average": 1698265
    }, 
    {
        "accumulated_operating_revenue_yoy": 5.559937635063343, 
        "accumulated_operating_revenue": 1203112, 
        "long_term_average": 1283672, 
        "date": "2013-01-31", 
        "operating_revenue": 1203112, 
        "short_term_average": 1620141
    }, 
    {
        "accumulated_operating_revenue_yoy": -1.3720897397373841, 
        "accumulated_operating_revenue": 2179448, 
        "long_term_average": 1275865, 
        "date": "2013-02-28", 
        "operating_revenue": 976336, 
        "short_term_average": 1338552
    }, 
    {
        "accumulated_operating_revenue_yoy": -4.017568361605563, 
        "accumulated_operating_revenue": 3302934, 
        "long_term_average": 1266870, 
        "date": "2013-03-31", 
        "operating_revenue": 1123486, 
        "short_term_average": 1100978
    }, 
    {
        "accumulated_operating_revenue_yoy": -4.848156964420919, 
        "accumulated_operating_revenue": 4261538, 
        "long_term_average": 1260297, 
        "date": "2013-04-30", 
        "operating_revenue": 958604, 
        "short_term_average": 1019475
    }, 
    {
        "accumulated_operating_revenue_yoy": -1.7747248360817907, 
        "accumulated_operating_revenue": 5376772, 
        "long_term_average": 1270296, 
        "date": "2013-05-31", 
        "operating_revenue": 1115234, 
        "short_term_average": 1065774
    }, 
    {
        "accumulated_operating_revenue_yoy": 0.4571421505197009, 
        "accumulated_operating_revenue": 6336501, 
        "long_term_average": 1280794, 
        "date": "2013-06-30", 
        "operating_revenue": 959729, 
        "short_term_average": 1011189
    }, 
    {
        "accumulated_operating_revenue_yoy": 2.3644645623002343, 
        "accumulated_operating_revenue": 7379530, 
        "long_term_average": 1292596, 
        "date": "2013-07-31", 
        "operating_revenue": 1043029, 
        "short_term_average": 1039330
    }, 
    {
        "accumulated_operating_revenue_yoy": -1.2368175960351235, 
        "accumulated_operating_revenue": 8594782, 
        "long_term_average": 1269422, 
        "date": "2013-08-31", 
        "operating_revenue": 1215252, 
        "short_term_average": 1072670
    }, 
    {
        "accumulated_operating_revenue_yoy": -1.970826008863832, 
        "accumulated_operating_revenue": 10043978, 
        "long_term_average": 1261564, 
        "date": "2013-09-30", 
        "operating_revenue": 1449196, 
        "short_term_average": 1235825
    }, 
    {
        "accumulated_operating_revenue_yoy": -0.5746447606996324, 
        "accumulated_operating_revenue": 11616254, 
        "long_term_average": 1272797, 
        "date": "2013-10-31", 
        "operating_revenue": 1572276, 
        "short_term_average": 1412241
    }, 
    {
        "accumulated_operating_revenue_yoy": -2.53135733926795, 
        "accumulated_operating_revenue": 13162647, 
        "long_term_average": 1249904, 
        "date": "2013-11-30", 
        "operating_revenue": 1546393, 
        "short_term_average": 1522621
    }, 
    {
        "accumulated_operating_revenue_yoy": -0.6981818238707834, 
        "accumulated_operating_revenue": 15233597, 
        "long_term_average": 1269466, 
        "date": "2013-12-31", 
        "operating_revenue": 2070950, 
        "short_term_average": 1729873
    }, 
    {
        "accumulated_operating_revenue_yoy": 0.9152098890211384, 
        "accumulated_operating_revenue": 1214123, 
        "long_term_average": 1270384, 
        "date": "2014-01-31", 
        "operating_revenue": 1214123, 
        "short_term_average": 1610488
    }, 
    {
        "accumulated_operating_revenue_yoy": 5.891354141048559, 
        "accumulated_operating_revenue": 2307847, 
        "long_term_average": 1280166, 
        "date": "2014-02-28", 
        "operating_revenue": 1093724, 
        "short_term_average": 1459599
    }, 
    {
        "accumulated_operating_revenue_yoy": 10.980570607829282, 
        "accumulated_operating_revenue": 3665615, 
        "long_term_average": 1299689, 
        "date": "2014-03-31", 
        "operating_revenue": 1357768, 
        "short_term_average": 1221871
    }, 
    {
        "accumulated_operating_revenue_yoy": 11.130793624273677, 
        "accumulated_operating_revenue": 4735881, 
        "long_term_average": 1308995, 
        "date": "2014-04-30", 
        "operating_revenue": 1070266, 
        "short_term_average": 1173919
    }, 
    {
        "accumulated_operating_revenue_yoy": 9.320573756893541, 
        "accumulated_operating_revenue": 5877918, 
        "long_term_average": 1311228, 
        "date": "2014-05-31", 
        "operating_revenue": 1142037, 
        "short_term_average": 1190023
    }, 
    {
        "accumulated_operating_revenue_yoy": 12.726597849507165, 
        "accumulated_operating_revenue": 7142922, 
        "long_term_average": 1336668, 
        "date": "2014-06-30", 
        "operating_revenue": 1265004, 
        "short_term_average": 1159102
    }, 
    {
        "accumulated_operating_revenue_yoy": 13.164659537938054, 
        "accumulated_operating_revenue": 8351020, 
        "long_term_average": 1350423, 
        "date": "2014-07-31", 
        "operating_revenue": 1208098, 
        "short_term_average": 1205046
    }, 
    {
        "accumulated_operating_revenue_yoy": 13.445727884663045, 
        "accumulated_operating_revenue": 9750413, 
        "long_term_average": 1365769, 
        "date": "2014-08-31", 
        "operating_revenue": 1399393, 
        "short_term_average": 1290831
    }, 
    {
        "accumulated_operating_revenue_yoy": 11.069847026745776, 
        "accumulated_operating_revenue": 11155831, 
        "long_term_average": 1362120, 
        "date": "2014-09-30", 
        "operating_revenue": 1405418, 
        "short_term_average": 1337636
    }, 
    {
        "accumulated_operating_revenue_yoy": 9.782706197712274, 
        "accumulated_operating_revenue": 12752638, 
        "long_term_average": 1364165, 
        "date": "2014-10-31", 
        "operating_revenue": 1596807, 
        "short_term_average": 1467206
    }, 
    {
        "accumulated_operating_revenue_yoy": 9.540269521776281, 
        "accumulated_operating_revenue": 14418399, 
        "long_term_average": 1374112, 
        "date": "2014-11-30", 
        "operating_revenue": 1665761, 
        "short_term_average": 1555995
    }, 
    {
        "accumulated_operating_revenue_yoy": 9.16155258669374, 
        "accumulated_operating_revenue": 16629231, 
        "long_term_average": 1385769, 
        "date": "2014-12-31", 
        "operating_revenue": 2210832, 
        "short_term_average": 1824466
    }, 
    {
        "accumulated_operating_revenue_yoy": -4.591709406707558, 
        "accumulated_operating_revenue": 1158374, 
        "long_term_average": 1381123, 
        "date": "2015-01-31", 
        "operating_revenue": 1158374, 
        "short_term_average": 1678322
    }, 
    {
        "accumulated_operating_revenue_yoy": -3.877076773286964, 
        "accumulated_operating_revenue": 2218370, 
        "long_term_average": 1378312, 
        "date": "2015-02-28", 
        "operating_revenue": 1059996, 
        "short_term_average": 1476400
    }, 
    {
        "accumulated_operating_revenue_yoy": -5.967484310272629, 
        "accumulated_operating_revenue": 3446870, 
        "long_term_average": 1367540, 
        "date": "2015-03-31", 
        "operating_revenue": 1228500, 
        "short_term_average": 1148956
    }, 
    {
        "accumulated_operating_revenue_yoy": -2.359413169376511, 
        "accumulated_operating_revenue": 4624142, 
        "long_term_average": 1376457, 
        "date": "2015-04-30", 
        "operating_revenue": 1177272, 
        "short_term_average": 1155256
    }, 
    {
        "accumulated_operating_revenue_yoy": -2.1943484070380026, 
        "accumulated_operating_revenue": 5748936, 
        "long_term_average": 1375020, 
        "date": "2015-05-31", 
        "operating_revenue": 1124794, 
        "short_term_average": 1176855
    }, 
    {
        "accumulated_operating_revenue_yoy": -3.902646563969199, 
        "accumulated_operating_revenue": 6864159, 
        "long_term_average": 1362539, 
        "date": "2015-06-30", 
        "operating_revenue": 1115223, 
        "short_term_average": 1139096
    }, 
    {
        "accumulated_operating_revenue_yoy": -3.179970829910598, 
        "accumulated_operating_revenue": 8085460, 
        "long_term_average": 1363639, 
        "date": "2015-07-31", 
        "operating_revenue": 1221301, 
        "short_term_average": 1153772
    }, 
    {
        "accumulated_operating_revenue_yoy": -3.043983880477678, 
        "accumulated_operating_revenue": 9453612, 
        "long_term_average": 1361035, 
        "date": "2015-08-31", 
        "operating_revenue": 1368152, 
        "short_term_average": 1234892
    }
]