[
    {
        "date": "2012-01-31", 
        "operating_revenue": 175498, 
        "accumulated_operating_revenue": 175498, 
        "long_term_average": 175498, 
        "short_term_average": 175498
    }, 
    {
        "date": "2012-02-29", 
        "operating_revenue": 183768, 
        "accumulated_operating_revenue": 359266, 
        "long_term_average": 179633, 
        "short_term_average": 179633
    }, 
    {
        "date": "2012-03-31", 
        "operating_revenue": 176497, 
        "accumulated_operating_revenue": 535763, 
        "long_term_average": 178587, 
        "short_term_average": 178587
    }, 
    {
        "date": "2012-04-30", 
        "operating_revenue": 189187, 
        "accumulated_operating_revenue": 724950, 
        "long_term_average": 181237, 
        "short_term_average": 183150
    }, 
    {
        "date": "2012-05-31", 
        "operating_revenue": 229498, 
        "accumulated_operating_revenue": 954448, 
        "long_term_average": 190889, 
        "short_term_average": 198394
    }, 
    {
        "date": "2012-06-30", 
        "operating_revenue": 197799, 
        "accumulated_operating_revenue": 1152247, 
        "long_term_average": 192041, 
        "short_term_average": 205494
    }, 
    {
        "date": "2012-07-31", 
        "operating_revenue": 175735, 
        "accumulated_operating_revenue": 1327982, 
        "long_term_average": 189711, 
        "short_term_average": 201010
    }, 
    {
        "date": "2012-08-31", 
        "operating_revenue": 190687, 
        "accumulated_operating_revenue": 1518669, 
        "long_term_average": 189833, 
        "short_term_average": 188073
    }, 
    {
        "date": "2012-09-30", 
        "operating_revenue": 191589, 
        "accumulated_operating_revenue": 1710258, 
        "long_term_average": 190028, 
        "short_term_average": 186003
    }, 
    {
        "date": "2012-10-31", 
        "operating_revenue": 187015, 
        "accumulated_operating_revenue": 1897273, 
        "long_term_average": 189727, 
        "short_term_average": 189763
    }, 
    {
        "date": "2012-11-30", 
        "operating_revenue": 206421, 
        "accumulated_operating_revenue": 2103694, 
        "long_term_average": 191244, 
        "short_term_average": 195008
    }, 
    {
        "date": "2012-12-31", 
        "operating_revenue": 192628, 
        "accumulated_operating_revenue": 2296322, 
        "long_term_average": 191360, 
        "short_term_average": 195354
    }, 
    {
        "accumulated_operating_revenue_yoy": 22.061789877947326, 
        "accumulated_operating_revenue": 214216, 
        "long_term_average": 194586, 
        "date": "2013-01-31", 
        "operating_revenue": 214216, 
        "short_term_average": 204421
    }, 
    {
        "accumulated_operating_revenue_yoy": 4.857682051738823, 
        "accumulated_operating_revenue": 376718, 
        "long_term_average": 192814, 
        "date": "2013-02-28", 
        "operating_revenue": 162502, 
        "short_term_average": 189782
    }, 
    {
        "accumulated_operating_revenue_yoy": 4.999785352851914, 
        "accumulated_operating_revenue": 562550, 
        "long_term_average": 193592, 
        "date": "2013-03-31", 
        "operating_revenue": 185832, 
        "short_term_average": 187516
    }, 
    {
        "accumulated_operating_revenue_yoy": 4.717014966549417, 
        "accumulated_operating_revenue": 759146, 
        "long_term_average": 194209, 
        "date": "2013-04-30", 
        "operating_revenue": 196596, 
        "short_term_average": 181643
    }, 
    {
        "accumulated_operating_revenue_yoy": 1.7917162590313982, 
        "accumulated_operating_revenue": 971549, 
        "long_term_average": 192785, 
        "date": "2013-05-31", 
        "operating_revenue": 212403, 
        "short_term_average": 198277
    }, 
    {
        "accumulated_operating_revenue_yoy": 2.0393196944752296, 
        "accumulated_operating_revenue": 1175745, 
        "long_term_average": 193318, 
        "date": "2013-06-30", 
        "operating_revenue": 204196, 
        "short_term_average": 204398
    }, 
    {
        "accumulated_operating_revenue_yoy": 4.099754364140478, 
        "accumulated_operating_revenue": 1382426, 
        "long_term_average": 195897, 
        "date": "2013-07-31", 
        "operating_revenue": 206681, 
        "short_term_average": 207760
    }, 
    {
        "accumulated_operating_revenue_yoy": 4.343408603191347, 
        "accumulated_operating_revenue": 1584631, 
        "long_term_average": 196857, 
        "date": "2013-08-31", 
        "operating_revenue": 202205, 
        "short_term_average": 204360
    }, 
    {
        "accumulated_operating_revenue_yoy": 4.862892031494663, 
        "accumulated_operating_revenue": 1793426, 
        "long_term_average": 198290, 
        "date": "2013-09-30", 
        "operating_revenue": 208795, 
        "short_term_average": 205893
    }, 
    {
        "accumulated_operating_revenue_yoy": 5.512754358492425, 
        "accumulated_operating_revenue": 2001865, 
        "long_term_average": 200076, 
        "date": "2013-10-31", 
        "operating_revenue": 208439, 
        "short_term_average": 206479
    }, 
    {
        "accumulated_operating_revenue_yoy": 4.265068969156161, 
        "accumulated_operating_revenue": 2193418, 
        "long_term_average": 198837, 
        "date": "2013-11-30", 
        "operating_revenue": 191553, 
        "short_term_average": 202929
    }, 
    {
        "accumulated_operating_revenue_yoy": 4.899008065941972, 
        "accumulated_operating_revenue": 2408819, 
        "long_term_average": 200734, 
        "date": "2013-12-31", 
        "operating_revenue": 215401, 
        "short_term_average": 205131
    }, 
    {
        "accumulated_operating_revenue_yoy": 16.899297904918402, 
        "accumulated_operating_revenue": 250417, 
        "long_term_average": 203751, 
        "date": "2014-01-31", 
        "operating_revenue": 250417, 
        "short_term_average": 219123
    }, 
    {
        "accumulated_operating_revenue_yoy": 15.49381765670873, 
        "accumulated_operating_revenue": 435086, 
        "long_term_average": 205598, 
        "date": "2014-02-28", 
        "operating_revenue": 184669, 
        "short_term_average": 216829
    }, 
    {
        "accumulated_operating_revenue_yoy": 11.743844991556305, 
        "accumulated_operating_revenue": 628615, 
        "long_term_average": 206240, 
        "date": "2014-03-31", 
        "operating_revenue": 193529, 
        "short_term_average": 209538
    }, 
    {
        "accumulated_operating_revenue_yoy": 9.544409112344661, 
        "accumulated_operating_revenue": 831602, 
        "long_term_average": 206772, 
        "date": "2014-04-30", 
        "operating_revenue": 202987, 
        "short_term_average": 193728
    }, 
    {
        "accumulated_operating_revenue_yoy": 8.777117777899004, 
        "accumulated_operating_revenue": 1056823, 
        "long_term_average": 207841, 
        "date": "2014-05-31", 
        "operating_revenue": 225221, 
        "short_term_average": 207245
    }, 
    {
        "accumulated_operating_revenue_yoy": 8.289212371730265, 
        "accumulated_operating_revenue": 1273205, 
        "long_term_average": 208856, 
        "date": "2014-06-30", 
        "operating_revenue": 216382, 
        "short_term_average": 214863
    }, 
    {
        "accumulated_operating_revenue_yoy": 9.186314493506345, 
        "accumulated_operating_revenue": 1509420, 
        "long_term_average": 211317, 
        "date": "2014-07-31", 
        "operating_revenue": 236215, 
        "short_term_average": 225939
    }, 
    {
        "accumulated_operating_revenue_yoy": 8.942271102862433, 
        "accumulated_operating_revenue": 1726333, 
        "long_term_average": 212543, 
        "date": "2014-08-31", 
        "operating_revenue": 216913, 
        "short_term_average": 223170
    }, 
    {
        "accumulated_operating_revenue_yoy": 8.749287676213013, 
        "accumulated_operating_revenue": 1950338, 
        "long_term_average": 213810, 
        "date": "2014-09-30", 
        "operating_revenue": 224005, 
        "short_term_average": 225711
    }, 
    {
        "accumulated_operating_revenue_yoy": 8.391375042772614, 
        "accumulated_operating_revenue": 2169849, 
        "long_term_average": 214733, 
        "date": "2014-10-31", 
        "operating_revenue": 219511, 
        "short_term_average": 220143
    }, 
    {
        "accumulated_operating_revenue_yoy": 8.144731191227573, 
        "accumulated_operating_revenue": 2372066, 
        "long_term_average": 215622, 
        "date": "2014-11-30", 
        "operating_revenue": 202217, 
        "short_term_average": 215244
    }, 
    {
        "accumulated_operating_revenue_yoy": 7.819558048985831, 
        "accumulated_operating_revenue": 2597178, 
        "long_term_average": 216431, 
        "date": "2014-12-31", 
        "operating_revenue": 225112, 
        "short_term_average": 215613
    }, 
    {
        "accumulated_operating_revenue_yoy": -14.388000814641178, 
        "accumulated_operating_revenue": 214387, 
        "long_term_average": 213429, 
        "date": "2015-01-31", 
        "operating_revenue": 214387, 
        "short_term_average": 213905
    }, 
    {
        "accumulated_operating_revenue_yoy": -7.359004886390277, 
        "accumulated_operating_revenue": 403068, 
        "long_term_average": 213763, 
        "date": "2015-02-28", 
        "operating_revenue": 188681, 
        "short_term_average": 209393
    }, 
    {
        "accumulated_operating_revenue_yoy": 1.7075634529879178, 
        "accumulated_operating_revenue": 639349, 
        "long_term_average": 217326, 
        "date": "2015-03-31", 
        "operating_revenue": 236281, 
        "short_term_average": 213116
    }, 
    {
        "accumulated_operating_revenue_yoy": 3.7544402250114834, 
        "accumulated_operating_revenue": 862824, 
        "long_term_average": 219033, 
        "date": "2015-04-30", 
        "operating_revenue": 223475, 
        "short_term_average": 216145
    }, 
    {
        "accumulated_operating_revenue_yoy": 5.729814737188725, 
        "accumulated_operating_revenue": 1117377, 
        "long_term_average": 221477, 
        "date": "2015-05-31", 
        "operating_revenue": 254553, 
        "short_term_average": 238103
    }, 
    {
        "accumulated_operating_revenue_yoy": 7.448918281030942, 
        "accumulated_operating_revenue": 1368045, 
        "long_term_average": 224334, 
        "date": "2015-06-30", 
        "operating_revenue": 250668, 
        "short_term_average": 242898
    }, 
    {
        "accumulated_operating_revenue_yoy": 7.059599051291224, 
        "accumulated_operating_revenue": 1615979, 
        "long_term_average": 225311, 
        "date": "2015-07-31", 
        "operating_revenue": 247934, 
        "short_term_average": 251051
    }, 
    {
        "accumulated_operating_revenue_yoy": 7.9104668682114045, 
        "accumulated_operating_revenue": 1862894, 
        "long_term_average": 227811, 
        "date": "2015-08-31", 
        "operating_revenue": 246915, 
        "short_term_average": 248505
    }
]