[
    {
        "date": "2012-01-31", 
        "operating_revenue": 107283, 
        "accumulated_operating_revenue": 107283, 
        "long_term_average": 107283, 
        "short_term_average": 107283
    }, 
    {
        "date": "2012-02-29", 
        "operating_revenue": 91408, 
        "accumulated_operating_revenue": 198691, 
        "long_term_average": 99345, 
        "short_term_average": 99345
    }, 
    {
        "date": "2012-03-31", 
        "operating_revenue": 164306, 
        "accumulated_operating_revenue": 362997, 
        "long_term_average": 120999, 
        "short_term_average": 120999
    }, 
    {
        "date": "2012-04-30", 
        "operating_revenue": 95911, 
        "accumulated_operating_revenue": 458908, 
        "long_term_average": 114727, 
        "short_term_average": 117208
    }, 
    {
        "date": "2012-05-31", 
        "operating_revenue": 141129, 
        "accumulated_operating_revenue": 600037, 
        "long_term_average": 120007, 
        "short_term_average": 133782
    }, 
    {
        "date": "2012-06-30", 
        "operating_revenue": 130548, 
        "accumulated_operating_revenue": 730585, 
        "long_term_average": 121764, 
        "short_term_average": 122529
    }, 
    {
        "date": "2012-07-31", 
        "operating_revenue": 63307, 
        "accumulated_operating_revenue": 793892, 
        "long_term_average": 113413, 
        "short_term_average": 111661
    }, 
    {
        "date": "2012-08-31", 
        "operating_revenue": 119158, 
        "accumulated_operating_revenue": 913050, 
        "long_term_average": 114131, 
        "short_term_average": 104337
    }, 
    {
        "date": "2012-09-30", 
        "operating_revenue": 71967, 
        "accumulated_operating_revenue": 985017, 
        "long_term_average": 109446, 
        "short_term_average": 84810
    }, 
    {
        "date": "2012-10-31", 
        "operating_revenue": 61472, 
        "accumulated_operating_revenue": 1046489, 
        "long_term_average": 104648, 
        "short_term_average": 84199
    }, 
    {
        "date": "2012-11-30", 
        "operating_revenue": 127411, 
        "accumulated_operating_revenue": 1173900, 
        "long_term_average": 106718, 
        "short_term_average": 86950
    }, 
    {
        "date": "2012-12-31", 
        "operating_revenue": 160204, 
        "accumulated_operating_revenue": 1334104, 
        "long_term_average": 111175, 
        "short_term_average": 116362
    }, 
    {
        "accumulated_operating_revenue_yoy": 7.826030219140032, 
        "accumulated_operating_revenue": 115679, 
        "long_term_average": 111875, 
        "date": "2013-01-31", 
        "operating_revenue": 115679, 
        "short_term_average": 134431
    }, 
    {
        "accumulated_operating_revenue_yoy": 37.48181850209622, 
        "accumulated_operating_revenue": 273164, 
        "long_term_average": 117381, 
        "date": "2013-02-28", 
        "operating_revenue": 157485, 
        "short_term_average": 144456
    }, 
    {
        "accumulated_operating_revenue_yoy": 27.163585373983807, 
        "accumulated_operating_revenue": 461600, 
        "long_term_average": 119392, 
        "date": "2013-03-31", 
        "operating_revenue": 188436, 
        "short_term_average": 153866
    }, 
    {
        "accumulated_operating_revenue_yoy": 29.52312881884822, 
        "accumulated_operating_revenue": 594392, 
        "long_term_average": 122465, 
        "date": "2013-04-30", 
        "operating_revenue": 132792, 
        "short_term_average": 159571
    }, 
    {
        "accumulated_operating_revenue_yoy": 14.040134191724842, 
        "accumulated_operating_revenue": 684283, 
        "long_term_average": 118195, 
        "date": "2013-05-31", 
        "operating_revenue": 89891, 
        "short_term_average": 137039
    }, 
    {
        "accumulated_operating_revenue_yoy": 10.717849394663181, 
        "accumulated_operating_revenue": 808888, 
        "long_term_average": 117700, 
        "date": "2013-06-30", 
        "operating_revenue": 124605, 
        "short_term_average": 115762
    }, 
    {
        "accumulated_operating_revenue_yoy": 17.469882553294404, 
        "accumulated_operating_revenue": 932584, 
        "long_term_average": 122733, 
        "date": "2013-07-31", 
        "operating_revenue": 123696, 
        "short_term_average": 112730
    }, 
    {
        "accumulated_operating_revenue_yoy": 17.426975521603417, 
        "accumulated_operating_revenue": 1072167, 
        "long_term_average": 124435, 
        "date": "2013-08-31", 
        "operating_revenue": 139583, 
        "short_term_average": 129294
    }, 
    {
        "accumulated_operating_revenue_yoy": 21.56663286014353, 
        "accumulated_operating_revenue": 1197452, 
        "long_term_average": 128878, 
        "date": "2013-09-30", 
        "operating_revenue": 125285, 
        "short_term_average": 129521
    }, 
    {
        "accumulated_operating_revenue_yoy": 27.73751085773477, 
        "accumulated_operating_revenue": 1336759, 
        "long_term_average": 135364, 
        "date": "2013-10-31", 
        "operating_revenue": 139307, 
        "short_term_average": 134725
    }, 
    {
        "accumulated_operating_revenue_yoy": 21.27574750830565, 
        "accumulated_operating_revenue": 1423656, 
        "long_term_average": 131988, 
        "date": "2013-11-30", 
        "operating_revenue": 86897, 
        "short_term_average": 117163
    }, 
    {
        "accumulated_operating_revenue_yoy": 16.284412609511705, 
        "accumulated_operating_revenue": 1551355, 
        "long_term_average": 129279, 
        "date": "2013-12-31", 
        "operating_revenue": 127699, 
        "short_term_average": 117967
    }, 
    {
        "accumulated_operating_revenue_yoy": 10.469488844129012, 
        "accumulated_operating_revenue": 127790, 
        "long_term_average": 130288, 
        "date": "2014-01-31", 
        "operating_revenue": 127790, 
        "short_term_average": 114128
    }, 
    {
        "accumulated_operating_revenue_yoy": -15.302162803297653, 
        "accumulated_operating_revenue": 231364, 
        "long_term_average": 125796, 
        "date": "2014-02-28", 
        "operating_revenue": 103574, 
        "short_term_average": 119687
    }, 
    {
        "accumulated_operating_revenue_yoy": -30.059358752166375, 
        "accumulated_operating_revenue": 322846, 
        "long_term_average": 117716, 
        "date": "2014-03-31", 
        "operating_revenue": 91482, 
        "short_term_average": 107615
    }, 
    {
        "accumulated_operating_revenue_yoy": -19.699625836148535, 
        "accumulated_operating_revenue": 477299, 
        "long_term_average": 119521, 
        "date": "2014-04-30", 
        "operating_revenue": 154453, 
        "short_term_average": 116503
    }, 
    {
        "accumulated_operating_revenue_yoy": -12.419276819678409, 
        "accumulated_operating_revenue": 599300, 
        "long_term_average": 122197, 
        "date": "2014-05-31", 
        "operating_revenue": 122001, 
        "short_term_average": 122645
    }, 
    {
        "accumulated_operating_revenue_yoy": -13.755056324237719, 
        "accumulated_operating_revenue": 697625, 
        "long_term_average": 120007, 
        "date": "2014-06-30", 
        "operating_revenue": 98325, 
        "short_term_average": 124926
    }, 
    {
        "accumulated_operating_revenue_yoy": -15.460805675413688, 
        "accumulated_operating_revenue": 788399, 
        "long_term_average": 117264, 
        "date": "2014-07-31", 
        "operating_revenue": 90774, 
        "short_term_average": 103700
    }, 
    {
        "accumulated_operating_revenue_yoy": -18.405528243268073, 
        "accumulated_operating_revenue": 874829, 
        "long_term_average": 112834, 
        "date": "2014-08-31", 
        "operating_revenue": 86430, 
        "short_term_average": 91843
    }, 
    {
        "accumulated_operating_revenue_yoy": -15.364791240066408, 
        "accumulated_operating_revenue": 1013466, 
        "long_term_average": 113947, 
        "date": "2014-09-30", 
        "operating_revenue": 138637, 
        "short_term_average": 105280
    }, 
    {
        "accumulated_operating_revenue_yoy": -18.468549678737904, 
        "accumulated_operating_revenue": 1089879, 
        "long_term_average": 108706, 
        "date": "2014-10-31", 
        "operating_revenue": 76413, 
        "short_term_average": 100493
    }, 
    {
        "accumulated_operating_revenue_yoy": -20.3419927285805, 
        "accumulated_operating_revenue": 1134056, 
        "long_term_average": 105146, 
        "date": "2014-11-30", 
        "operating_revenue": 44177, 
        "short_term_average": 86409
    }, 
    {
        "accumulated_operating_revenue_yoy": -20.87117390925997, 
        "accumulated_operating_revenue": 1227569, 
        "long_term_average": 102297, 
        "date": "2014-12-31", 
        "operating_revenue": 93513, 
        "short_term_average": 71367
    }, 
    {
        "accumulated_operating_revenue_yoy": -61.96729008529619, 
        "accumulated_operating_revenue": 48602, 
        "long_term_average": 95698, 
        "date": "2015-01-31", 
        "operating_revenue": 48602, 
        "short_term_average": 62097
    }, 
    {
        "accumulated_operating_revenue_yoy": -63.39923237841669, 
        "accumulated_operating_revenue": 84681, 
        "long_term_average": 90073, 
        "date": "2015-02-28", 
        "operating_revenue": 36079, 
        "short_term_average": 59398
    }, 
    {
        "accumulated_operating_revenue_yoy": -54.80941377622768, 
        "accumulated_operating_revenue": 145896, 
        "long_term_average": 87551, 
        "date": "2015-03-31", 
        "operating_revenue": 61215, 
        "short_term_average": 48632
    }, 
    {
        "accumulated_operating_revenue_yoy": -49.1251814900094, 
        "accumulated_operating_revenue": 242825, 
        "long_term_average": 82757, 
        "date": "2015-04-30", 
        "operating_revenue": 96929, 
        "short_term_average": 64741
    }, 
    {
        "accumulated_operating_revenue_yoy": -52.35925246120474, 
        "accumulated_operating_revenue": 285511, 
        "long_term_average": 76148, 
        "date": "2015-05-31", 
        "operating_revenue": 42686, 
        "short_term_average": 66943
    }, 
    {
        "accumulated_operating_revenue_yoy": -52.23766350116467, 
        "accumulated_operating_revenue": 333202, 
        "long_term_average": 71928, 
        "date": "2015-06-30", 
        "operating_revenue": 47691, 
        "short_term_average": 62435
    }, 
    {
        "accumulated_operating_revenue_yoy": -52.501715501922256, 
        "accumulated_operating_revenue": 374476, 
        "long_term_average": 67803, 
        "date": "2015-07-31", 
        "operating_revenue": 41274, 
        "short_term_average": 43883
    }, 
    {
        "accumulated_operating_revenue_yoy": -52.39161024611667, 
        "accumulated_operating_revenue": 416492, 
        "long_term_average": 64102, 
        "date": "2015-08-31", 
        "operating_revenue": 42016, 
        "short_term_average": 43660
    }, 
    {
        "accumulated_operating_revenue_yoy": -52.75756660805592, 
        "accumulated_operating_revenue": 478786, 
        "long_term_average": 57740, 
        "date": "2015-09-30", 
        "operating_revenue": 62294, 
        "short_term_average": 48528
    }
]