[
    {
        "date": "2012-01-31", 
        "operating_revenue": 63985, 
        "accumulated_operating_revenue": 63985, 
        "long_term_average": 63985, 
        "short_term_average": 63985
    }, 
    {
        "date": "2012-02-29", 
        "operating_revenue": 61765, 
        "accumulated_operating_revenue": 125750, 
        "long_term_average": 62875, 
        "short_term_average": 62875
    }, 
    {
        "date": "2012-03-31", 
        "operating_revenue": 107341, 
        "accumulated_operating_revenue": 233091, 
        "long_term_average": 77697, 
        "short_term_average": 77697
    }, 
    {
        "date": "2012-04-30", 
        "operating_revenue": 69768, 
        "accumulated_operating_revenue": 302859, 
        "long_term_average": 75714, 
        "short_term_average": 79624
    }, 
    {
        "date": "2012-05-31", 
        "operating_revenue": 94251, 
        "accumulated_operating_revenue": 397110, 
        "long_term_average": 79422, 
        "short_term_average": 90453
    }, 
    {
        "date": "2012-06-30", 
        "operating_revenue": 67582, 
        "accumulated_operating_revenue": 464692, 
        "long_term_average": 77448, 
        "short_term_average": 77200
    }, 
    {
        "date": "2012-07-31", 
        "operating_revenue": 88082, 
        "accumulated_operating_revenue": 552774, 
        "long_term_average": 78967, 
        "short_term_average": 83305
    }, 
    {
        "date": "2012-08-31", 
        "operating_revenue": 73301, 
        "accumulated_operating_revenue": 626075, 
        "long_term_average": 78259, 
        "short_term_average": 76321
    }, 
    {
        "date": "2012-09-30", 
        "operating_revenue": 69014, 
        "accumulated_operating_revenue": 695089, 
        "long_term_average": 77232, 
        "short_term_average": 76799
    }, 
    {
        "date": "2012-10-31", 
        "operating_revenue": 95776, 
        "accumulated_operating_revenue": 790865, 
        "long_term_average": 79086, 
        "short_term_average": 79363
    }, 
    {
        "date": "2012-11-30", 
        "operating_revenue": 82793, 
        "accumulated_operating_revenue": 873658, 
        "long_term_average": 79423, 
        "short_term_average": 82527
    }, 
    {
        "date": "2012-12-31", 
        "operating_revenue": 78482, 
        "accumulated_operating_revenue": 952140, 
        "long_term_average": 79345, 
        "short_term_average": 85683
    }, 
    {
        "accumulated_operating_revenue_yoy": 28.119090411815268, 
        "accumulated_operating_revenue": 81977, 
        "long_term_average": 80844, 
        "date": "2013-01-31", 
        "operating_revenue": 81977, 
        "short_term_average": 81084
    }, 
    {
        "accumulated_operating_revenue_yoy": 24.368986083499006, 
        "accumulated_operating_revenue": 156394, 
        "long_term_average": 81898, 
        "date": "2013-02-28", 
        "operating_revenue": 74417, 
        "short_term_average": 78292
    }, 
    {
        "accumulated_operating_revenue_yoy": -2.42737814844846, 
        "accumulated_operating_revenue": 227433, 
        "long_term_average": 78873, 
        "date": "2013-03-31", 
        "operating_revenue": 71039, 
        "short_term_average": 75811
    }, 
    {
        "accumulated_operating_revenue_yoy": 0.7148541070267022, 
        "accumulated_operating_revenue": 305024, 
        "long_term_average": 79525, 
        "date": "2013-04-30", 
        "operating_revenue": 77591, 
        "short_term_average": 74349
    }, 
    {
        "accumulated_operating_revenue_yoy": -2.3807005615572514, 
        "accumulated_operating_revenue": 387656, 
        "long_term_average": 78557, 
        "date": "2013-05-31", 
        "operating_revenue": 82632, 
        "short_term_average": 77087
    }, 
    {
        "accumulated_operating_revenue_yoy": 0.2687801812813648, 
        "accumulated_operating_revenue": 465941, 
        "long_term_average": 79449, 
        "date": "2013-06-30", 
        "operating_revenue": 78285, 
        "short_term_average": 79502
    }, 
    {
        "accumulated_operating_revenue_yoy": 0.6935926798293697, 
        "accumulated_operating_revenue": 556608, 
        "long_term_average": 79664, 
        "date": "2013-07-31", 
        "operating_revenue": 90667, 
        "short_term_average": 83861
    }, 
    {
        "accumulated_operating_revenue_yoy": 0.40777862077227167, 
        "accumulated_operating_revenue": 628628, 
        "long_term_average": 79557, 
        "date": "2013-08-31", 
        "operating_revenue": 72020, 
        "short_term_average": 80324
    }, 
    {
        "accumulated_operating_revenue_yoy": 2.6134782740051996, 
        "accumulated_operating_revenue": 713255, 
        "long_term_average": 80858, 
        "date": "2013-09-30", 
        "operating_revenue": 84627, 
        "short_term_average": 82438
    }, 
    {
        "accumulated_operating_revenue_yoy": 1.5379363102425825, 
        "accumulated_operating_revenue": 803028, 
        "long_term_average": 80358, 
        "date": "2013-10-31", 
        "operating_revenue": 89773, 
        "short_term_average": 82140
    }, 
    {
        "accumulated_operating_revenue_yoy": 3.8010296935414085, 
        "accumulated_operating_revenue": 906866, 
        "long_term_average": 82112, 
        "date": "2013-11-30", 
        "operating_revenue": 103838, 
        "short_term_average": 92746
    }, 
    {
        "accumulated_operating_revenue_yoy": 6.3840401621610265, 
        "accumulated_operating_revenue": 1012925, 
        "long_term_average": 84410, 
        "date": "2013-12-31", 
        "operating_revenue": 106059, 
        "short_term_average": 99890
    }, 
    {
        "accumulated_operating_revenue_yoy": 10.601754150554424, 
        "accumulated_operating_revenue": 90668, 
        "long_term_average": 85134, 
        "date": "2014-01-31", 
        "operating_revenue": 90668, 
        "short_term_average": 100188
    }, 
    {
        "accumulated_operating_revenue_yoy": 9.082189853830709, 
        "accumulated_operating_revenue": 170598, 
        "long_term_average": 85594, 
        "date": "2014-02-28", 
        "operating_revenue": 79930, 
        "short_term_average": 92219
    }, 
    {
        "accumulated_operating_revenue_yoy": 19.137943921946242, 
        "accumulated_operating_revenue": 270959, 
        "long_term_average": 88037, 
        "date": "2014-03-31", 
        "operating_revenue": 100361, 
        "short_term_average": 90319
    }, 
    {
        "accumulated_operating_revenue_yoy": 22.52412924884599, 
        "accumulated_operating_revenue": 373728, 
        "long_term_average": 90135, 
        "date": "2014-04-30", 
        "operating_revenue": 102769, 
        "short_term_average": 94353
    }, 
    {
        "accumulated_operating_revenue_yoy": 21.95838578533545, 
        "accumulated_operating_revenue": 472779, 
        "long_term_average": 91504, 
        "date": "2014-05-31", 
        "operating_revenue": 99051, 
        "short_term_average": 100727
    }, 
    {
        "accumulated_operating_revenue_yoy": 20.081083227275556, 
        "accumulated_operating_revenue": 559507, 
        "long_term_average": 92207, 
        "date": "2014-06-30", 
        "operating_revenue": 86728, 
        "short_term_average": 96182
    }, 
    {
        "accumulated_operating_revenue_yoy": 21.037426698861676, 
        "accumulated_operating_revenue": 673704, 
        "long_term_average": 94168, 
        "date": "2014-07-31", 
        "operating_revenue": 114197, 
        "short_term_average": 99992
    }, 
    {
        "accumulated_operating_revenue_yoy": 26.36233193558034, 
        "accumulated_operating_revenue": 794349, 
        "long_term_average": 98220, 
        "date": "2014-08-31", 
        "operating_revenue": 120645, 
        "short_term_average": 107190
    }, 
    {
        "accumulated_operating_revenue_yoy": 28.688197068369657, 
        "accumulated_operating_revenue": 917875, 
        "long_term_average": 101462, 
        "date": "2014-09-30", 
        "operating_revenue": 123526, 
        "short_term_average": 119456
    }, 
    {
        "accumulated_operating_revenue_yoy": 29.17183460601623, 
        "accumulated_operating_revenue": 1037286, 
        "long_term_average": 103931, 
        "date": "2014-10-31", 
        "operating_revenue": 119411, 
        "short_term_average": 121194
    }, 
    {
        "accumulated_operating_revenue_yoy": 28.495169076798554, 
        "accumulated_operating_revenue": 1165279, 
        "long_term_average": 105944, 
        "date": "2014-11-30", 
        "operating_revenue": 127993, 
        "short_term_average": 123643
    }, 
    {
        "accumulated_operating_revenue_yoy": 26.04911518621813, 
        "accumulated_operating_revenue": 1276783, 
        "long_term_average": 106398, 
        "date": "2014-12-31", 
        "operating_revenue": 111504, 
        "short_term_average": 119636
    }, 
    {
        "accumulated_operating_revenue_yoy": 59.53478625314334, 
        "accumulated_operating_revenue": 144647, 
        "long_term_average": 110896, 
        "date": "2015-01-31", 
        "operating_revenue": 144647, 
        "short_term_average": 128048
    }, 
    {
        "accumulated_operating_revenue_yoy": 44.093131220764604, 
        "accumulated_operating_revenue": 245820, 
        "long_term_average": 112667, 
        "date": "2015-02-28", 
        "operating_revenue": 101173, 
        "short_term_average": 119108
    }, 
    {
        "accumulated_operating_revenue_yoy": 31.901874453330574, 
        "accumulated_operating_revenue": 357400, 
        "long_term_average": 113602, 
        "date": "2015-03-31", 
        "operating_revenue": 111580, 
        "short_term_average": 119133
    }, 
    {
        "accumulated_operating_revenue_yoy": 21.125256871307474, 
        "accumulated_operating_revenue": 452679, 
        "long_term_average": 112977, 
        "date": "2015-04-30", 
        "operating_revenue": 95279, 
        "short_term_average": 102677
    }, 
    {
        "accumulated_operating_revenue_yoy": 23.528329303966547, 
        "accumulated_operating_revenue": 584016, 
        "long_term_average": 115668, 
        "date": "2015-05-31", 
        "operating_revenue": 131337, 
        "short_term_average": 112732
    }, 
    {
        "accumulated_operating_revenue_yoy": 31.069495109087107, 
        "accumulated_operating_revenue": 733343, 
        "long_term_average": 120884, 
        "date": "2015-06-30", 
        "operating_revenue": 149327, 
        "short_term_average": 125314
    }, 
    {
        "accumulated_operating_revenue_yoy": 29.929167705698646, 
        "accumulated_operating_revenue": 875338, 
        "long_term_average": 123201, 
        "date": "2015-07-31", 
        "operating_revenue": 141995, 
        "short_term_average": 140886
    }, 
    {
        "accumulated_operating_revenue_yoy": 25.62777821839015, 
        "accumulated_operating_revenue": 997923, 
        "long_term_average": 123363, 
        "date": "2015-08-31", 
        "operating_revenue": 122585, 
        "short_term_average": 137969
    }, 
    {
        "accumulated_operating_revenue_yoy": 20.843469971401333, 
        "accumulated_operating_revenue": 1109192, 
        "long_term_average": 122341, 
        "date": "2015-09-30", 
        "operating_revenue": 111269, 
        "short_term_average": 125283
    }
]