[
    {
        "date": "2012-01-31", 
        "operating_revenue": 36741, 
        "accumulated_operating_revenue": 36741, 
        "long_term_average": 36741, 
        "short_term_average": 36741
    }, 
    {
        "date": "2012-02-29", 
        "operating_revenue": 98583, 
        "accumulated_operating_revenue": 135324, 
        "long_term_average": 67662, 
        "short_term_average": 67662
    }, 
    {
        "date": "2012-03-31", 
        "operating_revenue": 144490, 
        "accumulated_operating_revenue": 279814, 
        "long_term_average": 93271, 
        "short_term_average": 93271
    }, 
    {
        "date": "2012-04-30", 
        "operating_revenue": 180511, 
        "accumulated_operating_revenue": 460325, 
        "long_term_average": 115081, 
        "short_term_average": 141194
    }, 
    {
        "date": "2012-05-31", 
        "operating_revenue": 150054, 
        "accumulated_operating_revenue": 610379, 
        "long_term_average": 122075, 
        "short_term_average": 158351
    }, 
    {
        "date": "2012-06-30", 
        "operating_revenue": 125304, 
        "accumulated_operating_revenue": 735683, 
        "long_term_average": 122613, 
        "short_term_average": 151956
    }, 
    {
        "date": "2012-07-31", 
        "operating_revenue": 108629, 
        "accumulated_operating_revenue": 844312, 
        "long_term_average": 120616, 
        "short_term_average": 127995
    }, 
    {
        "date": "2012-08-31", 
        "operating_revenue": 122512, 
        "accumulated_operating_revenue": 966824, 
        "long_term_average": 120853, 
        "short_term_average": 118815
    }, 
    {
        "date": "2012-09-30", 
        "operating_revenue": 85555, 
        "accumulated_operating_revenue": 1052379, 
        "long_term_average": 116931, 
        "short_term_average": 105565
    }, 
    {
        "date": "2012-10-31", 
        "operating_revenue": 126247, 
        "accumulated_operating_revenue": 1178626, 
        "long_term_average": 117862, 
        "short_term_average": 111438
    }, 
    {
        "date": "2012-11-30", 
        "operating_revenue": 84241, 
        "accumulated_operating_revenue": 1262867, 
        "long_term_average": 114806, 
        "short_term_average": 98681
    }, 
    {
        "date": "2012-12-31", 
        "operating_revenue": 57554, 
        "accumulated_operating_revenue": 1320421, 
        "long_term_average": 110035, 
        "short_term_average": 89347
    }, 
    {
        "accumulated_operating_revenue_yoy": 204.21599847581723, 
        "accumulated_operating_revenue": 111772, 
        "long_term_average": 116287, 
        "date": "2013-01-31", 
        "operating_revenue": 111772, 
        "short_term_average": 84522
    }, 
    {
        "accumulated_operating_revenue_yoy": 10.030741036327628, 
        "accumulated_operating_revenue": 148898, 
        "long_term_average": 111166, 
        "date": "2013-02-28", 
        "operating_revenue": 37126, 
        "short_term_average": 68817
    }, 
    {
        "accumulated_operating_revenue_yoy": 5.926794227594045, 
        "accumulated_operating_revenue": 296398, 
        "long_term_average": 111417, 
        "date": "2013-03-31", 
        "operating_revenue": 147500, 
        "short_term_average": 98799
    }, 
    {
        "accumulated_operating_revenue_yoy": -14.1050344865041, 
        "accumulated_operating_revenue": 395396, 
        "long_term_average": 104624, 
        "date": "2013-04-30", 
        "operating_revenue": 98998, 
        "short_term_average": 94541
    }, 
    {
        "accumulated_operating_revenue_yoy": -23.604023074188333, 
        "accumulated_operating_revenue": 466305, 
        "long_term_average": 98028, 
        "date": "2013-05-31", 
        "operating_revenue": 70909, 
        "short_term_average": 105802
    }, 
    {
        "accumulated_operating_revenue_yoy": -22.480606456857096, 
        "accumulated_operating_revenue": 570297, 
        "long_term_average": 96252, 
        "date": "2013-06-30", 
        "operating_revenue": 103992, 
        "short_term_average": 91299
    }, 
    {
        "accumulated_operating_revenue_yoy": -22.01887453926984, 
        "accumulated_operating_revenue": 658404, 
        "long_term_average": 94542, 
        "date": "2013-07-31", 
        "operating_revenue": 88107, 
        "short_term_average": 87669
    }, 
    {
        "accumulated_operating_revenue_yoy": -25.217930047247485, 
        "accumulated_operating_revenue": 723011, 
        "long_term_average": 89717, 
        "date": "2013-08-31", 
        "operating_revenue": 64607, 
        "short_term_average": 85568
    }, 
    {
        "accumulated_operating_revenue_yoy": -26.35238825556192, 
        "accumulated_operating_revenue": 775052, 
        "long_term_average": 86924, 
        "date": "2013-09-30", 
        "operating_revenue": 52041, 
        "short_term_average": 68251
    }, 
    {
        "accumulated_operating_revenue_yoy": -27.41955463395513, 
        "accumulated_operating_revenue": 855452, 
        "long_term_average": 83103, 
        "date": "2013-10-31", 
        "operating_revenue": 80400, 
        "short_term_average": 65682
    }, 
    {
        "accumulated_operating_revenue_yoy": -25.266635362235295, 
        "accumulated_operating_revenue": 943783, 
        "long_term_average": 83444, 
        "date": "2013-11-30", 
        "operating_revenue": 88331, 
        "short_term_average": 73590
    }, 
    {
        "accumulated_operating_revenue_yoy": -20.934459539798294, 
        "accumulated_operating_revenue": 1043998, 
        "long_term_average": 86999, 
        "date": "2013-12-31", 
        "operating_revenue": 100215, 
        "short_term_average": 89648
    }, 
    {
        "accumulated_operating_revenue_yoy": -0.5475432129692589, 
        "accumulated_operating_revenue": 111160, 
        "long_term_average": 86948, 
        "date": "2014-01-31", 
        "operating_revenue": 111160, 
        "short_term_average": 99902
    }, 
    {
        "accumulated_operating_revenue_yoy": 17.758465526736426, 
        "accumulated_operating_revenue": 175340, 
        "long_term_average": 89203, 
        "date": "2014-02-28", 
        "operating_revenue": 64180, 
        "short_term_average": 91851
    }, 
    {
        "accumulated_operating_revenue_yoy": -15.959284475603749, 
        "accumulated_operating_revenue": 249095, 
        "long_term_average": 83057, 
        "date": "2014-03-31", 
        "operating_revenue": 73755, 
        "short_term_average": 83031
    }, 
    {
        "accumulated_operating_revenue_yoy": -12.81196572550051, 
        "accumulated_operating_revenue": 344738, 
        "long_term_average": 82778, 
        "date": "2014-04-30", 
        "operating_revenue": 95643, 
        "short_term_average": 77859
    }, 
    {
        "accumulated_operating_revenue_yoy": -5.810789075819475, 
        "accumulated_operating_revenue": 439209, 
        "long_term_average": 84741, 
        "date": "2014-05-31", 
        "operating_revenue": 94471, 
        "short_term_average": 87956
    }, 
    {
        "accumulated_operating_revenue_yoy": -13.793689954532462, 
        "accumulated_operating_revenue": 491632, 
        "long_term_average": 80444, 
        "date": "2014-06-30", 
        "operating_revenue": 52423, 
        "short_term_average": 80845
    }, 
    {
        "accumulated_operating_revenue_yoy": -15.917734400155528, 
        "accumulated_operating_revenue": 553601, 
        "long_term_average": 78266, 
        "date": "2014-07-31", 
        "operating_revenue": 61969, 
        "short_term_average": 69621
    }, 
    {
        "accumulated_operating_revenue_yoy": -21.414058707267248, 
        "accumulated_operating_revenue": 568185, 
        "long_term_average": 74097, 
        "date": "2014-08-31", 
        "operating_revenue": 14584, 
        "short_term_average": 42992
    }, 
    {
        "accumulated_operating_revenue_yoy": -15.582180292419089, 
        "accumulated_operating_revenue": 654282, 
        "long_term_average": 76935, 
        "date": "2014-09-30", 
        "operating_revenue": 86097, 
        "short_term_average": 54216
    }, 
    {
        "accumulated_operating_revenue_yoy": -10.913645651655498, 
        "accumulated_operating_revenue": 762091, 
        "long_term_average": 79219, 
        "date": "2014-10-31", 
        "operating_revenue": 107809, 
        "short_term_average": 69496
    }, 
    {
        "accumulated_operating_revenue_yoy": -11.237752746129143, 
        "accumulated_operating_revenue": 837723, 
        "long_term_average": 78161, 
        "date": "2014-11-30", 
        "operating_revenue": 75632, 
        "short_term_average": 89846
    }, 
    {
        "accumulated_operating_revenue_yoy": -9.319366512196384, 
        "accumulated_operating_revenue": 946704, 
        "long_term_average": 78892, 
        "date": "2014-12-31", 
        "operating_revenue": 108981, 
        "short_term_average": 97474
    }, 
    {
        "accumulated_operating_revenue_yoy": -66.72903922274199, 
        "accumulated_operating_revenue": 36984, 
        "long_term_average": 72710, 
        "date": "2015-01-31", 
        "operating_revenue": 36984, 
        "short_term_average": 73865
    }, 
    {
        "accumulated_operating_revenue_yoy": -48.59358959735371, 
        "accumulated_operating_revenue": 90136, 
        "long_term_average": 71791, 
        "date": "2015-02-28", 
        "operating_revenue": 53152, 
        "short_term_average": 66372
    }, 
    {
        "accumulated_operating_revenue_yoy": 3.0562636745016962, 
        "accumulated_operating_revenue": 256708, 
        "long_term_average": 79526, 
        "date": "2015-03-31", 
        "operating_revenue": 166572, 
        "short_term_average": 85569
    }, 
    {
        "accumulated_operating_revenue_yoy": 1.1866983042194361, 
        "accumulated_operating_revenue": 348829, 
        "long_term_average": 79232, 
        "date": "2015-04-30", 
        "operating_revenue": 92121, 
        "short_term_average": 103948
    }, 
    {
        "accumulated_operating_revenue_yoy": 0.776168065772787, 
        "accumulated_operating_revenue": 442618, 
        "long_term_average": 79176, 
        "date": "2015-05-31", 
        "operating_revenue": 93789, 
        "short_term_average": 117494
    }, 
    {
        "accumulated_operating_revenue_yoy": 9.762383246005141, 
        "accumulated_operating_revenue": 539627, 
        "long_term_average": 82891, 
        "date": "2015-06-30", 
        "operating_revenue": 97009, 
        "short_term_average": 94306
    }, 
    {
        "accumulated_operating_revenue_yoy": 9.239867702551114, 
        "accumulated_operating_revenue": 604753, 
        "long_term_average": 83154, 
        "date": "2015-07-31", 
        "operating_revenue": 65126, 
        "short_term_average": 85308
    }, 
    {
        "accumulated_operating_revenue_yoy": 22.826016174309423, 
        "accumulated_operating_revenue": 697879, 
        "long_term_average": 89699, 
        "date": "2015-08-31", 
        "operating_revenue": 93126, 
        "short_term_average": 85087
    }, 
    {
        "accumulated_operating_revenue_yoy": 23.114650869197074, 
        "accumulated_operating_revenue": 805517, 
        "long_term_average": 91494, 
        "date": "2015-09-30", 
        "operating_revenue": 107638, 
        "short_term_average": 88630
    }, 
    {
        "accumulated_operating_revenue_yoy": 20.429974898010865, 
        "accumulated_operating_revenue": 917786, 
        "long_term_average": 91866, 
        "date": "2015-10-31", 
        "operating_revenue": 112269, 
        "short_term_average": 104344
    }
]