[
    {
        "date": "2012-01-31", 
        "operating_revenue": 501222, 
        "accumulated_operating_revenue": 501222, 
        "long_term_average": 501222, 
        "short_term_average": 501222
    }, 
    {
        "date": "2012-02-29", 
        "operating_revenue": 636857, 
        "accumulated_operating_revenue": 1138079, 
        "long_term_average": 569039, 
        "short_term_average": 569039
    }, 
    {
        "date": "2012-03-31", 
        "operating_revenue": 592241, 
        "accumulated_operating_revenue": 1730320, 
        "long_term_average": 576773, 
        "short_term_average": 576773
    }, 
    {
        "date": "2012-04-30", 
        "operating_revenue": 607567, 
        "accumulated_operating_revenue": 2337887, 
        "long_term_average": 584471, 
        "short_term_average": 612221
    }, 
    {
        "date": "2012-05-31", 
        "operating_revenue": 577896, 
        "accumulated_operating_revenue": 2915783, 
        "long_term_average": 583156, 
        "short_term_average": 592568
    }, 
    {
        "date": "2012-06-30", 
        "operating_revenue": 569270, 
        "accumulated_operating_revenue": 3485053, 
        "long_term_average": 580842, 
        "short_term_average": 584911
    }, 
    {
        "date": "2012-07-31", 
        "operating_revenue": 582679, 
        "accumulated_operating_revenue": 4067732, 
        "long_term_average": 581104, 
        "short_term_average": 576615
    }, 
    {
        "date": "2012-08-31", 
        "operating_revenue": 576519, 
        "accumulated_operating_revenue": 4644251, 
        "long_term_average": 580531, 
        "short_term_average": 576156
    }, 
    {
        "date": "2012-09-30", 
        "operating_revenue": 535273, 
        "accumulated_operating_revenue": 5179524, 
        "long_term_average": 575502, 
        "short_term_average": 564823
    }, 
    {
        "date": "2012-10-31", 
        "operating_revenue": 578835, 
        "accumulated_operating_revenue": 5758359, 
        "long_term_average": 575835, 
        "short_term_average": 563542
    }, 
    {
        "date": "2012-11-30", 
        "operating_revenue": 545899, 
        "accumulated_operating_revenue": 6304258, 
        "long_term_average": 573114, 
        "short_term_average": 553335
    }, 
    {
        "date": "2012-12-31", 
        "operating_revenue": 515766, 
        "accumulated_operating_revenue": 6820024, 
        "long_term_average": 568335, 
        "short_term_average": 546833
    }, 
    {
        "accumulated_operating_revenue_yoy": 12.779766251281869, 
        "accumulated_operating_revenue": 565277, 
        "long_term_average": 573673, 
        "date": "2013-01-31", 
        "operating_revenue": 565277, 
        "short_term_average": 542314
    }, 
    {
        "accumulated_operating_revenue_yoy": -11.963229266158148, 
        "accumulated_operating_revenue": 1001928, 
        "long_term_average": 556989, 
        "date": "2013-02-28", 
        "operating_revenue": 436651, 
        "short_term_average": 505898
    }, 
    {
        "accumulated_operating_revenue_yoy": -8.867088168662445, 
        "accumulated_operating_revenue": 1576891, 
        "long_term_average": 555549, 
        "date": "2013-03-31", 
        "operating_revenue": 574963, 
        "short_term_average": 525630
    }, 
    {
        "accumulated_operating_revenue_yoy": -10.348361576072753, 
        "accumulated_operating_revenue": 2095954, 
        "long_term_average": 548174, 
        "date": "2013-04-30", 
        "operating_revenue": 519063, 
        "short_term_average": 510225
    }, 
    {
        "accumulated_operating_revenue_yoy": -8.964933261494425, 
        "accumulated_operating_revenue": 2654385, 
        "long_term_average": 546552, 
        "date": "2013-05-31", 
        "operating_revenue": 558431, 
        "short_term_average": 550819
    }, 
    {
        "accumulated_operating_revenue_yoy": -7.685650691682451, 
        "accumulated_operating_revenue": 3217204, 
        "long_term_average": 546014, 
        "date": "2013-06-30", 
        "operating_revenue": 562819, 
        "short_term_average": 546771
    }, 
    {
        "accumulated_operating_revenue_yoy": -6.2547876802109865, 
        "accumulated_operating_revenue": 3813304, 
        "long_term_average": 547133, 
        "date": "2013-07-31", 
        "operating_revenue": 596100, 
        "short_term_average": 572450
    }, 
    {
        "accumulated_operating_revenue_yoy": -5.153597426151171, 
        "accumulated_operating_revenue": 4404905, 
        "long_term_average": 548389, 
        "date": "2013-08-31", 
        "operating_revenue": 591601, 
        "short_term_average": 583506
    }, 
    {
        "accumulated_operating_revenue_yoy": -3.5145893715329826, 
        "accumulated_operating_revenue": 4997485, 
        "long_term_average": 553165, 
        "date": "2013-09-30", 
        "operating_revenue": 592580, 
        "short_term_average": 593427
    }, 
    {
        "accumulated_operating_revenue_yoy": -3.6504497201372823, 
        "accumulated_operating_revenue": 5548153, 
        "long_term_average": 550818, 
        "date": "2013-10-31", 
        "operating_revenue": 550668, 
        "short_term_average": 578283
    }, 
    {
        "accumulated_operating_revenue_yoy": -3.434742042600414, 
        "accumulated_operating_revenue": 6087723, 
        "long_term_average": 550290, 
        "date": "2013-11-30", 
        "operating_revenue": 539570, 
        "short_term_average": 560939
    }, 
    {
        "accumulated_operating_revenue_yoy": -1.51118236534065, 
        "accumulated_operating_revenue": 6716961, 
        "long_term_average": 559746, 
        "date": "2013-12-31", 
        "operating_revenue": 629238, 
        "short_term_average": 573158
    }, 
    {
        "accumulated_operating_revenue_yoy": 4.983043711313215, 
        "accumulated_operating_revenue": 593445, 
        "long_term_average": 562094, 
        "date": "2014-01-31", 
        "operating_revenue": 593445, 
        "short_term_average": 587417
    }, 
    {
        "accumulated_operating_revenue_yoy": 15.647731174295956, 
        "accumulated_operating_revenue": 1158707, 
        "long_term_average": 572811, 
        "date": "2014-02-28", 
        "operating_revenue": 565262, 
        "short_term_average": 595981
    }, 
    {
        "accumulated_operating_revenue_yoy": 10.95370574123386, 
        "accumulated_operating_revenue": 1749619, 
        "long_term_average": 574140, 
        "date": "2014-03-31", 
        "operating_revenue": 590912, 
        "short_term_average": 583206
    }, 
    {
        "accumulated_operating_revenue_yoy": 11.947351897990128, 
        "accumulated_operating_revenue": 2346365, 
        "long_term_average": 580614, 
        "date": "2014-04-30", 
        "operating_revenue": 596746, 
        "short_term_average": 584306
    }, 
    {
        "accumulated_operating_revenue_yoy": 10.452289325022557, 
        "accumulated_operating_revenue": 2931829, 
        "long_term_average": 582867, 
        "date": "2014-05-31", 
        "operating_revenue": 585464, 
        "short_term_average": 591040
    }, 
    {
        "accumulated_operating_revenue_yoy": 9.931760621956208, 
        "accumulated_operating_revenue": 3536729, 
        "long_term_average": 586373, 
        "date": "2014-06-30", 
        "operating_revenue": 604900, 
        "short_term_average": 595703
    }, 
    {
        "accumulated_operating_revenue_yoy": 8.718397484176451, 
        "accumulated_operating_revenue": 4145763, 
        "long_term_average": 587451, 
        "date": "2014-07-31", 
        "operating_revenue": 609034, 
        "short_term_average": 599799
    }, 
    {
        "accumulated_operating_revenue_yoy": 10.281220593860708, 
        "accumulated_operating_revenue": 4857783, 
        "long_term_average": 597486, 
        "date": "2014-08-31", 
        "operating_revenue": 712020, 
        "short_term_average": 641984
    }, 
    {
        "accumulated_operating_revenue_yoy": 9.702380297289537, 
        "accumulated_operating_revenue": 5482360, 
        "long_term_average": 600153, 
        "date": "2014-09-30", 
        "operating_revenue": 624577, 
        "short_term_average": 648543
    }, 
    {
        "accumulated_operating_revenue_yoy": 9.699570289427852, 
        "accumulated_operating_revenue": 6086300, 
        "long_term_average": 604592, 
        "date": "2014-10-31", 
        "operating_revenue": 603940, 
        "short_term_average": 646845
    }, 
    {
        "accumulated_operating_revenue_yoy": 10.014089011605817, 
        "accumulated_operating_revenue": 6697353, 
        "long_term_average": 610549, 
        "date": "2014-11-30", 
        "operating_revenue": 611053, 
        "short_term_average": 613190
    }, 
    {
        "accumulated_operating_revenue_yoy": 8.437461524638895, 
        "accumulated_operating_revenue": 7283702, 
        "long_term_average": 606975, 
        "date": "2014-12-31", 
        "operating_revenue": 586349, 
        "short_term_average": 600447
    }, 
    {
        "accumulated_operating_revenue_yoy": -1.2486414073755783, 
        "accumulated_operating_revenue": 586035, 
        "long_term_average": 606357, 
        "date": "2015-01-31", 
        "operating_revenue": 586035, 
        "short_term_average": 594479
    }, 
    {
        "accumulated_operating_revenue_yoy": -13.454652470382936, 
        "accumulated_operating_revenue": 1002807, 
        "long_term_average": 593983, 
        "date": "2015-02-28", 
        "operating_revenue": 416772, 
        "short_term_average": 529718
    }, 
    {
        "accumulated_operating_revenue_yoy": -7.0699392267688, 
        "accumulated_operating_revenue": 1625922, 
        "long_term_average": 596667, 
        "date": "2015-03-31", 
        "operating_revenue": 623115, 
        "short_term_average": 541974
    }, 
    {
        "accumulated_operating_revenue_yoy": -5.113270953155199, 
        "accumulated_operating_revenue": 2226389, 
        "long_term_average": 596977, 
        "date": "2015-04-30", 
        "operating_revenue": 600467, 
        "short_term_average": 546784
    }, 
    {
        "accumulated_operating_revenue_yoy": -6.168231503269802, 
        "accumulated_operating_revenue": 2750987, 
        "long_term_average": 591905, 
        "date": "2015-05-31", 
        "operating_revenue": 524598, 
        "short_term_average": 582726
    }, 
    {
        "accumulated_operating_revenue_yoy": -6.498094708415601, 
        "accumulated_operating_revenue": 3306909, 
        "long_term_average": 587823, 
        "date": "2015-06-30", 
        "operating_revenue": 555922, 
        "short_term_average": 560329
    }, 
    {
        "accumulated_operating_revenue_yoy": -6.960552255399066, 
        "accumulated_operating_revenue": 3857195, 
        "long_term_average": 582927, 
        "date": "2015-07-31", 
        "operating_revenue": 550286, 
        "short_term_average": 543602
    }, 
    {
        "accumulated_operating_revenue_yoy": -9.723880214492908, 
        "accumulated_operating_revenue": 4385418, 
        "long_term_average": 567611, 
        "date": "2015-08-31", 
        "operating_revenue": 528223, 
        "short_term_average": 544810
    }, 
    {
        "accumulated_operating_revenue_yoy": -9.886070962140392, 
        "accumulated_operating_revenue": 4940370, 
        "long_term_average": 561809, 
        "date": "2015-09-30", 
        "operating_revenue": 554952, 
        "short_term_average": 544487
    }
]