[
    {
        "date": "2012-01-31", 
        "operating_revenue": 25987, 
        "accumulated_operating_revenue": 25987, 
        "long_term_average": 25987, 
        "short_term_average": 25987
    }, 
    {
        "date": "2012-02-29", 
        "operating_revenue": 26309, 
        "accumulated_operating_revenue": 52296, 
        "long_term_average": 26148, 
        "short_term_average": 26148
    }, 
    {
        "date": "2012-03-31", 
        "operating_revenue": 59860, 
        "accumulated_operating_revenue": 112156, 
        "long_term_average": 37385, 
        "short_term_average": 37385
    }, 
    {
        "date": "2012-04-30", 
        "operating_revenue": 37301, 
        "accumulated_operating_revenue": 149457, 
        "long_term_average": 37364, 
        "short_term_average": 41156
    }, 
    {
        "date": "2012-05-31", 
        "operating_revenue": 40777, 
        "accumulated_operating_revenue": 190234, 
        "long_term_average": 38046, 
        "short_term_average": 45979
    }, 
    {
        "date": "2012-06-30", 
        "operating_revenue": 36542, 
        "accumulated_operating_revenue": 226776, 
        "long_term_average": 37796, 
        "short_term_average": 38206
    }, 
    {
        "date": "2012-07-31", 
        "operating_revenue": 39336, 
        "accumulated_operating_revenue": 266112, 
        "long_term_average": 38016, 
        "short_term_average": 38885
    }, 
    {
        "date": "2012-08-31", 
        "operating_revenue": 39441, 
        "accumulated_operating_revenue": 305553, 
        "long_term_average": 38194, 
        "short_term_average": 38439
    }, 
    {
        "date": "2012-09-30", 
        "operating_revenue": 40552, 
        "accumulated_operating_revenue": 346105, 
        "long_term_average": 38456, 
        "short_term_average": 39776
    }, 
    {
        "date": "2012-10-31", 
        "operating_revenue": 30701, 
        "accumulated_operating_revenue": 376806, 
        "long_term_average": 37680, 
        "short_term_average": 36898
    }, 
    {
        "date": "2012-11-30", 
        "operating_revenue": 23816, 
        "accumulated_operating_revenue": 400622, 
        "long_term_average": 36420, 
        "short_term_average": 31689
    }, 
    {
        "date": "2012-12-31", 
        "operating_revenue": 30347, 
        "accumulated_operating_revenue": 430969, 
        "long_term_average": 35914, 
        "short_term_average": 28288
    }, 
    {
        "accumulated_operating_revenue_yoy": 43.0138145996075, 
        "accumulated_operating_revenue": 37165, 
        "long_term_average": 36845, 
        "date": "2013-01-31", 
        "operating_revenue": 37165, 
        "short_term_average": 30442
    }, 
    {
        "accumulated_operating_revenue_yoy": 38.716154199173936, 
        "accumulated_operating_revenue": 72543, 
        "long_term_average": 37601, 
        "date": "2013-02-28", 
        "operating_revenue": 35378, 
        "short_term_average": 34296
    }, 
    {
        "accumulated_operating_revenue_yoy": 12.842826063696993, 
        "accumulated_operating_revenue": 126560, 
        "long_term_average": 37114, 
        "date": "2013-03-31", 
        "operating_revenue": 54017, 
        "short_term_average": 42186
    }, 
    {
        "accumulated_operating_revenue_yoy": 19.69328970874566, 
        "accumulated_operating_revenue": 178890, 
        "long_term_average": 38366, 
        "date": "2013-04-30", 
        "operating_revenue": 52330, 
        "short_term_average": 47241
    }, 
    {
        "accumulated_operating_revenue_yoy": 21.726925786137073, 
        "accumulated_operating_revenue": 231566, 
        "long_term_average": 39358, 
        "date": "2013-05-31", 
        "operating_revenue": 52676, 
        "short_term_average": 53007
    }, 
    {
        "accumulated_operating_revenue_yoy": 19.49192154372597, 
        "accumulated_operating_revenue": 270979, 
        "long_term_average": 39597, 
        "date": "2013-06-30", 
        "operating_revenue": 39413, 
        "short_term_average": 48139
    }, 
    {
        "accumulated_operating_revenue_yoy": 20.075757575757574, 
        "accumulated_operating_revenue": 319536, 
        "long_term_average": 40366, 
        "date": "2013-07-31", 
        "operating_revenue": 48557, 
        "short_term_average": 46882
    }, 
    {
        "accumulated_operating_revenue_yoy": 17.612329121298107, 
        "accumulated_operating_revenue": 359368, 
        "long_term_average": 40398, 
        "date": "2013-08-31", 
        "operating_revenue": 39832, 
        "short_term_average": 42600
    }, 
    {
        "accumulated_operating_revenue_yoy": 11.028156195374237, 
        "accumulated_operating_revenue": 384274, 
        "long_term_average": 39094, 
        "date": "2013-09-30", 
        "operating_revenue": 24906, 
        "short_term_average": 37765
    }, 
    {
        "accumulated_operating_revenue_yoy": 12.700169317898336, 
        "accumulated_operating_revenue": 424661, 
        "long_term_average": 39902, 
        "date": "2013-10-31", 
        "operating_revenue": 40387, 
        "short_term_average": 35041
    }, 
    {
        "accumulated_operating_revenue_yoy": 16.436690945579624, 
        "accumulated_operating_revenue": 466471, 
        "long_term_average": 41401, 
        "date": "2013-11-30", 
        "operating_revenue": 41810, 
        "short_term_average": 35701
    }, 
    {
        "accumulated_operating_revenue_yoy": 16.489585097768053, 
        "accumulated_operating_revenue": 502034, 
        "long_term_average": 41836, 
        "date": "2013-12-31", 
        "operating_revenue": 35563, 
        "short_term_average": 39253
    }, 
    {
        "accumulated_operating_revenue_yoy": 40.72110856989103, 
        "accumulated_operating_revenue": 52299, 
        "long_term_average": 43097, 
        "date": "2014-01-31", 
        "operating_revenue": 52299, 
        "short_term_average": 43224
    }, 
    {
        "accumulated_operating_revenue_yoy": 28.701597673104228, 
        "accumulated_operating_revenue": 93364, 
        "long_term_average": 43571, 
        "date": "2014-02-28", 
        "operating_revenue": 41065, 
        "short_term_average": 42975
    }, 
    {
        "accumulated_operating_revenue_yoy": 20.411662452591656, 
        "accumulated_operating_revenue": 152393, 
        "long_term_average": 43988, 
        "date": "2014-03-31", 
        "operating_revenue": 59029, 
        "short_term_average": 50797
    }, 
    {
        "accumulated_operating_revenue_yoy": 11.58309575716921, 
        "accumulated_operating_revenue": 199611, 
        "long_term_average": 43562, 
        "date": "2014-04-30", 
        "operating_revenue": 47218, 
        "short_term_average": 49104
    }, 
    {
        "accumulated_operating_revenue_yoy": 7.8884637641104485, 
        "accumulated_operating_revenue": 249833, 
        "long_term_average": 43358, 
        "date": "2014-05-31", 
        "operating_revenue": 50222, 
        "short_term_average": 52156
    }, 
    {
        "accumulated_operating_revenue_yoy": 12.397639669494684, 
        "accumulated_operating_revenue": 304574, 
        "long_term_average": 44635, 
        "date": "2014-06-30", 
        "operating_revenue": 54741, 
        "short_term_average": 50727
    }, 
    {
        "accumulated_operating_revenue_yoy": 12.484352310850735, 
        "accumulated_operating_revenue": 359428, 
        "long_term_average": 45160, 
        "date": "2014-07-31", 
        "operating_revenue": 54854, 
        "short_term_average": 53272
    }, 
    {
        "accumulated_operating_revenue_yoy": 13.84708710847933, 
        "accumulated_operating_revenue": 409130, 
        "long_term_average": 45983, 
        "date": "2014-08-31", 
        "operating_revenue": 49702, 
        "short_term_average": 53099
    }, 
    {
        "accumulated_operating_revenue_yoy": 19.956073010404037, 
        "accumulated_operating_revenue": 460960, 
        "long_term_average": 48226, 
        "date": "2014-09-30", 
        "operating_revenue": 51830, 
        "short_term_average": 52128
    }, 
    {
        "accumulated_operating_revenue_yoy": 20.48575216466782, 
        "accumulated_operating_revenue": 511656, 
        "long_term_average": 49085, 
        "date": "2014-10-31", 
        "operating_revenue": 50696, 
        "short_term_average": 50742
    }, 
    {
        "accumulated_operating_revenue_yoy": 20.09621176879163, 
        "accumulated_operating_revenue": 560214, 
        "long_term_average": 49648, 
        "date": "2014-11-30", 
        "operating_revenue": 48558, 
        "short_term_average": 50361
    }, 
    {
        "accumulated_operating_revenue_yoy": 21.365485206181255, 
        "accumulated_operating_revenue": 609296, 
        "long_term_average": 50774, 
        "date": "2014-12-31", 
        "operating_revenue": 49082, 
        "short_term_average": 49445
    }, 
    {
        "accumulated_operating_revenue_yoy": -1.5067209698082182, 
        "accumulated_operating_revenue": 51511, 
        "long_term_average": 50709, 
        "date": "2015-01-31", 
        "operating_revenue": 51511, 
        "short_term_average": 49717
    }, 
    {
        "accumulated_operating_revenue_yoy": 10.648644016965854, 
        "accumulated_operating_revenue": 103306, 
        "long_term_average": 51603, 
        "date": "2015-02-28", 
        "operating_revenue": 51795, 
        "short_term_average": 50796
    }, 
    {
        "accumulated_operating_revenue_yoy": 9.915809781289168, 
        "accumulated_operating_revenue": 167504, 
        "long_term_average": 52033, 
        "date": "2015-03-31", 
        "operating_revenue": 64198, 
        "short_term_average": 55834
    }, 
    {
        "accumulated_operating_revenue_yoy": 9.98441969630932, 
        "accumulated_operating_revenue": 219541, 
        "long_term_average": 52435, 
        "date": "2015-04-30", 
        "operating_revenue": 52037, 
        "short_term_average": 56010
    }, 
    {
        "accumulated_operating_revenue_yoy": 8.618156928828459, 
        "accumulated_operating_revenue": 271364, 
        "long_term_average": 52568, 
        "date": "2015-05-31", 
        "operating_revenue": 51823, 
        "short_term_average": 56019
    }, 
    {
        "accumulated_operating_revenue_yoy": 7.558754194382974, 
        "accumulated_operating_revenue": 327596, 
        "long_term_average": 52693, 
        "date": "2015-06-30", 
        "operating_revenue": 56232, 
        "short_term_average": 53364
    }, 
    {
        "accumulated_operating_revenue_yoy": 8.278709505102553, 
        "accumulated_operating_revenue": 389184, 
        "long_term_average": 53254, 
        "date": "2015-07-31", 
        "operating_revenue": 61588, 
        "short_term_average": 56547
    }, 
    {
        "accumulated_operating_revenue_yoy": 8.81064698262166, 
        "accumulated_operating_revenue": 445177, 
        "long_term_average": 53778, 
        "date": "2015-08-31", 
        "operating_revenue": 55993, 
        "short_term_average": 57937
    }, 
    {
        "accumulated_operating_revenue_yoy": 9.152637972926067, 
        "accumulated_operating_revenue": 503150, 
        "long_term_average": 54290, 
        "date": "2015-09-30", 
        "operating_revenue": 57973, 
        "short_term_average": 58518
    }
]