[
    {
        "date": "2011-09-30", 
        "operating_revenue": 98777, 
        "accumulated_operating_revenue": 98777, 
        "long_term_average": 98777, 
        "short_term_average": 98777
    }, 
    {
        "date": "2011-10-31", 
        "operating_revenue": 76580, 
        "accumulated_operating_revenue": 175357, 
        "long_term_average": 87678, 
        "short_term_average": 87678
    }, 
    {
        "date": "2011-11-30", 
        "operating_revenue": 56936, 
        "accumulated_operating_revenue": 232293, 
        "long_term_average": 77431, 
        "short_term_average": 77431
    }, 
    {
        "date": "2011-12-31", 
        "operating_revenue": 36362, 
        "accumulated_operating_revenue": 268655, 
        "long_term_average": 67163, 
        "short_term_average": 56626
    }, 
    {
        "date": "2012-01-31", 
        "operating_revenue": 56409, 
        "accumulated_operating_revenue": 56409, 
        "long_term_average": 65012, 
        "short_term_average": 49902
    }, 
    {
        "date": "2012-02-29", 
        "operating_revenue": 44305, 
        "accumulated_operating_revenue": 100714, 
        "long_term_average": 61561, 
        "short_term_average": 45692
    }, 
    {
        "date": "2012-03-31", 
        "operating_revenue": 35530, 
        "accumulated_operating_revenue": 136244, 
        "long_term_average": 57842, 
        "short_term_average": 45414
    }, 
    {
        "date": "2012-04-30", 
        "operating_revenue": 56072, 
        "accumulated_operating_revenue": 192316, 
        "long_term_average": 57621, 
        "short_term_average": 45302
    }, 
    {
        "date": "2012-05-31", 
        "operating_revenue": 69111, 
        "accumulated_operating_revenue": 261427, 
        "long_term_average": 58898, 
        "short_term_average": 53571
    }, 
    {
        "date": "2012-06-30", 
        "operating_revenue": 192778, 
        "accumulated_operating_revenue": 454205, 
        "long_term_average": 72286, 
        "short_term_average": 105987
    }, 
    {
        "date": "2012-07-31", 
        "operating_revenue": 67648, 
        "accumulated_operating_revenue": 521853, 
        "long_term_average": 71864, 
        "short_term_average": 109845
    }, 
    {
        "date": "2012-08-31", 
        "operating_revenue": 115770, 
        "accumulated_operating_revenue": 637623, 
        "long_term_average": 75523, 
        "short_term_average": 125398
    }, 
    {
        "accumulated_operating_revenue_yoy": 754.7627484130921, 
        "accumulated_operating_revenue": 844309, 
        "long_term_average": 84515, 
        "date": "2012-09-30", 
        "operating_revenue": 206686, 
        "short_term_average": 130034
    }, 
    {
        "accumulated_operating_revenue_yoy": 456.11067707590803, 
        "accumulated_operating_revenue": 975179, 
        "long_term_average": 89039, 
        "date": "2012-10-31", 
        "operating_revenue": 130870, 
        "short_term_average": 151108
    }, 
    {
        "accumulated_operating_revenue_yoy": 403.3057388728889, 
        "accumulated_operating_revenue": 1169144, 
        "long_term_average": 100458, 
        "date": "2012-11-30", 
        "operating_revenue": 193965, 
        "short_term_average": 177173
    }, 
    {
        "accumulated_operating_revenue_yoy": 398.72215294708826, 
        "accumulated_operating_revenue": 1339842, 
        "long_term_average": 111653, 
        "date": "2012-12-31", 
        "operating_revenue": 170698, 
        "short_term_average": 165177
    }, 
    {
        "accumulated_operating_revenue_yoy": 135.1770107606942, 
        "accumulated_operating_revenue": 132661, 
        "long_term_average": 118007, 
        "date": "2013-01-31", 
        "operating_revenue": 132661, 
        "short_term_average": 165774
    }, 
    {
        "accumulated_operating_revenue_yoy": 114.08046547649782, 
        "accumulated_operating_revenue": 215609, 
        "long_term_average": 121228, 
        "date": "2013-02-28", 
        "operating_revenue": 82948, 
        "short_term_average": 128769
    }, 
    {
        "accumulated_operating_revenue_yoy": 187.28604562402748, 
        "accumulated_operating_revenue": 391410, 
        "long_term_average": 132917, 
        "date": "2013-03-31", 
        "operating_revenue": 175801, 
        "short_term_average": 130470
    }, 
    {
        "accumulated_operating_revenue_yoy": 170.93585557103935, 
        "accumulated_operating_revenue": 521053, 
        "long_term_average": 139048, 
        "date": "2013-04-30", 
        "operating_revenue": 129643, 
        "short_term_average": 129464
    }, 
    {
        "accumulated_operating_revenue_yoy": 137.78416154414043, 
        "accumulated_operating_revenue": 621632, 
        "long_term_average": 141670, 
        "date": "2013-05-31", 
        "operating_revenue": 100579, 
        "short_term_average": 135341
    }, 
    {
        "accumulated_operating_revenue_yoy": 62.48522143085171, 
        "accumulated_operating_revenue": 738016, 
        "long_term_average": 135304, 
        "date": "2013-06-30", 
        "operating_revenue": 116384, 
        "short_term_average": 115535
    }, 
    {
        "accumulated_operating_revenue_yoy": 56.10296386147057, 
        "accumulated_operating_revenue": 814628, 
        "long_term_average": 136051, 
        "date": "2013-07-31", 
        "operating_revenue": 76612, 
        "short_term_average": 97858
    }, 
    {
        "accumulated_operating_revenue_yoy": 46.50224348870728, 
        "accumulated_operating_revenue": 934132, 
        "long_term_average": 136362, 
        "date": "2013-08-31", 
        "operating_revenue": 119504, 
        "short_term_average": 104166
    }, 
    {
        "accumulated_operating_revenue_yoy": 25.71594049098138, 
        "accumulated_operating_revenue": 1061431, 
        "long_term_average": 129747, 
        "date": "2013-09-30", 
        "operating_revenue": 127299, 
        "short_term_average": 107805
    }, 
    {
        "accumulated_operating_revenue_yoy": 17.071122327285554, 
        "accumulated_operating_revenue": 1141653, 
        "long_term_average": 125526, 
        "date": "2013-10-31", 
        "operating_revenue": 80222, 
        "short_term_average": 109008
    }, 
    {
        "accumulated_operating_revenue_yoy": 7.932384719076521, 
        "accumulated_operating_revenue": 1261885, 
        "long_term_average": 119381, 
        "date": "2013-11-30", 
        "operating_revenue": 120232, 
        "short_term_average": 109251
    }, 
    {
        "accumulated_operating_revenue_yoy": 0.3586990107788829, 
        "accumulated_operating_revenue": 1344648, 
        "long_term_average": 112054, 
        "date": "2013-12-31", 
        "operating_revenue": 82763, 
        "short_term_average": 94405
    }, 
    {
        "accumulated_operating_revenue_yoy": -49.849616692170265, 
        "accumulated_operating_revenue": 66530, 
        "long_term_average": 106543, 
        "date": "2014-01-31", 
        "operating_revenue": 66530, 
        "short_term_average": 89841
    }, 
    {
        "accumulated_operating_revenue_yoy": -51.015031840043775, 
        "accumulated_operating_revenue": 105616, 
        "long_term_average": 102887, 
        "date": "2014-02-28", 
        "operating_revenue": 39086, 
        "short_term_average": 62793
    }, 
    {
        "accumulated_operating_revenue_yoy": -62.231419738892725, 
        "accumulated_operating_revenue": 147830, 
        "long_term_average": 91755, 
        "date": "2014-03-31", 
        "operating_revenue": 42214, 
        "short_term_average": 49276
    }, 
    {
        "accumulated_operating_revenue_yoy": -64.25814648413885, 
        "accumulated_operating_revenue": 186234, 
        "long_term_average": 84152, 
        "date": "2014-04-30", 
        "operating_revenue": 38404, 
        "short_term_average": 39901
    }, 
    {
        "accumulated_operating_revenue_yoy": -61.81084628847936, 
        "accumulated_operating_revenue": 237396, 
        "long_term_average": 80034, 
        "date": "2014-05-31", 
        "operating_revenue": 51162, 
        "short_term_average": 43926
    }, 
    {
        "accumulated_operating_revenue_yoy": -63.038199713827346, 
        "accumulated_operating_revenue": 272784, 
        "long_term_average": 73284, 
        "date": "2014-06-30", 
        "operating_revenue": 35388, 
        "short_term_average": 41651
    }, 
    {
        "accumulated_operating_revenue_yoy": -60.22540349705633, 
        "accumulated_operating_revenue": 324015, 
        "long_term_average": 71169, 
        "date": "2014-07-31", 
        "operating_revenue": 51231, 
        "short_term_average": 45927
    }, 
    {
        "accumulated_operating_revenue_yoy": -56.53580007964614, 
        "accumulated_operating_revenue": 406013, 
        "long_term_average": 68044, 
        "date": "2014-08-31", 
        "operating_revenue": 81998, 
        "short_term_average": 56205
    }, 
    {
        "accumulated_operating_revenue_yoy": -54.923306366593785, 
        "accumulated_operating_revenue": 478458, 
        "long_term_average": 63472, 
        "date": "2014-09-30", 
        "operating_revenue": 72445, 
        "short_term_average": 68558
    }, 
    {
        "accumulated_operating_revenue_yoy": -53.23631611356515, 
        "accumulated_operating_revenue": 533879, 
        "long_term_average": 61406, 
        "date": "2014-10-31", 
        "operating_revenue": 55421, 
        "short_term_average": 69954
    }, 
    {
        "accumulated_operating_revenue_yoy": -53.9047536027451, 
        "accumulated_operating_revenue": 581669, 
        "long_term_average": 55369, 
        "date": "2014-11-30", 
        "operating_revenue": 47790, 
        "short_term_average": 58552
    }, 
    {
        "accumulated_operating_revenue_yoy": -54.00067526966165, 
        "accumulated_operating_revenue": 618529, 
        "long_term_average": 51544, 
        "date": "2014-12-31", 
        "operating_revenue": 36860, 
        "short_term_average": 46690
    }, 
    {
        "accumulated_operating_revenue_yoy": -16.559446866075454, 
        "accumulated_operating_revenue": 55513, 
        "long_term_average": 50626, 
        "date": "2015-01-31", 
        "operating_revenue": 55513, 
        "short_term_average": 46721
    }, 
    {
        "accumulated_operating_revenue_yoy": 3.146303590365096, 
        "accumulated_operating_revenue": 108939, 
        "long_term_average": 51821, 
        "date": "2015-02-28", 
        "operating_revenue": 53426, 
        "short_term_average": 48599
    }, 
    {
        "accumulated_operating_revenue_yoy": 10.564161536900492, 
        "accumulated_operating_revenue": 163447, 
        "long_term_average": 52845, 
        "date": "2015-03-31", 
        "operating_revenue": 54508, 
        "short_term_average": 54482
    }, 
    {
        "accumulated_operating_revenue_yoy": 18.412319984535586, 
        "accumulated_operating_revenue": 220524, 
        "long_term_average": 54401, 
        "date": "2015-04-30", 
        "operating_revenue": 57077, 
        "short_term_average": 55003
    }, 
    {
        "accumulated_operating_revenue_yoy": 20.371868102242665, 
        "accumulated_operating_revenue": 285758, 
        "long_term_average": 55574, 
        "date": "2015-05-31", 
        "operating_revenue": 65234, 
        "short_term_average": 58939
    }, 
    {
        "accumulated_operating_revenue_yoy": 20.078523667077246, 
        "accumulated_operating_revenue": 327555, 
        "long_term_average": 56108, 
        "date": "2015-06-30", 
        "operating_revenue": 41797, 
        "short_term_average": 54702
    }, 
    {
        "accumulated_operating_revenue_yoy": 23.157878493279632, 
        "accumulated_operating_revenue": 399050, 
        "long_term_average": 57797, 
        "date": "2015-07-31", 
        "operating_revenue": 71495, 
        "short_term_average": 59508
    }, 
    {
        "accumulated_operating_revenue_yoy": 19.43213640942531, 
        "accumulated_operating_revenue": 484910, 
        "long_term_average": 58118, 
        "date": "2015-08-31", 
        "operating_revenue": 85860, 
        "short_term_average": 66384
    }, 
    {
        "accumulated_operating_revenue_yoy": 18.765492477918645, 
        "accumulated_operating_revenue": 568243, 
        "long_term_average": 59026, 
        "date": "2015-09-30", 
        "operating_revenue": 83333, 
        "short_term_average": 80229
    }
]