[
    {
        "date": "2012-01-31", 
        "operating_revenue": 9842, 
        "accumulated_operating_revenue": 9842, 
        "long_term_average": 9842, 
        "short_term_average": 9842
    }, 
    {
        "date": "2012-02-29", 
        "operating_revenue": 17642, 
        "accumulated_operating_revenue": 27484, 
        "long_term_average": 13742, 
        "short_term_average": 13742
    }, 
    {
        "date": "2012-03-31", 
        "operating_revenue": 19194, 
        "accumulated_operating_revenue": 46678, 
        "long_term_average": 15559, 
        "short_term_average": 15559
    }, 
    {
        "date": "2012-04-30", 
        "operating_revenue": 24897, 
        "accumulated_operating_revenue": 71575, 
        "long_term_average": 17893, 
        "short_term_average": 20577
    }, 
    {
        "date": "2012-05-31", 
        "operating_revenue": 24425, 
        "accumulated_operating_revenue": 96000, 
        "long_term_average": 19200, 
        "short_term_average": 22838
    }, 
    {
        "date": "2012-06-30", 
        "operating_revenue": 20545, 
        "accumulated_operating_revenue": 116545, 
        "long_term_average": 19424, 
        "short_term_average": 23289
    }, 
    {
        "date": "2012-07-31", 
        "operating_revenue": 19843, 
        "accumulated_operating_revenue": 136388, 
        "long_term_average": 19484, 
        "short_term_average": 21604
    }, 
    {
        "date": "2012-08-31", 
        "operating_revenue": 20244, 
        "accumulated_operating_revenue": 156632, 
        "long_term_average": 19579, 
        "short_term_average": 20210
    }, 
    {
        "date": "2012-09-30", 
        "operating_revenue": 16302, 
        "accumulated_operating_revenue": 172934, 
        "long_term_average": 19214, 
        "short_term_average": 18796
    }, 
    {
        "date": "2012-10-31", 
        "operating_revenue": 18988, 
        "accumulated_operating_revenue": 191922, 
        "long_term_average": 19192, 
        "short_term_average": 18511
    }, 
    {
        "date": "2012-11-30", 
        "operating_revenue": 16024, 
        "accumulated_operating_revenue": 207946, 
        "long_term_average": 18904, 
        "short_term_average": 17104
    }, 
    {
        "date": "2012-12-31", 
        "operating_revenue": 14049, 
        "accumulated_operating_revenue": 221995, 
        "long_term_average": 18499, 
        "short_term_average": 16353
    }, 
    {
        "accumulated_operating_revenue_yoy": 67.52692542166227, 
        "accumulated_operating_revenue": 16488, 
        "long_term_average": 19053, 
        "date": "2013-01-31", 
        "operating_revenue": 16488, 
        "short_term_average": 15520
    }, 
    {
        "accumulated_operating_revenue_yoy": 20.692039004511717, 
        "accumulated_operating_revenue": 33171, 
        "long_term_average": 18973, 
        "date": "2013-02-28", 
        "operating_revenue": 16683, 
        "short_term_average": 15740
    }, 
    {
        "accumulated_operating_revenue_yoy": 8.94425639487553, 
        "accumulated_operating_revenue": 50853, 
        "long_term_average": 18847, 
        "date": "2013-03-31", 
        "operating_revenue": 17682, 
        "short_term_average": 16951
    }, 
    {
        "accumulated_operating_revenue_yoy": 5.68075445337059, 
        "accumulated_operating_revenue": 75641, 
        "long_term_average": 18838, 
        "date": "2013-04-30", 
        "operating_revenue": 24788, 
        "short_term_average": 19717
    }, 
    {
        "accumulated_operating_revenue_yoy": -2.2156249999999997, 
        "accumulated_operating_revenue": 93873, 
        "long_term_average": 18322, 
        "date": "2013-05-31", 
        "operating_revenue": 18232, 
        "short_term_average": 20234
    }, 
    {
        "accumulated_operating_revenue_yoy": -2.272941782144236, 
        "accumulated_operating_revenue": 113896, 
        "long_term_average": 18278, 
        "date": "2013-06-30", 
        "operating_revenue": 20023, 
        "short_term_average": 21014
    }, 
    {
        "accumulated_operating_revenue_yoy": -4.332492594656421, 
        "accumulated_operating_revenue": 130479, 
        "long_term_average": 18007, 
        "date": "2013-07-31", 
        "operating_revenue": 16583, 
        "short_term_average": 18279
    }, 
    {
        "accumulated_operating_revenue_yoy": -4.784462944992083, 
        "accumulated_operating_revenue": 149138, 
        "long_term_average": 17875, 
        "date": "2013-08-31", 
        "operating_revenue": 18659, 
        "short_term_average": 18421
    }, 
    {
        "accumulated_operating_revenue_yoy": -2.4564284640383036, 
        "accumulated_operating_revenue": 168686, 
        "long_term_average": 18145, 
        "date": "2013-09-30", 
        "operating_revenue": 19548, 
        "short_term_average": 18263
    }, 
    {
        "accumulated_operating_revenue_yoy": -0.8654557580683819, 
        "accumulated_operating_revenue": 190261, 
        "long_term_average": 18361, 
        "date": "2013-10-31", 
        "operating_revenue": 21575, 
        "short_term_average": 19927
    }, 
    {
        "accumulated_operating_revenue_yoy": -0.2976734344493282, 
        "accumulated_operating_revenue": 207327, 
        "long_term_average": 18448, 
        "date": "2013-11-30", 
        "operating_revenue": 17066, 
        "short_term_average": 19396
    }, 
    {
        "accumulated_operating_revenue_yoy": 4.933444446947003, 
        "accumulated_operating_revenue": 232947, 
        "long_term_average": 19412, 
        "date": "2013-12-31", 
        "operating_revenue": 25620, 
        "short_term_average": 21420
    }, 
    {
        "accumulated_operating_revenue_yoy": 36.60237748665696, 
        "accumulated_operating_revenue": 22523, 
        "long_term_average": 19915, 
        "date": "2014-01-31", 
        "operating_revenue": 22523, 
        "short_term_average": 21736
    }, 
    {
        "accumulated_operating_revenue_yoy": 21.57607548762473, 
        "accumulated_operating_revenue": 40328, 
        "long_term_average": 20008, 
        "date": "2014-02-28", 
        "operating_revenue": 17805, 
        "short_term_average": 21982
    }, 
    {
        "accumulated_operating_revenue_yoy": 20.063713055276974, 
        "accumulated_operating_revenue": 61056, 
        "long_term_average": 20262, 
        "date": "2014-03-31", 
        "operating_revenue": 20728, 
        "short_term_average": 20352
    }, 
    {
        "accumulated_operating_revenue_yoy": 14.997157626155127, 
        "accumulated_operating_revenue": 86985, 
        "long_term_average": 20357, 
        "date": "2014-04-30", 
        "operating_revenue": 25929, 
        "short_term_average": 21487
    }, 
    {
        "accumulated_operating_revenue_yoy": 15.169431039809103, 
        "accumulated_operating_revenue": 108113, 
        "long_term_average": 20598, 
        "date": "2014-05-31", 
        "operating_revenue": 21128, 
        "short_term_average": 22595
    }, 
    {
        "accumulated_operating_revenue_yoy": 12.771300133455082, 
        "accumulated_operating_revenue": 128442, 
        "long_term_average": 20624, 
        "date": "2014-06-30", 
        "operating_revenue": 20329, 
        "short_term_average": 22462
    }, 
    {
        "accumulated_operating_revenue_yoy": 13.560036480966286, 
        "accumulated_operating_revenue": 148172, 
        "long_term_average": 20886, 
        "date": "2014-07-31", 
        "operating_revenue": 19730, 
        "short_term_average": 20395
    }, 
    {
        "accumulated_operating_revenue_yoy": 14.548270729123361, 
        "accumulated_operating_revenue": 170835, 
        "long_term_average": 21220, 
        "date": "2014-08-31", 
        "operating_revenue": 22663, 
        "short_term_average": 20907
    }, 
    {
        "accumulated_operating_revenue_yoy": 13.5346146093926, 
        "accumulated_operating_revenue": 191517, 
        "long_term_average": 21314, 
        "date": "2014-09-30", 
        "operating_revenue": 20682, 
        "short_term_average": 21025
    }, 
    {
        "accumulated_operating_revenue_yoy": 10.200724268242046, 
        "accumulated_operating_revenue": 209669, 
        "long_term_average": 21029, 
        "date": "2014-10-31", 
        "operating_revenue": 18152, 
        "short_term_average": 20499
    }, 
    {
        "accumulated_operating_revenue_yoy": 9.883420876200399, 
        "accumulated_operating_revenue": 227818, 
        "long_term_average": 21119, 
        "date": "2014-11-30", 
        "operating_revenue": 18149, 
        "short_term_average": 18994
    }, 
    {
        "accumulated_operating_revenue_yoy": 5.468625910614861, 
        "accumulated_operating_revenue": 245686, 
        "long_term_average": 20473, 
        "date": "2014-12-31", 
        "operating_revenue": 17868, 
        "short_term_average": 18056
    }, 
    {
        "accumulated_operating_revenue_yoy": -20.62780269058296, 
        "accumulated_operating_revenue": 17877, 
        "long_term_average": 20086, 
        "date": "2015-01-31", 
        "operating_revenue": 17877, 
        "short_term_average": 17964
    }, 
    {
        "accumulated_operating_revenue_yoy": -25.26532434040865, 
        "accumulated_operating_revenue": 30139, 
        "long_term_average": 19624, 
        "date": "2015-02-28", 
        "operating_revenue": 12262, 
        "short_term_average": 16002
    }, 
    {
        "accumulated_operating_revenue_yoy": -8.80994496855346, 
        "accumulated_operating_revenue": 55677, 
        "long_term_average": 20025, 
        "date": "2015-03-31", 
        "operating_revenue": 25538, 
        "short_term_average": 18559
    }, 
    {
        "accumulated_operating_revenue_yoy": -10.043110881186411, 
        "accumulated_operating_revenue": 78249, 
        "long_term_average": 19745, 
        "date": "2015-04-30", 
        "operating_revenue": 22572, 
        "short_term_average": 20124
    }, 
    {
        "accumulated_operating_revenue_yoy": -3.1615069418108828, 
        "accumulated_operating_revenue": 104695, 
        "long_term_average": 20189, 
        "date": "2015-05-31", 
        "operating_revenue": 26446, 
        "short_term_average": 24852
    }, 
    {
        "accumulated_operating_revenue_yoy": 1.359368430887093, 
        "accumulated_operating_revenue": 130188, 
        "long_term_average": 20619, 
        "date": "2015-06-30", 
        "operating_revenue": 25493, 
        "short_term_average": 24837
    }, 
    {
        "accumulated_operating_revenue_yoy": 0.6600437329589935, 
        "accumulated_operating_revenue": 149150, 
        "long_term_average": 20555, 
        "date": "2015-07-31", 
        "operating_revenue": 18962, 
        "short_term_average": 23633
    }, 
    {
        "accumulated_operating_revenue_yoy": 1.5032048467819825, 
        "accumulated_operating_revenue": 173403, 
        "long_term_average": 20687, 
        "date": "2015-08-31", 
        "operating_revenue": 24253, 
        "short_term_average": 22902
    }, 
    {
        "accumulated_operating_revenue_yoy": 2.8420453536761747, 
        "accumulated_operating_revenue": 196960, 
        "long_term_average": 20927, 
        "date": "2015-09-30", 
        "operating_revenue": 23557, 
        "short_term_average": 22257
    }
]