[
    {
        "date": "2012-01-31", 
        "operating_revenue": 63089, 
        "accumulated_operating_revenue": 63089, 
        "long_term_average": 63089, 
        "short_term_average": 63089
    }, 
    {
        "date": "2012-02-29", 
        "operating_revenue": 49693, 
        "accumulated_operating_revenue": 112782, 
        "long_term_average": 56391, 
        "short_term_average": 56391
    }, 
    {
        "date": "2012-03-31", 
        "operating_revenue": 76489, 
        "accumulated_operating_revenue": 189271, 
        "long_term_average": 63090, 
        "short_term_average": 63090
    }, 
    {
        "date": "2012-04-30", 
        "operating_revenue": 69388, 
        "accumulated_operating_revenue": 258659, 
        "long_term_average": 64664, 
        "short_term_average": 65190
    }, 
    {
        "date": "2012-05-31", 
        "operating_revenue": 68581, 
        "accumulated_operating_revenue": 327240, 
        "long_term_average": 65448, 
        "short_term_average": 71486
    }, 
    {
        "date": "2012-06-30", 
        "operating_revenue": 69041, 
        "accumulated_operating_revenue": 396281, 
        "long_term_average": 66046, 
        "short_term_average": 69003
    }, 
    {
        "date": "2012-07-31", 
        "operating_revenue": 66371, 
        "accumulated_operating_revenue": 462652, 
        "long_term_average": 66093, 
        "short_term_average": 67997
    }, 
    {
        "date": "2012-08-31", 
        "operating_revenue": 67235, 
        "accumulated_operating_revenue": 529887, 
        "long_term_average": 66235, 
        "short_term_average": 67549
    }, 
    {
        "date": "2012-09-30", 
        "operating_revenue": 69106, 
        "accumulated_operating_revenue": 598993, 
        "long_term_average": 66554, 
        "short_term_average": 67570
    }, 
    {
        "date": "2012-10-31", 
        "operating_revenue": 58718, 
        "accumulated_operating_revenue": 657711, 
        "long_term_average": 65771, 
        "short_term_average": 65019
    }, 
    {
        "date": "2012-11-30", 
        "operating_revenue": 63031, 
        "accumulated_operating_revenue": 720742, 
        "long_term_average": 65522, 
        "short_term_average": 63618
    }, 
    {
        "date": "2012-12-31", 
        "operating_revenue": 53974, 
        "accumulated_operating_revenue": 774716, 
        "long_term_average": 64559, 
        "short_term_average": 58574
    }, 
    {
        "accumulated_operating_revenue_yoy": 3.705875826213761, 
        "accumulated_operating_revenue": 65427, 
        "long_term_average": 64754, 
        "date": "2013-01-31", 
        "operating_revenue": 65427, 
        "short_term_average": 60810
    }, 
    {
        "accumulated_operating_revenue_yoy": 5.232217907112837, 
        "accumulated_operating_revenue": 118683, 
        "long_term_average": 65051, 
        "date": "2013-02-28", 
        "operating_revenue": 53256, 
        "short_term_average": 57552
    }, 
    {
        "accumulated_operating_revenue_yoy": -9.268192168900677, 
        "accumulated_operating_revenue": 171729, 
        "long_term_average": 63097, 
        "date": "2013-03-31", 
        "operating_revenue": 53046, 
        "short_term_average": 57243
    }, 
    {
        "accumulated_operating_revenue_yoy": -11.858470031972598, 
        "accumulated_operating_revenue": 227986, 
        "long_term_average": 62003, 
        "date": "2013-04-30", 
        "operating_revenue": 56257, 
        "short_term_average": 54186
    }, 
    {
        "accumulated_operating_revenue_yoy": -12.465774355213298, 
        "accumulated_operating_revenue": 286447, 
        "long_term_average": 61160, 
        "date": "2013-05-31", 
        "operating_revenue": 58461, 
        "short_term_average": 55921
    }, 
    {
        "accumulated_operating_revenue_yoy": -11.522126975555224, 
        "accumulated_operating_revenue": 350621, 
        "long_term_average": 60754, 
        "date": "2013-06-30", 
        "operating_revenue": 64174, 
        "short_term_average": 59630
    }, 
    {
        "accumulated_operating_revenue_yoy": -10.987956390548403, 
        "accumulated_operating_revenue": 411816, 
        "long_term_average": 60323, 
        "date": "2013-07-31", 
        "operating_revenue": 61195, 
        "short_term_average": 61276
    }, 
    {
        "accumulated_operating_revenue_yoy": -10.62018883271339, 
        "accumulated_operating_revenue": 473612, 
        "long_term_average": 59870, 
        "date": "2013-08-31", 
        "operating_revenue": 61796, 
        "short_term_average": 62388
    }, 
    {
        "accumulated_operating_revenue_yoy": -11.733025260729256, 
        "accumulated_operating_revenue": 528713, 
        "long_term_average": 58703, 
        "date": "2013-09-30", 
        "operating_revenue": 55101, 
        "short_term_average": 59364
    }, 
    {
        "accumulated_operating_revenue_yoy": -10.73237333722562, 
        "accumulated_operating_revenue": 587123, 
        "long_term_average": 58677, 
        "date": "2013-10-31", 
        "operating_revenue": 58410, 
        "short_term_average": 58435
    }, 
    {
        "accumulated_operating_revenue_yoy": -10.099869301358877, 
        "accumulated_operating_revenue": 647948, 
        "long_term_average": 58493, 
        "date": "2013-11-30", 
        "operating_revenue": 60825, 
        "short_term_average": 58112
    }, 
    {
        "accumulated_operating_revenue_yoy": -9.657732640090046, 
        "accumulated_operating_revenue": 699896, 
        "long_term_average": 58324, 
        "date": "2013-12-31", 
        "operating_revenue": 51948, 
        "short_term_average": 57061
    }, 
    {
        "accumulated_operating_revenue_yoy": -25.608693658581323, 
        "accumulated_operating_revenue": 48672, 
        "long_term_average": 56928, 
        "date": "2014-01-31", 
        "operating_revenue": 48672, 
        "short_term_average": 53815
    }, 
    {
        "accumulated_operating_revenue_yoy": -25.84868936578954, 
        "accumulated_operating_revenue": 88005, 
        "long_term_average": 55768, 
        "date": "2014-02-28", 
        "operating_revenue": 39333, 
        "short_term_average": 46651
    }, 
    {
        "accumulated_operating_revenue_yoy": -15.707306279079248, 
        "accumulated_operating_revenue": 144755, 
        "long_term_average": 56076, 
        "date": "2014-03-31", 
        "operating_revenue": 56750, 
        "short_term_average": 48251
    }, 
    {
        "accumulated_operating_revenue_yoy": -11.968278753958577, 
        "accumulated_operating_revenue": 200700, 
        "long_term_average": 56050, 
        "date": "2014-04-30", 
        "operating_revenue": 55945, 
        "short_term_average": 50676
    }, 
    {
        "accumulated_operating_revenue_yoy": -9.342042332438462, 
        "accumulated_operating_revenue": 259687, 
        "long_term_average": 56094, 
        "date": "2014-05-31", 
        "operating_revenue": 58987, 
        "short_term_average": 57227
    }, 
    {
        "accumulated_operating_revenue_yoy": -10.450315297714626, 
        "accumulated_operating_revenue": 313980, 
        "long_term_average": 55271, 
        "date": "2014-06-30", 
        "operating_revenue": 54293, 
        "short_term_average": 56408
    }, 
    {
        "accumulated_operating_revenue_yoy": -10.748003962934902, 
        "accumulated_operating_revenue": 367554, 
        "long_term_average": 54636, 
        "date": "2014-07-31", 
        "operating_revenue": 53574, 
        "short_term_average": 55618
    }, 
    {
        "accumulated_operating_revenue_yoy": -11.046383959865882, 
        "accumulated_operating_revenue": 421295, 
        "long_term_average": 53964, 
        "date": "2014-08-31", 
        "operating_revenue": 53741, 
        "short_term_average": 53869
    }, 
    {
        "accumulated_operating_revenue_yoy": -11.12021077597865, 
        "accumulated_operating_revenue": 469919, 
        "long_term_average": 53425, 
        "date": "2014-09-30", 
        "operating_revenue": 48624, 
        "short_term_average": 51979
    }, 
    {
        "accumulated_operating_revenue_yoy": -10.340763349417413, 
        "accumulated_operating_revenue": 526410, 
        "long_term_average": 53265, 
        "date": "2014-10-31", 
        "operating_revenue": 56491, 
        "short_term_average": 52952
    }, 
    {
        "accumulated_operating_revenue_yoy": -11.306308530931494, 
        "accumulated_operating_revenue": 574689, 
        "long_term_average": 52219, 
        "date": "2014-11-30", 
        "operating_revenue": 48279, 
        "short_term_average": 51131
    }, 
    {
        "accumulated_operating_revenue_yoy": -9.687010641581036, 
        "accumulated_operating_revenue": 632097, 
        "long_term_average": 52674, 
        "date": "2014-12-31", 
        "operating_revenue": 57408, 
        "short_term_average": 54059
    }, 
    {
        "accumulated_operating_revenue_yoy": -2.4572649572649574, 
        "accumulated_operating_revenue": 47476, 
        "long_term_average": 52575, 
        "date": "2015-01-31", 
        "operating_revenue": 47476, 
        "short_term_average": 51054
    }, 
    {
        "accumulated_operating_revenue_yoy": 2.264644054315096, 
        "accumulated_operating_revenue": 89998, 
        "long_term_average": 52840, 
        "date": "2015-02-28", 
        "operating_revenue": 42522, 
        "short_term_average": 49135
    }, 
    {
        "accumulated_operating_revenue_yoy": -0.242478670857656, 
        "accumulated_operating_revenue": 144404, 
        "long_term_average": 52645, 
        "date": "2015-03-31", 
        "operating_revenue": 54406, 
        "short_term_average": 48134
    }, 
    {
        "accumulated_operating_revenue_yoy": -2.166915794718485, 
        "accumulated_operating_revenue": 196351, 
        "long_term_average": 52312, 
        "date": "2015-04-30", 
        "operating_revenue": 51947, 
        "short_term_average": 49625
    }, 
    {
        "accumulated_operating_revenue_yoy": -0.3392545641483786, 
        "accumulated_operating_revenue": 258806, 
        "long_term_average": 52601, 
        "date": "2015-05-31", 
        "operating_revenue": 62455, 
        "short_term_average": 56269
    }, 
    {
        "accumulated_operating_revenue_yoy": -0.09331804573539716, 
        "accumulated_operating_revenue": 313687, 
        "long_term_average": 52650, 
        "date": "2015-06-30", 
        "operating_revenue": 54881, 
        "short_term_average": 56427
    }, 
    {
        "accumulated_operating_revenue_yoy": -0.9274827644373344, 
        "accumulated_operating_revenue": 364145, 
        "long_term_average": 52390, 
        "date": "2015-07-31", 
        "operating_revenue": 50458, 
        "short_term_average": 55931
    }, 
    {
        "accumulated_operating_revenue_yoy": -1.5008485740395685, 
        "accumulated_operating_revenue": 414972, 
        "long_term_average": 52147, 
        "date": "2015-08-31", 
        "operating_revenue": 50827, 
        "short_term_average": 52055
    }, 
    {
        "accumulated_operating_revenue_yoy": -0.1317248291726872, 
        "accumulated_operating_revenue": 469300, 
        "long_term_average": 52623, 
        "date": "2015-09-30", 
        "operating_revenue": 54328, 
        "short_term_average": 51871
    }
]