[
    {
        "date": "2012-01-31", 
        "operating_revenue": 1677753, 
        "accumulated_operating_revenue": 1677753, 
        "long_term_average": 1677753, 
        "short_term_average": 1677753
    }, 
    {
        "date": "2012-02-29", 
        "operating_revenue": 5108104, 
        "accumulated_operating_revenue": 6785857, 
        "long_term_average": 3392928, 
        "short_term_average": 3392928
    }, 
    {
        "date": "2012-03-31", 
        "operating_revenue": 12600245, 
        "accumulated_operating_revenue": 19386102, 
        "long_term_average": 6462034, 
        "short_term_average": 6462034
    }, 
    {
        "date": "2012-04-30", 
        "operating_revenue": 7652369, 
        "accumulated_operating_revenue": 27038471, 
        "long_term_average": 6759617, 
        "short_term_average": 8453572
    }, 
    {
        "date": "2012-05-31", 
        "operating_revenue": 4406103, 
        "accumulated_operating_revenue": 31444574, 
        "long_term_average": 6288914, 
        "short_term_average": 8219572
    }, 
    {
        "date": "2012-06-30", 
        "operating_revenue": 5514735, 
        "accumulated_operating_revenue": 36959309, 
        "long_term_average": 6159884, 
        "short_term_average": 5857735
    }, 
    {
        "date": "2012-07-31", 
        "operating_revenue": 2196561, 
        "accumulated_operating_revenue": 39155870, 
        "long_term_average": 5593695, 
        "short_term_average": 4039133
    }, 
    {
        "date": "2012-08-31", 
        "operating_revenue": 2954756, 
        "accumulated_operating_revenue": 42110626, 
        "long_term_average": 5263828, 
        "short_term_average": 3555350
    }, 
    {
        "date": "2012-09-30", 
        "operating_revenue": 8527809, 
        "accumulated_operating_revenue": 50638435, 
        "long_term_average": 5626492, 
        "short_term_average": 4559708
    }, 
    {
        "date": "2012-10-31", 
        "operating_revenue": 8066942, 
        "accumulated_operating_revenue": 58705377, 
        "long_term_average": 5870537, 
        "short_term_average": 6516502
    }, 
    {
        "date": "2012-11-30", 
        "operating_revenue": 7248870, 
        "accumulated_operating_revenue": 65954247, 
        "long_term_average": 5995840, 
        "short_term_average": 7947873
    }, 
    {
        "date": "2012-12-31", 
        "operating_revenue": 8022448, 
        "accumulated_operating_revenue": 73976695, 
        "long_term_average": 6164724, 
        "short_term_average": 7779420
    }, 
    {
        "accumulated_operating_revenue_yoy": 115.74904053218799, 
        "accumulated_operating_revenue": 3619736, 
        "long_term_average": 6326556, 
        "date": "2013-01-31", 
        "operating_revenue": 3619736, 
        "short_term_average": 6297018
    }, 
    {
        "accumulated_operating_revenue_yoy": -0.4691080286543027, 
        "accumulated_operating_revenue": 6754024, 
        "long_term_average": 6162071, 
        "date": "2013-02-28", 
        "operating_revenue": 3134288, 
        "short_term_average": 4925490
    }, 
    {
        "accumulated_operating_revenue_yoy": -50.8184729452058, 
        "accumulated_operating_revenue": 9534381, 
        "long_term_average": 5343747, 
        "date": "2013-03-31", 
        "operating_revenue": 2780357, 
        "short_term_average": 3178127
    }, 
    {
        "accumulated_operating_revenue_yoy": -52.682287397094306, 
        "accumulated_operating_revenue": 12793986, 
        "long_term_average": 4977684, 
        "date": "2013-04-30", 
        "operating_revenue": 3259605, 
        "short_term_average": 3058083
    }, 
    {
        "accumulated_operating_revenue_yoy": -53.02845254001532, 
        "accumulated_operating_revenue": 14770003, 
        "long_term_average": 4775177, 
        "date": "2013-05-31", 
        "operating_revenue": 1976017, 
        "short_term_average": 2671993
    }, 
    {
        "accumulated_operating_revenue_yoy": -52.93928520146305, 
        "accumulated_operating_revenue": 17393315, 
        "long_term_average": 4534225, 
        "date": "2013-06-30", 
        "operating_revenue": 2623312, 
        "short_term_average": 2619644
    }, 
    {
        "accumulated_operating_revenue_yoy": -49.82029769738228, 
        "accumulated_operating_revenue": 19648299, 
        "long_term_average": 4539093, 
        "date": "2013-07-31", 
        "operating_revenue": 2254984, 
        "short_term_average": 2284771
    }, 
    {
        "accumulated_operating_revenue_yoy": -48.09957230272473, 
        "accumulated_operating_revenue": 21855595, 
        "long_term_average": 4476805, 
        "date": "2013-08-31", 
        "operating_revenue": 2207296, 
        "short_term_average": 2361864
    }, 
    {
        "accumulated_operating_revenue_yoy": -47.27255690267679, 
        "accumulated_operating_revenue": 26700352, 
        "long_term_average": 4169884, 
        "date": "2013-09-30", 
        "operating_revenue": 4844757, 
        "short_term_average": 3102345
    }, 
    {
        "accumulated_operating_revenue_yoy": -50.39374161586595, 
        "accumulated_operating_revenue": 29121541, 
        "long_term_average": 3699404, 
        "date": "2013-10-31", 
        "operating_revenue": 2421189, 
        "short_term_average": 3157747
    }, 
    {
        "accumulated_operating_revenue_yoy": -51.97999152351781, 
        "accumulated_operating_revenue": 31671235, 
        "long_term_average": 3307806, 
        "date": "2013-11-30", 
        "operating_revenue": 2549694, 
        "short_term_average": 3271880
    }, 
    {
        "accumulated_operating_revenue_yoy": -53.71305787586213, 
        "accumulated_operating_revenue": 34241550, 
        "long_term_average": 2853462, 
        "date": "2013-12-31", 
        "operating_revenue": 2570315, 
        "short_term_average": 2513732
    }, 
    {
        "accumulated_operating_revenue_yoy": -56.57130796279065, 
        "accumulated_operating_revenue": 1572004, 
        "long_term_average": 2682818, 
        "date": "2014-01-31", 
        "operating_revenue": 1572004, 
        "short_term_average": 2230671
    }, 
    {
        "accumulated_operating_revenue_yoy": -43.806551472129804, 
        "accumulated_operating_revenue": 3795319, 
        "long_term_average": 2606903, 
        "date": "2014-02-28", 
        "operating_revenue": 2223315, 
        "short_term_average": 2121878
    }, 
    {
        "accumulated_operating_revenue_yoy": -7.070936225435085, 
        "accumulated_operating_revenue": 8860211, 
        "long_term_average": 2797281, 
        "date": "2014-03-31", 
        "operating_revenue": 5064892, 
        "short_term_average": 2953403
    }, 
    {
        "accumulated_operating_revenue_yoy": 15.717587935456551, 
        "accumulated_operating_revenue": 14804892, 
        "long_term_average": 3021038, 
        "date": "2014-04-30", 
        "operating_revenue": 5944681, 
        "short_term_average": 4410962
    }, 
    {
        "accumulated_operating_revenue_yoy": 33.22190252771106, 
        "accumulated_operating_revenue": 19676879, 
        "long_term_average": 3262368, 
        "date": "2014-05-31", 
        "operating_revenue": 4871987, 
        "short_term_average": 5293853
    }, 
    {
        "accumulated_operating_revenue_yoy": 42.27772566644139, 
        "accumulated_operating_revenue": 24746813, 
        "long_term_average": 3466254, 
        "date": "2014-06-30", 
        "operating_revenue": 5069934, 
        "short_term_average": 5295534
    }, 
    {
        "accumulated_operating_revenue_yoy": 51.97188316403369, 
        "accumulated_operating_revenue": 29859890, 
        "long_term_average": 3704428, 
        "date": "2014-07-31", 
        "operating_revenue": 5113077, 
        "short_term_average": 5018332
    }, 
    {
        "accumulated_operating_revenue_yoy": 52.57327929072624, 
        "accumulated_operating_revenue": 33345798, 
        "long_term_average": 3810979, 
        "date": "2014-08-31", 
        "operating_revenue": 3485908, 
        "short_term_average": 4556306
    }, 
    {
        "accumulated_operating_revenue_yoy": 38.40646745031676, 
        "accumulated_operating_revenue": 36955014, 
        "long_term_average": 3708017, 
        "date": "2014-09-30", 
        "operating_revenue": 3609216, 
        "short_term_average": 4069400
    }, 
    {
        "accumulated_operating_revenue_yoy": 40.90224827044695, 
        "accumulated_operating_revenue": 41032906, 
        "long_term_average": 3846076, 
        "date": "2014-10-31", 
        "operating_revenue": 4077892, 
        "short_term_average": 3724338
    }, 
    {
        "accumulated_operating_revenue_yoy": 43.52310227245638, 
        "accumulated_operating_revenue": 45455539, 
        "long_term_average": 4002154, 
        "date": "2014-11-30", 
        "operating_revenue": 4422633, 
        "short_term_average": 4036580
    }, 
    {
        "accumulated_operating_revenue_yoy": 55.67604562293471, 
        "accumulated_operating_revenue": 53305891, 
        "long_term_average": 4442157, 
        "date": "2014-12-31", 
        "operating_revenue": 7850352, 
        "short_term_average": 5450292
    }, 
    {
        "accumulated_operating_revenue_yoy": 367.67832651825313, 
        "accumulated_operating_revenue": 7351922, 
        "long_term_average": 4923817, 
        "date": "2015-01-31", 
        "operating_revenue": 7351922, 
        "short_term_average": 6541635
    }, 
    {
        "accumulated_operating_revenue_yoy": 213.8362546073202, 
        "accumulated_operating_revenue": 11911087, 
        "long_term_average": 5118471, 
        "date": "2015-02-28", 
        "operating_revenue": 4559165, 
        "short_term_average": 6587146
    }, 
    {
        "accumulated_operating_revenue_yoy": 120.05264885903959, 
        "accumulated_operating_revenue": 19497129, 
        "long_term_average": 5328567, 
        "date": "2015-03-31", 
        "operating_revenue": 7586042, 
        "short_term_average": 6499043
    }, 
    {
        "accumulated_operating_revenue_yoy": 79.42684080370192, 
        "accumulated_operating_revenue": 26563950, 
        "long_term_average": 5422079, 
        "date": "2015-04-30", 
        "operating_revenue": 7066821, 
        "short_term_average": 6404009
    }, 
    {
        "accumulated_operating_revenue_yoy": 68.88357142410644, 
        "accumulated_operating_revenue": 33231016, 
        "long_term_average": 5571669, 
        "date": "2015-05-31", 
        "operating_revenue": 6667066, 
        "short_term_average": 7106643
    }, 
    {
        "accumulated_operating_revenue_yoy": 54.591385161394314, 
        "accumulated_operating_revenue": 38256441, 
        "long_term_average": 5567959, 
        "date": "2015-06-30", 
        "operating_revenue": 5025425, 
        "short_term_average": 6253104
    }, 
    {
        "accumulated_operating_revenue_yoy": 37.28391497758364, 
        "accumulated_operating_revenue": 40992826, 
        "long_term_average": 5369902, 
        "date": "2015-07-31", 
        "operating_revenue": 2736385, 
        "short_term_average": 4809625
    }, 
    {
        "accumulated_operating_revenue_yoy": 36.24523545665334, 
        "accumulated_operating_revenue": 45432061, 
        "long_term_average": 5449346, 
        "date": "2015-08-31", 
        "operating_revenue": 4439235, 
        "short_term_average": 4067015
    }, 
    {
        "accumulated_operating_revenue_yoy": 38.506060368425246, 
        "accumulated_operating_revenue": 51184934, 
        "long_term_average": 5627984, 
        "date": "2015-09-30", 
        "operating_revenue": 5752873, 
        "short_term_average": 4309497
    }, 
    {
        "accumulated_operating_revenue_yoy": 31.56013858730844, 
        "accumulated_operating_revenue": 53982948, 
        "long_term_average": 5521327, 
        "date": "2015-10-31", 
        "operating_revenue": 2798014, 
        "short_term_average": 4330040
    }
]