[
    {
        "date": "2012-01-31", 
        "operating_revenue": 9394, 
        "accumulated_operating_revenue": 9394, 
        "long_term_average": 9394, 
        "short_term_average": 9394
    }, 
    {
        "date": "2012-02-29", 
        "operating_revenue": 9127, 
        "accumulated_operating_revenue": 18521, 
        "long_term_average": 9260, 
        "short_term_average": 9260
    }, 
    {
        "date": "2012-03-31", 
        "operating_revenue": 12863, 
        "accumulated_operating_revenue": 31384, 
        "long_term_average": 10461, 
        "short_term_average": 10461
    }, 
    {
        "date": "2012-04-30", 
        "operating_revenue": 10944, 
        "accumulated_operating_revenue": 42328, 
        "long_term_average": 10582, 
        "short_term_average": 10978
    }, 
    {
        "date": "2012-05-31", 
        "operating_revenue": 13407, 
        "accumulated_operating_revenue": 55735, 
        "long_term_average": 11147, 
        "short_term_average": 12404
    }, 
    {
        "date": "2012-06-30", 
        "operating_revenue": 15045, 
        "accumulated_operating_revenue": 70780, 
        "long_term_average": 11796, 
        "short_term_average": 13132
    }, 
    {
        "date": "2012-07-31", 
        "operating_revenue": 17460, 
        "accumulated_operating_revenue": 88240, 
        "long_term_average": 12605, 
        "short_term_average": 15304
    }, 
    {
        "date": "2012-08-31", 
        "operating_revenue": 17519, 
        "accumulated_operating_revenue": 105759, 
        "long_term_average": 13219, 
        "short_term_average": 16674
    }, 
    {
        "date": "2012-09-30", 
        "operating_revenue": 19081, 
        "accumulated_operating_revenue": 124840, 
        "long_term_average": 13871, 
        "short_term_average": 18020
    }, 
    {
        "date": "2012-10-31", 
        "operating_revenue": 23017, 
        "accumulated_operating_revenue": 147857, 
        "long_term_average": 14785, 
        "short_term_average": 19872
    }, 
    {
        "date": "2012-11-30", 
        "operating_revenue": 23718, 
        "accumulated_operating_revenue": 171575, 
        "long_term_average": 15597, 
        "short_term_average": 21938
    }, 
    {
        "date": "2012-12-31", 
        "operating_revenue": 29106, 
        "accumulated_operating_revenue": 200681, 
        "long_term_average": 16723, 
        "short_term_average": 25280
    }, 
    {
        "accumulated_operating_revenue_yoy": 85.96976793698106, 
        "accumulated_operating_revenue": 17470, 
        "long_term_average": 17396, 
        "date": "2013-01-31", 
        "operating_revenue": 17470, 
        "short_term_average": 23431
    }, 
    {
        "accumulated_operating_revenue_yoy": 54.7810593380487, 
        "accumulated_operating_revenue": 28667, 
        "long_term_average": 17568, 
        "date": "2013-02-28", 
        "operating_revenue": 11197, 
        "short_term_average": 19257
    }, 
    {
        "accumulated_operating_revenue_yoy": 40.43143002803976, 
        "accumulated_operating_revenue": 44073, 
        "long_term_average": 17780, 
        "date": "2013-03-31", 
        "operating_revenue": 15406, 
        "short_term_average": 14691
    }, 
    {
        "accumulated_operating_revenue_yoy": 23.400585900585902, 
        "accumulated_operating_revenue": 52233, 
        "long_term_average": 17548, 
        "date": "2013-04-30", 
        "operating_revenue": 8160, 
        "short_term_average": 11587
    }, 
    {
        "accumulated_operating_revenue_yoy": 15.946891540324751, 
        "accumulated_operating_revenue": 64623, 
        "long_term_average": 17464, 
        "date": "2013-05-31", 
        "operating_revenue": 12390, 
        "short_term_average": 11985
    }, 
    {
        "accumulated_operating_revenue_yoy": 34.37835546764623, 
        "accumulated_operating_revenue": 95113, 
        "long_term_average": 18751, 
        "date": "2013-06-30", 
        "operating_revenue": 30490, 
        "short_term_average": 17013
    }, 
    {
        "accumulated_operating_revenue_yoy": 28.090435176790574, 
        "accumulated_operating_revenue": 113027, 
        "long_term_average": 18789, 
        "date": "2013-07-31", 
        "operating_revenue": 17914, 
        "short_term_average": 20264
    }, 
    {
        "accumulated_operating_revenue_yoy": 23.494927145680272, 
        "accumulated_operating_revenue": 130607, 
        "long_term_average": 18794, 
        "date": "2013-08-31", 
        "operating_revenue": 17580, 
        "short_term_average": 21994
    }, 
    {
        "accumulated_operating_revenue_yoy": 19.95514258250561, 
        "accumulated_operating_revenue": 149752, 
        "long_term_average": 18799, 
        "date": "2013-09-30", 
        "operating_revenue": 19145, 
        "short_term_average": 18213
    }, 
    {
        "accumulated_operating_revenue_yoy": 15.610353246718113, 
        "accumulated_operating_revenue": 170938, 
        "long_term_average": 18646, 
        "date": "2013-10-31", 
        "operating_revenue": 21186, 
        "short_term_average": 19303
    }, 
    {
        "accumulated_operating_revenue_yoy": 11.288357860993735, 
        "accumulated_operating_revenue": 190943, 
        "long_term_average": 18337, 
        "date": "2013-11-30", 
        "operating_revenue": 20005, 
        "short_term_average": 20112
    }, 
    {
        "accumulated_operating_revenue_yoy": -0.08520986042525201, 
        "accumulated_operating_revenue": 200510, 
        "long_term_average": 16709, 
        "date": "2013-12-31", 
        "operating_revenue": 9567, 
        "short_term_average": 16919
    }, 
    {
        "accumulated_operating_revenue_yoy": -18.57469948483114, 
        "accumulated_operating_revenue": 14225, 
        "long_term_average": 16438, 
        "date": "2014-01-31", 
        "operating_revenue": 14225, 
        "short_term_average": 14599
    }, 
    {
        "accumulated_operating_revenue_yoy": 5.448773851466844, 
        "accumulated_operating_revenue": 30229, 
        "long_term_average": 16839, 
        "date": "2014-02-28", 
        "operating_revenue": 16004, 
        "short_term_average": 13265
    }, 
    {
        "accumulated_operating_revenue_yoy": -14.578086356726342, 
        "accumulated_operating_revenue": 37648, 
        "long_term_average": 16173, 
        "date": "2014-03-31", 
        "operating_revenue": 7419, 
        "short_term_average": 12549
    }, 
    {
        "accumulated_operating_revenue_yoy": -8.197882564662187, 
        "accumulated_operating_revenue": 47951, 
        "long_term_average": 16352, 
        "date": "2014-04-30", 
        "operating_revenue": 10303, 
        "short_term_average": 11242
    }, 
    {
        "accumulated_operating_revenue_yoy": -5.200934651749377, 
        "accumulated_operating_revenue": 61262, 
        "long_term_average": 16429, 
        "date": "2014-05-31", 
        "operating_revenue": 13311, 
        "short_term_average": 10344
    }, 
    {
        "accumulated_operating_revenue_yoy": -13.347281654453125, 
        "accumulated_operating_revenue": 82418, 
        "long_term_average": 15651, 
        "date": "2014-06-30", 
        "operating_revenue": 21156, 
        "short_term_average": 14923
    }, 
    {
        "accumulated_operating_revenue_yoy": -18.17441850177391, 
        "accumulated_operating_revenue": 92485, 
        "long_term_average": 14997, 
        "date": "2014-07-31", 
        "operating_revenue": 10067, 
        "short_term_average": 14844
    }, 
    {
        "accumulated_operating_revenue_yoy": -21.293651948211046, 
        "accumulated_operating_revenue": 102796, 
        "long_term_average": 14391, 
        "date": "2014-08-31", 
        "operating_revenue": 10311, 
        "short_term_average": 13844
    }, 
    {
        "accumulated_operating_revenue_yoy": -17.294593728297453, 
        "accumulated_operating_revenue": 123853, 
        "long_term_average": 14550, 
        "date": "2014-09-30", 
        "operating_revenue": 21057, 
        "short_term_average": 13811
    }, 
    {
        "accumulated_operating_revenue_yoy": -21.057927435678433, 
        "accumulated_operating_revenue": 134942, 
        "long_term_average": 13709, 
        "date": "2014-10-31", 
        "operating_revenue": 11089, 
        "short_term_average": 14152
    }, 
    {
        "accumulated_operating_revenue_yoy": -23.73902159283137, 
        "accumulated_operating_revenue": 145615, 
        "long_term_average": 12931, 
        "date": "2014-11-30", 
        "operating_revenue": 10673, 
        "short_term_average": 14273
    }, 
    {
        "accumulated_operating_revenue_yoy": -21.061293701062294, 
        "accumulated_operating_revenue": 158280, 
        "long_term_average": 13190, 
        "date": "2014-12-31", 
        "operating_revenue": 12665, 
        "short_term_average": 11475
    }, 
    {
        "accumulated_operating_revenue_yoy": 62.98066783831283, 
        "accumulated_operating_revenue": 23184, 
        "long_term_average": 13936, 
        "date": "2015-01-31", 
        "operating_revenue": 23184, 
        "short_term_average": 15507
    }, 
    {
        "accumulated_operating_revenue_yoy": 16.62641834000463, 
        "accumulated_operating_revenue": 35255, 
        "long_term_average": 13608, 
        "date": "2015-02-28", 
        "operating_revenue": 12071, 
        "short_term_average": 15973
    }, 
    {
        "accumulated_operating_revenue_yoy": 60.05365490862729, 
        "accumulated_operating_revenue": 60257, 
        "long_term_average": 15074, 
        "date": "2015-03-31", 
        "operating_revenue": 25002, 
        "short_term_average": 20085
    }, 
    {
        "accumulated_operating_revenue_yoy": 76.20696127296615, 
        "accumulated_operating_revenue": 84493, 
        "long_term_average": 16235, 
        "date": "2015-04-30", 
        "operating_revenue": 24236, 
        "short_term_average": 20436
    }, 
    {
        "accumulated_operating_revenue_yoy": 62.3453364238843, 
        "accumulated_operating_revenue": 99456, 
        "long_term_average": 16372, 
        "date": "2015-05-31", 
        "operating_revenue": 14963, 
        "short_term_average": 21400
    }, 
    {
        "accumulated_operating_revenue_yoy": 47.40711980392633, 
        "accumulated_operating_revenue": 121490, 
        "long_term_average": 16446, 
        "date": "2015-06-30", 
        "operating_revenue": 22034, 
        "short_term_average": 20411
    }, 
    {
        "accumulated_operating_revenue_yoy": 59.491809482618805, 
        "accumulated_operating_revenue": 147506, 
        "long_term_average": 17775, 
        "date": "2015-07-31", 
        "operating_revenue": 26016, 
        "short_term_average": 21004
    }, 
    {
        "accumulated_operating_revenue_yoy": 72.85400210124907, 
        "accumulated_operating_revenue": 177687, 
        "long_term_average": 19430, 
        "date": "2015-08-31", 
        "operating_revenue": 30181, 
        "short_term_average": 26077
    }, 
    {
        "accumulated_operating_revenue_yoy": 63.7263530152681, 
        "accumulated_operating_revenue": 202780, 
        "long_term_average": 19767, 
        "date": "2015-09-30", 
        "operating_revenue": 25093, 
        "short_term_average": 27096
    }, 
    {
        "accumulated_operating_revenue_yoy": 60.148063612515, 
        "accumulated_operating_revenue": 216107, 
        "long_term_average": 19953, 
        "date": "2015-10-31", 
        "operating_revenue": 13327, 
        "short_term_average": 22867
    }
]