[
    {
        "date": "2011-09-30", 
        "operating_revenue": 96563, 
        "accumulated_operating_revenue": 96563, 
        "long_term_average": 96563, 
        "short_term_average": 96563
    }, 
    {
        "date": "2011-10-31", 
        "operating_revenue": 87238, 
        "accumulated_operating_revenue": 183801, 
        "long_term_average": 91900, 
        "short_term_average": 91900
    }, 
    {
        "date": "2011-11-30", 
        "operating_revenue": 92917, 
        "accumulated_operating_revenue": 276718, 
        "long_term_average": 92239, 
        "short_term_average": 92239
    }, 
    {
        "date": "2011-12-31", 
        "operating_revenue": 88516, 
        "accumulated_operating_revenue": 365234, 
        "long_term_average": 91308, 
        "short_term_average": 89557
    }, 
    {
        "date": "2012-01-31", 
        "operating_revenue": 75721, 
        "accumulated_operating_revenue": 75721, 
        "long_term_average": 88191, 
        "short_term_average": 85718
    }, 
    {
        "date": "2012-02-29", 
        "operating_revenue": 98765, 
        "accumulated_operating_revenue": 174486, 
        "long_term_average": 89953, 
        "short_term_average": 87667
    }, 
    {
        "date": "2012-03-31", 
        "operating_revenue": 111185, 
        "accumulated_operating_revenue": 285671, 
        "long_term_average": 92986, 
        "short_term_average": 95223
    }, 
    {
        "date": "2012-04-30", 
        "operating_revenue": 105330, 
        "accumulated_operating_revenue": 391001, 
        "long_term_average": 94529, 
        "short_term_average": 105093
    }, 
    {
        "date": "2012-05-31", 
        "operating_revenue": 123815, 
        "accumulated_operating_revenue": 514816, 
        "long_term_average": 97783, 
        "short_term_average": 113443
    }, 
    {
        "date": "2012-06-30", 
        "operating_revenue": 110540, 
        "accumulated_operating_revenue": 625356, 
        "long_term_average": 99059, 
        "short_term_average": 113228
    }, 
    {
        "date": "2012-07-31", 
        "operating_revenue": 101055, 
        "accumulated_operating_revenue": 726411, 
        "long_term_average": 99240, 
        "short_term_average": 111803
    }, 
    {
        "date": "2012-08-31", 
        "operating_revenue": 97148, 
        "accumulated_operating_revenue": 823559, 
        "long_term_average": 99066, 
        "short_term_average": 102914
    }, 
    {
        "accumulated_operating_revenue_yoy": 866.4157078798297, 
        "accumulated_operating_revenue": 933200, 
        "long_term_average": 100155, 
        "date": "2012-09-30", 
        "operating_revenue": 109641, 
        "short_term_average": 102614
    }, 
    {
        "accumulated_operating_revenue_yoy": 463.94524512924306, 
        "accumulated_operating_revenue": 1036537, 
        "long_term_average": 101497, 
        "date": "2012-10-31", 
        "operating_revenue": 103337, 
        "short_term_average": 103375
    }, 
    {
        "accumulated_operating_revenue_yoy": 308.95388084620447, 
        "accumulated_operating_revenue": 1131649, 
        "long_term_average": 101680, 
        "date": "2012-11-30", 
        "operating_revenue": 95112, 
        "short_term_average": 102696
    }, 
    {
        "accumulated_operating_revenue_yoy": 237.2087483640625, 
        "accumulated_operating_revenue": 1231601, 
        "long_term_average": 102633, 
        "date": "2012-12-31", 
        "operating_revenue": 99952, 
        "short_term_average": 99467
    }, 
    {
        "accumulated_operating_revenue_yoy": 26.65178748299679, 
        "accumulated_operating_revenue": 95902, 
        "long_term_average": 104315, 
        "date": "2013-01-31", 
        "operating_revenue": 95902, 
        "short_term_average": 96988
    }, 
    {
        "accumulated_operating_revenue_yoy": -7.171922102632876, 
        "accumulated_operating_revenue": 161972, 
        "long_term_average": 101590, 
        "date": "2013-02-28", 
        "operating_revenue": 66070, 
        "short_term_average": 87308
    }, 
    {
        "accumulated_operating_revenue_yoy": 0.9507440377217149, 
        "accumulated_operating_revenue": 288387, 
        "long_term_average": 102859, 
        "date": "2013-03-31", 
        "operating_revenue": 126415, 
        "short_term_average": 96129
    }, 
    {
        "accumulated_operating_revenue_yoy": 4.967506476965532, 
        "accumulated_operating_revenue": 410424, 
        "long_term_average": 104252, 
        "date": "2013-04-30", 
        "operating_revenue": 122037, 
        "short_term_average": 104840
    }, 
    {
        "accumulated_operating_revenue_yoy": 3.762509323719543, 
        "accumulated_operating_revenue": 534186, 
        "long_term_average": 104247, 
        "date": "2013-05-31", 
        "operating_revenue": 123762, 
        "short_term_average": 124071
    }, 
    {
        "accumulated_operating_revenue_yoy": 3.177390158565681, 
        "accumulated_operating_revenue": 645226, 
        "long_term_average": 104289, 
        "date": "2013-06-30", 
        "operating_revenue": 111040, 
        "short_term_average": 118946
    }, 
    {
        "accumulated_operating_revenue_yoy": 4.965508506892104, 
        "accumulated_operating_revenue": 762481, 
        "long_term_average": 105639, 
        "date": "2013-07-31", 
        "operating_revenue": 117255, 
        "short_term_average": 117352
    }, 
    {
        "accumulated_operating_revenue_yoy": 5.448668522838072, 
        "accumulated_operating_revenue": 868432, 
        "long_term_average": 106372, 
        "date": "2013-08-31", 
        "operating_revenue": 105951, 
        "short_term_average": 111415
    }, 
    {
        "accumulated_operating_revenue_yoy": 6.170488641234462, 
        "accumulated_operating_revenue": 990783, 
        "long_term_average": 107432, 
        "date": "2013-09-30", 
        "operating_revenue": 122351, 
        "short_term_average": 115185
    }, 
    {
        "accumulated_operating_revenue_yoy": 6.1115039791150725, 
        "accumulated_operating_revenue": 1099885, 
        "long_term_average": 107912, 
        "date": "2013-10-31", 
        "operating_revenue": 109102, 
        "short_term_average": 112468
    }, 
    {
        "accumulated_operating_revenue_yoy": 8.203161934486754, 
        "accumulated_operating_revenue": 1224480, 
        "long_term_average": 110369, 
        "date": "2013-11-30", 
        "operating_revenue": 124595, 
        "short_term_average": 118682
    }, 
    {
        "accumulated_operating_revenue_yoy": 8.075748558177526, 
        "accumulated_operating_revenue": 1331062, 
        "long_term_average": 110921, 
        "date": "2013-12-31", 
        "operating_revenue": 106582, 
        "short_term_average": 113426
    }, 
    {
        "accumulated_operating_revenue_yoy": 5.458697420283206, 
        "accumulated_operating_revenue": 101137, 
        "long_term_average": 111358, 
        "date": "2014-01-31", 
        "operating_revenue": 101137, 
        "short_term_average": 110771
    }, 
    {
        "accumulated_operating_revenue_yoy": 16.64793914997654, 
        "accumulated_operating_revenue": 188937, 
        "long_term_average": 113168, 
        "date": "2014-02-28", 
        "operating_revenue": 87800, 
        "short_term_average": 98506
    }, 
    {
        "accumulated_operating_revenue_yoy": 10.984891829382045, 
        "accumulated_operating_revenue": 320066, 
        "long_term_average": 113561, 
        "date": "2014-03-31", 
        "operating_revenue": 131129, 
        "short_term_average": 106688
    }, 
    {
        "accumulated_operating_revenue_yoy": 10.186295148431865, 
        "accumulated_operating_revenue": 452231, 
        "long_term_average": 114405, 
        "date": "2014-04-30", 
        "operating_revenue": 132165, 
        "short_term_average": 117031
    }, 
    {
        "accumulated_operating_revenue_yoy": 8.285316350484663, 
        "accumulated_operating_revenue": 578445, 
        "long_term_average": 114610, 
        "date": "2014-05-31", 
        "operating_revenue": 126214, 
        "short_term_average": 129836
    }, 
    {
        "accumulated_operating_revenue_yoy": 7.23746408235254, 
        "accumulated_operating_revenue": 691924, 
        "long_term_average": 114813, 
        "date": "2014-06-30", 
        "operating_revenue": 113479, 
        "short_term_average": 123952
    }, 
    {
        "accumulated_operating_revenue_yoy": 4.346337810384783, 
        "accumulated_operating_revenue": 795621, 
        "long_term_average": 113683, 
        "date": "2014-07-31", 
        "operating_revenue": 103697, 
        "short_term_average": 114463
    }, 
    {
        "accumulated_operating_revenue_yoy": 4.366835860493395, 
        "accumulated_operating_revenue": 906355, 
        "long_term_average": 114082, 
        "date": "2014-08-31", 
        "operating_revenue": 110734, 
        "short_term_average": 109303
    }, 
    {
        "accumulated_operating_revenue_yoy": 4.008849566454006, 
        "accumulated_operating_revenue": 1030502, 
        "long_term_average": 114231, 
        "date": "2014-09-30", 
        "operating_revenue": 124147, 
        "short_term_average": 112859
    }, 
    {
        "accumulated_operating_revenue_yoy": 4.156889129318065, 
        "accumulated_operating_revenue": 1145606, 
        "long_term_average": 114731, 
        "date": "2014-10-31", 
        "operating_revenue": 115104, 
        "short_term_average": 116661
    }, 
    {
        "accumulated_operating_revenue_yoy": 2.639487782568927, 
        "accumulated_operating_revenue": 1256800, 
        "long_term_average": 113615, 
        "date": "2014-11-30", 
        "operating_revenue": 111194, 
        "short_term_average": 116815
    }, 
    {
        "accumulated_operating_revenue_yoy": 3.072433891133546, 
        "accumulated_operating_revenue": 1371958, 
        "long_term_average": 114329, 
        "date": "2014-12-31", 
        "operating_revenue": 115158, 
        "short_term_average": 113818
    }, 
    {
        "accumulated_operating_revenue_yoy": 10.201014465526958, 
        "accumulated_operating_revenue": 111454, 
        "long_term_average": 115189, 
        "date": "2015-01-31", 
        "operating_revenue": 111454, 
        "short_term_average": 112602
    }, 
    {
        "accumulated_operating_revenue_yoy": 2.480191809968402, 
        "accumulated_operating_revenue": 193623, 
        "long_term_average": 114720, 
        "date": "2015-02-28", 
        "operating_revenue": 82169, 
        "short_term_average": 102927
    }, 
    {
        "accumulated_operating_revenue_yoy": 2.1008167065542733, 
        "accumulated_operating_revenue": 326790, 
        "long_term_average": 114890, 
        "date": "2015-03-31", 
        "operating_revenue": 133167, 
        "short_term_average": 108930
    }, 
    {
        "accumulated_operating_revenue_yoy": 2.5595326282364543, 
        "accumulated_operating_revenue": 463806, 
        "long_term_average": 115294, 
        "date": "2015-04-30", 
        "operating_revenue": 137016, 
        "short_term_average": 117450
    }, 
    {
        "accumulated_operating_revenue_yoy": 0.22474046797880523, 
        "accumulated_operating_revenue": 579745, 
        "long_term_average": 114438, 
        "date": "2015-05-31", 
        "operating_revenue": 115939, 
        "short_term_average": 128707
    }, 
    {
        "accumulated_operating_revenue_yoy": 1.5725715541013177, 
        "accumulated_operating_revenue": 702805, 
        "long_term_average": 115236, 
        "date": "2015-06-30", 
        "operating_revenue": 123060, 
        "short_term_average": 125338
    }, 
    {
        "accumulated_operating_revenue_yoy": 4.048787048104562, 
        "accumulated_operating_revenue": 827834, 
        "long_term_average": 117014, 
        "date": "2015-07-31", 
        "operating_revenue": 125029, 
        "short_term_average": 121342
    }, 
    {
        "accumulated_operating_revenue_yoy": 5.172035240054945, 
        "accumulated_operating_revenue": 953232, 
        "long_term_average": 118236, 
        "date": "2015-08-31", 
        "operating_revenue": 125398, 
        "short_term_average": 124495
    }
]