[
    {
        "date": "2012-01-31", 
        "operating_revenue": 201144, 
        "accumulated_operating_revenue": 201144, 
        "long_term_average": 201144, 
        "short_term_average": 201144
    }, 
    {
        "date": "2012-02-29", 
        "operating_revenue": 184806, 
        "accumulated_operating_revenue": 385950, 
        "long_term_average": 192975, 
        "short_term_average": 192975
    }, 
    {
        "date": "2012-03-31", 
        "operating_revenue": 212701, 
        "accumulated_operating_revenue": 598651, 
        "long_term_average": 199550, 
        "short_term_average": 199550
    }, 
    {
        "date": "2012-04-30", 
        "operating_revenue": 189651, 
        "accumulated_operating_revenue": 788302, 
        "long_term_average": 197075, 
        "short_term_average": 195719
    }, 
    {
        "date": "2012-05-31", 
        "operating_revenue": 211231, 
        "accumulated_operating_revenue": 999533, 
        "long_term_average": 199906, 
        "short_term_average": 204527
    }, 
    {
        "date": "2012-06-30", 
        "operating_revenue": 221863, 
        "accumulated_operating_revenue": 1221396, 
        "long_term_average": 203566, 
        "short_term_average": 207581
    }, 
    {
        "date": "2012-07-31", 
        "operating_revenue": 199914, 
        "accumulated_operating_revenue": 1421310, 
        "long_term_average": 203044, 
        "short_term_average": 211002
    }, 
    {
        "date": "2012-08-31", 
        "operating_revenue": 209668, 
        "accumulated_operating_revenue": 1630978, 
        "long_term_average": 203872, 
        "short_term_average": 210481
    }, 
    {
        "date": "2012-09-30", 
        "operating_revenue": 213678, 
        "accumulated_operating_revenue": 1844656, 
        "long_term_average": 204961, 
        "short_term_average": 207753
    }, 
    {
        "date": "2012-10-31", 
        "operating_revenue": 221068, 
        "accumulated_operating_revenue": 2065724, 
        "long_term_average": 206572, 
        "short_term_average": 214804
    }, 
    {
        "date": "2012-11-30", 
        "operating_revenue": 208134, 
        "accumulated_operating_revenue": 2273858, 
        "long_term_average": 206714, 
        "short_term_average": 214293
    }, 
    {
        "date": "2012-12-31", 
        "operating_revenue": 233193, 
        "accumulated_operating_revenue": 2507051, 
        "long_term_average": 208920, 
        "short_term_average": 220798
    }, 
    {
        "accumulated_operating_revenue_yoy": 16.027323708388018, 
        "accumulated_operating_revenue": 233382, 
        "long_term_average": 211607, 
        "date": "2013-01-31", 
        "operating_revenue": 233382, 
        "short_term_average": 224903
    }, 
    {
        "accumulated_operating_revenue_yoy": 14.394610700867988, 
        "accumulated_operating_revenue": 441506, 
        "long_term_average": 213550, 
        "date": "2013-02-28", 
        "operating_revenue": 208124, 
        "short_term_average": 224899
    }, 
    {
        "accumulated_operating_revenue_yoy": 8.271597307947369, 
        "accumulated_operating_revenue": 648169, 
        "long_term_average": 213047, 
        "date": "2013-03-31", 
        "operating_revenue": 206663, 
        "short_term_average": 216056
    }, 
    {
        "accumulated_operating_revenue_yoy": 9.17579810783177, 
        "accumulated_operating_revenue": 860635, 
        "long_term_average": 214948, 
        "date": "2013-04-30", 
        "operating_revenue": 212466, 
        "short_term_average": 209084
    }, 
    {
        "accumulated_operating_revenue_yoy": 7.654574686378539, 
        "accumulated_operating_revenue": 1076043, 
        "long_term_average": 215296, 
        "date": "2013-05-31", 
        "operating_revenue": 215408, 
        "short_term_average": 211512
    }, 
    {
        "accumulated_operating_revenue_yoy": 7.497077115038857, 
        "accumulated_operating_revenue": 1312965, 
        "long_term_average": 216551, 
        "date": "2013-06-30", 
        "operating_revenue": 236922, 
        "short_term_average": 221598
    }, 
    {
        "accumulated_operating_revenue_yoy": 6.967586240862303, 
        "accumulated_operating_revenue": 1520341, 
        "long_term_average": 217173, 
        "date": "2013-07-31", 
        "operating_revenue": 207376, 
        "short_term_average": 219902
    }, 
    {
        "accumulated_operating_revenue_yoy": 6.6443569441157395, 
        "accumulated_operating_revenue": 1739346, 
        "long_term_average": 217951, 
        "date": "2013-08-31", 
        "operating_revenue": 219005, 
        "short_term_average": 221101
    }, 
    {
        "accumulated_operating_revenue_yoy": 5.952817219037045, 
        "accumulated_operating_revenue": 1954465, 
        "long_term_average": 218071, 
        "date": "2013-09-30", 
        "operating_revenue": 215119, 
        "short_term_average": 213833
    }, 
    {
        "accumulated_operating_revenue_yoy": 5.349891853897229, 
        "accumulated_operating_revenue": 2176238, 
        "long_term_average": 218130, 
        "date": "2013-10-31", 
        "operating_revenue": 221773, 
        "short_term_average": 218632
    }, 
    {
        "accumulated_operating_revenue_yoy": 5.185064326796132, 
        "accumulated_operating_revenue": 2391759, 
        "long_term_average": 218746, 
        "date": "2013-11-30", 
        "operating_revenue": 215521, 
        "short_term_average": 217471
    }, 
    {
        "accumulated_operating_revenue_yoy": 5.699445284519541, 
        "accumulated_operating_revenue": 2649939, 
        "long_term_average": 220828, 
        "date": "2013-12-31", 
        "operating_revenue": 258180, 
        "short_term_average": 231824
    }, 
    {
        "accumulated_operating_revenue_yoy": 1.5279670240207042, 
        "accumulated_operating_revenue": 236948, 
        "long_term_average": 221125, 
        "date": "2014-01-31", 
        "operating_revenue": 236948, 
        "short_term_average": 236883
    }, 
    {
        "accumulated_operating_revenue_yoy": -5.467422866280413, 
        "accumulated_operating_revenue": 417367, 
        "long_term_average": 218816, 
        "date": "2014-02-28", 
        "operating_revenue": 180419, 
        "short_term_average": 225182
    }, 
    {
        "accumulated_operating_revenue_yoy": -1.2572338387056463, 
        "accumulated_operating_revenue": 640020, 
        "long_term_average": 220149, 
        "date": "2014-03-31", 
        "operating_revenue": 222653, 
        "short_term_average": 213340
    }, 
    {
        "accumulated_operating_revenue_yoy": 0.43746768374514167, 
        "accumulated_operating_revenue": 864400, 
        "long_term_average": 221142, 
        "date": "2014-04-30", 
        "operating_revenue": 224380, 
        "short_term_average": 209150
    }, 
    {
        "accumulated_operating_revenue_yoy": 1.242050735890666, 
        "accumulated_operating_revenue": 1089408, 
        "long_term_average": 221942, 
        "date": "2014-05-31", 
        "operating_revenue": 225008, 
        "short_term_average": 224013
    }, 
    {
        "accumulated_operating_revenue_yoy": 0.9208927884597077, 
        "accumulated_operating_revenue": 1325056, 
        "long_term_average": 221835, 
        "date": "2014-06-30", 
        "operating_revenue": 235648, 
        "short_term_average": 228345
    }, 
    {
        "accumulated_operating_revenue_yoy": 1.9552850314501813, 
        "accumulated_operating_revenue": 1550068, 
        "long_term_average": 223305, 
        "date": "2014-07-31", 
        "operating_revenue": 225012, 
        "short_term_average": 228556
    }, 
    {
        "accumulated_operating_revenue_yoy": 1.7284082637957026, 
        "accumulated_operating_revenue": 1769409, 
        "long_term_average": 223333, 
        "date": "2014-08-31", 
        "operating_revenue": 219341, 
        "short_term_average": 226667
    }, 
    {
        "accumulated_operating_revenue_yoy": 2.322221170499344, 
        "accumulated_operating_revenue": 1999852, 
        "long_term_average": 224610, 
        "date": "2014-09-30", 
        "operating_revenue": 230443, 
        "short_term_average": 224932
    }, 
    {
        "accumulated_operating_revenue_yoy": 1.960906849342765, 
        "accumulated_operating_revenue": 2218912, 
        "long_term_average": 224384, 
        "date": "2014-10-31", 
        "operating_revenue": 219060, 
        "short_term_average": 222948
    }, 
    {
        "accumulated_operating_revenue_yoy": 1.5756186137482915, 
        "accumulated_operating_revenue": 2429444, 
        "long_term_average": 223968, 
        "date": "2014-11-30", 
        "operating_revenue": 210532, 
        "short_term_average": 220011
    }, 
    {
        "accumulated_operating_revenue_yoy": 1.5811684721799255, 
        "accumulated_operating_revenue": 2691839, 
        "long_term_average": 224319, 
        "date": "2014-12-31", 
        "operating_revenue": 262395, 
        "short_term_average": 230662
    }, 
    {
        "accumulated_operating_revenue_yoy": -17.217701774228942, 
        "accumulated_operating_revenue": 196151, 
        "long_term_average": 220920, 
        "date": "2015-01-31", 
        "operating_revenue": 196151, 
        "short_term_average": 223026
    }, 
    {
        "accumulated_operating_revenue_yoy": -2.9722043189806575, 
        "accumulated_operating_revenue": 404962, 
        "long_term_average": 223286, 
        "date": "2015-02-28", 
        "operating_revenue": 208811, 
        "short_term_average": 222452
    }, 
    {
        "accumulated_operating_revenue_yoy": -1.6644792350239055, 
        "accumulated_operating_revenue": 629367, 
        "long_term_average": 223432, 
        "date": "2015-03-31", 
        "operating_revenue": 224405, 
        "short_term_average": 209789
    }, 
    {
        "accumulated_operating_revenue_yoy": -1.1276029615918555, 
        "accumulated_operating_revenue": 854653, 
        "long_term_average": 223507, 
        "date": "2015-04-30", 
        "operating_revenue": 225286, 
        "short_term_average": 219500
    }, 
    {
        "accumulated_operating_revenue_yoy": -1.8112589589942427, 
        "accumulated_operating_revenue": 1069676, 
        "long_term_average": 222675, 
        "date": "2015-05-31", 
        "operating_revenue": 215023, 
        "short_term_average": 221571
    }, 
    {
        "accumulated_operating_revenue_yoy": -0.5011108964451314, 
        "accumulated_operating_revenue": 1318416, 
        "long_term_average": 223766, 
        "date": "2015-06-30", 
        "operating_revenue": 248740, 
        "short_term_average": 229683
    }, 
    {
        "accumulated_operating_revenue_yoy": -0.6459716605981156, 
        "accumulated_operating_revenue": 1540055, 
        "long_term_average": 223485, 
        "date": "2015-07-31", 
        "operating_revenue": 221639, 
        "short_term_average": 228467
    }, 
    {
        "accumulated_operating_revenue_yoy": -0.5243558724975401, 
        "accumulated_operating_revenue": 1760131, 
        "long_term_average": 223546, 
        "date": "2015-08-31", 
        "operating_revenue": 220076, 
        "short_term_average": 230151
    }, 
    {
        "accumulated_operating_revenue_yoy": -0.27942067713010765, 
        "accumulated_operating_revenue": 1994264, 
        "long_term_average": 223854, 
        "date": "2015-09-30", 
        "operating_revenue": 234133, 
        "short_term_average": 225282
    }
]