[
    {
        "date": "2012-01-31", 
        "operating_revenue": 260463, 
        "accumulated_operating_revenue": 260463, 
        "long_term_average": 260463, 
        "short_term_average": 260463
    }, 
    {
        "date": "2012-02-29", 
        "operating_revenue": 241504, 
        "accumulated_operating_revenue": 501967, 
        "long_term_average": 250983, 
        "short_term_average": 250983
    }, 
    {
        "date": "2012-03-31", 
        "operating_revenue": 469310, 
        "accumulated_operating_revenue": 971277, 
        "long_term_average": 323759, 
        "short_term_average": 323759
    }, 
    {
        "date": "2012-04-30", 
        "operating_revenue": 252611, 
        "accumulated_operating_revenue": 1223888, 
        "long_term_average": 305972, 
        "short_term_average": 321141
    }, 
    {
        "date": "2012-05-31", 
        "operating_revenue": 349393, 
        "accumulated_operating_revenue": 1573281, 
        "long_term_average": 314656, 
        "short_term_average": 357104
    }, 
    {
        "date": "2012-06-30", 
        "operating_revenue": 310799, 
        "accumulated_operating_revenue": 1884080, 
        "long_term_average": 314013, 
        "short_term_average": 304267
    }, 
    {
        "date": "2012-07-31", 
        "operating_revenue": 441208, 
        "accumulated_operating_revenue": 2325288, 
        "long_term_average": 332184, 
        "short_term_average": 367133
    }, 
    {
        "date": "2012-08-31", 
        "operating_revenue": 433862, 
        "accumulated_operating_revenue": 2759150, 
        "long_term_average": 344893, 
        "short_term_average": 395289
    }, 
    {
        "date": "2012-09-30", 
        "operating_revenue": 409034, 
        "accumulated_operating_revenue": 3168184, 
        "long_term_average": 352020, 
        "short_term_average": 428034
    }, 
    {
        "date": "2012-10-31", 
        "operating_revenue": 360947, 
        "accumulated_operating_revenue": 3529131, 
        "long_term_average": 352913, 
        "short_term_average": 401281
    }, 
    {
        "date": "2012-11-30", 
        "operating_revenue": 513815, 
        "accumulated_operating_revenue": 4042946, 
        "long_term_average": 367540, 
        "short_term_average": 427932
    }, 
    {
        "date": "2012-12-31", 
        "operating_revenue": 529563, 
        "accumulated_operating_revenue": 4572509, 
        "long_term_average": 381042, 
        "short_term_average": 468108
    }, 
    {
        "accumulated_operating_revenue_yoy": 37.02022936079213, 
        "accumulated_operating_revenue": 356887, 
        "long_term_average": 389077, 
        "date": "2013-01-31", 
        "operating_revenue": 356887, 
        "short_term_average": 466755
    }, 
    {
        "accumulated_operating_revenue_yoy": 31.541316461042264, 
        "accumulated_operating_revenue": 660294, 
        "long_term_average": 394236, 
        "date": "2013-02-28", 
        "operating_revenue": 303407, 
        "short_term_average": 396619
    }, 
    {
        "accumulated_operating_revenue_yoy": 22.06775204189948, 
        "accumulated_operating_revenue": 1185616, 
        "long_term_average": 398904, 
        "date": "2013-03-31", 
        "operating_revenue": 525322, 
        "short_term_average": 395205
    }, 
    {
        "accumulated_operating_revenue_yoy": 27.83694259605454, 
        "accumulated_operating_revenue": 1564581, 
        "long_term_average": 409433, 
        "date": "2013-04-30", 
        "operating_revenue": 378965, 
        "short_term_average": 402564
    }, 
    {
        "accumulated_operating_revenue_yoy": 32.62932686532158, 
        "accumulated_operating_revenue": 2086632, 
        "long_term_average": 423821, 
        "date": "2013-05-31", 
        "operating_revenue": 522051, 
        "short_term_average": 475446
    }, 
    {
        "accumulated_operating_revenue_yoy": 33.9718589444185, 
        "accumulated_operating_revenue": 2524137, 
        "long_term_average": 434380, 
        "date": "2013-06-30", 
        "operating_revenue": 437505, 
        "short_term_average": 446173
    }, 
    {
        "accumulated_operating_revenue_yoy": 28.973658316733243, 
        "accumulated_operating_revenue": 2999009, 
        "long_term_average": 437185, 
        "date": "2013-07-31", 
        "operating_revenue": 474872, 
        "short_term_average": 478142
    }, 
    {
        "accumulated_operating_revenue_yoy": 23.436928039432434, 
        "accumulated_operating_revenue": 3405810, 
        "long_term_average": 434930, 
        "date": "2013-08-31", 
        "operating_revenue": 406801, 
        "short_term_average": 439726
    }, 
    {
        "accumulated_operating_revenue_yoy": 18.804147738893953, 
        "accumulated_operating_revenue": 3763934, 
        "long_term_average": 430688, 
        "date": "2013-09-30", 
        "operating_revenue": 358124, 
        "short_term_average": 413265
    }, 
    {
        "accumulated_operating_revenue_yoy": 16.093310222828226, 
        "accumulated_operating_revenue": 4097085, 
        "long_term_average": 428371, 
        "date": "2013-10-31", 
        "operating_revenue": 333151, 
        "short_term_average": 366025
    }, 
    {
        "accumulated_operating_revenue_yoy": 9.872207049018215, 
        "accumulated_operating_revenue": 4442074, 
        "long_term_average": 414303, 
        "date": "2013-11-30", 
        "operating_revenue": 344989, 
        "short_term_average": 345421
    }, 
    {
        "accumulated_operating_revenue_yoy": 11.291109541829224, 
        "accumulated_operating_revenue": 5088796, 
        "long_term_average": 424066, 
        "date": "2013-12-31", 
        "operating_revenue": 646722, 
        "short_term_average": 441620
    }, 
    {
        "accumulated_operating_revenue_yoy": 33.53358345919016, 
        "accumulated_operating_revenue": 476564, 
        "long_term_average": 434039, 
        "date": "2014-01-31", 
        "operating_revenue": 476564, 
        "short_term_average": 489425
    }, 
    {
        "accumulated_operating_revenue_yoy": 20.892057174531345, 
        "accumulated_operating_revenue": 798243, 
        "long_term_average": 435562, 
        "date": "2014-02-28", 
        "operating_revenue": 321679, 
        "short_term_average": 481655
    }, 
    {
        "accumulated_operating_revenue_yoy": -7.453593743674175, 
        "accumulated_operating_revenue": 1097245, 
        "long_term_average": 416702, 
        "date": "2014-03-31", 
        "operating_revenue": 299002, 
        "short_term_average": 365748
    }, 
    {
        "accumulated_operating_revenue_yoy": -3.7496300926573953, 
        "accumulated_operating_revenue": 1505915, 
        "long_term_average": 419177, 
        "date": "2014-04-30", 
        "operating_revenue": 408670, 
        "short_term_average": 343117
    }, 
    {
        "accumulated_operating_revenue_yoy": -8.337215186961574, 
        "accumulated_operating_revenue": 1912665, 
        "long_term_average": 409569, 
        "date": "2014-05-31", 
        "operating_revenue": 406750, 
        "short_term_average": 371474
    }, 
    {
        "accumulated_operating_revenue_yoy": -11.056729488137925, 
        "accumulated_operating_revenue": 2245050, 
        "long_term_average": 400809, 
        "date": "2014-06-30", 
        "operating_revenue": 332385, 
        "short_term_average": 382601
    }, 
    {
        "accumulated_operating_revenue_yoy": -16.592280983484876, 
        "accumulated_operating_revenue": 2501405, 
        "long_term_average": 382599, 
        "date": "2014-07-31", 
        "operating_revenue": 256355, 
        "short_term_average": 331830
    }, 
    {
        "accumulated_operating_revenue_yoy": -16.890137735223046, 
        "accumulated_operating_revenue": 2830564, 
        "long_term_average": 376129, 
        "date": "2014-08-31", 
        "operating_revenue": 329159, 
        "short_term_average": 305966
    }, 
    {
        "accumulated_operating_revenue_yoy": -13.719847372456584, 
        "accumulated_operating_revenue": 3247528, 
        "long_term_average": 381032, 
        "date": "2014-09-30", 
        "operating_revenue": 416964, 
        "short_term_average": 334159
    }, 
    {
        "accumulated_operating_revenue_yoy": -12.369843437468345, 
        "accumulated_operating_revenue": 3590282, 
        "long_term_average": 381832, 
        "date": "2014-10-31", 
        "operating_revenue": 342754, 
        "short_term_average": 362959
    }, 
    {
        "accumulated_operating_revenue_yoy": -13.26524501843058, 
        "accumulated_operating_revenue": 3852822, 
        "long_term_average": 374962, 
        "date": "2014-11-30", 
        "operating_revenue": 262540, 
        "short_term_average": 340752
    }, 
    {
        "accumulated_operating_revenue_yoy": -19.473211345080447, 
        "accumulated_operating_revenue": 4097844, 
        "long_term_average": 341487, 
        "date": "2014-12-31", 
        "operating_revenue": 245022, 
        "short_term_average": 283438
    }, 
    {
        "accumulated_operating_revenue_yoy": -32.50895997179812, 
        "accumulated_operating_revenue": 321638, 
        "long_term_average": 328576, 
        "date": "2015-01-31", 
        "operating_revenue": 321638, 
        "short_term_average": 276400
    }, 
    {
        "accumulated_operating_revenue_yoy": -20.59372897726632, 
        "accumulated_operating_revenue": 633855, 
        "long_term_average": 327788, 
        "date": "2015-02-28", 
        "operating_revenue": 312217, 
        "short_term_average": 292959
    }, 
    {
        "accumulated_operating_revenue_yoy": -10.771249812029218, 
        "accumulated_operating_revenue": 979058, 
        "long_term_average": 331638, 
        "date": "2015-03-31", 
        "operating_revenue": 345203, 
        "short_term_average": 326352
    }, 
    {
        "accumulated_operating_revenue_yoy": -13.109040018858966, 
        "accumulated_operating_revenue": 1308504, 
        "long_term_average": 325036, 
        "date": "2015-04-30", 
        "operating_revenue": 329446, 
        "short_term_average": 328955
    }, 
    {
        "accumulated_operating_revenue_yoy": -16.101199112233456, 
        "accumulated_operating_revenue": 1604703, 
        "long_term_average": 315823, 
        "date": "2015-05-31", 
        "operating_revenue": 296199, 
        "short_term_average": 323616
    }, 
    {
        "accumulated_operating_revenue_yoy": -13.49181532705285, 
        "accumulated_operating_revenue": 1942152, 
        "long_term_average": 316245, 
        "date": "2015-06-30", 
        "operating_revenue": 337449, 
        "short_term_average": 321031
    }, 
    {
        "accumulated_operating_revenue_yoy": -9.078657794319591, 
        "accumulated_operating_revenue": 2274311, 
        "long_term_average": 322562, 
        "date": "2015-07-31", 
        "operating_revenue": 332159, 
        "short_term_average": 321935
    }, 
    {
        "accumulated_operating_revenue_yoy": -8.657037961339153, 
        "accumulated_operating_revenue": 2585521, 
        "long_term_average": 321066, 
        "date": "2015-08-31", 
        "operating_revenue": 311210, 
        "short_term_average": 326939
    }, 
    {
        "accumulated_operating_revenue_yoy": -9.928413242318465, 
        "accumulated_operating_revenue": 2925100, 
        "long_term_average": 314618, 
        "date": "2015-09-30", 
        "operating_revenue": 339579, 
        "short_term_average": 327649
    }
]