[
    {
        "date": "2012-01-31", 
        "operating_revenue": 33950, 
        "accumulated_operating_revenue": 33950, 
        "long_term_average": 33950, 
        "short_term_average": 33950
    }, 
    {
        "date": "2012-02-29", 
        "operating_revenue": 33217, 
        "accumulated_operating_revenue": 67167, 
        "long_term_average": 33583, 
        "short_term_average": 33583
    }, 
    {
        "date": "2012-03-31", 
        "operating_revenue": 34918, 
        "accumulated_operating_revenue": 102085, 
        "long_term_average": 34028, 
        "short_term_average": 34028
    }, 
    {
        "date": "2012-04-30", 
        "operating_revenue": 35106, 
        "accumulated_operating_revenue": 137191, 
        "long_term_average": 34297, 
        "short_term_average": 34413
    }, 
    {
        "date": "2012-05-31", 
        "operating_revenue": 43202, 
        "accumulated_operating_revenue": 180393, 
        "long_term_average": 36078, 
        "short_term_average": 37742
    }, 
    {
        "date": "2012-06-30", 
        "operating_revenue": 37009, 
        "accumulated_operating_revenue": 217402, 
        "long_term_average": 36233, 
        "short_term_average": 38439
    }, 
    {
        "date": "2012-07-31", 
        "operating_revenue": 51711, 
        "accumulated_operating_revenue": 269113, 
        "long_term_average": 38444, 
        "short_term_average": 43974
    }, 
    {
        "date": "2012-08-31", 
        "operating_revenue": 53986, 
        "accumulated_operating_revenue": 323099, 
        "long_term_average": 40387, 
        "short_term_average": 47568
    }, 
    {
        "date": "2012-09-30", 
        "operating_revenue": 45103, 
        "accumulated_operating_revenue": 368202, 
        "long_term_average": 40911, 
        "short_term_average": 50266
    }, 
    {
        "date": "2012-10-31", 
        "operating_revenue": 38187, 
        "accumulated_operating_revenue": 406389, 
        "long_term_average": 40638, 
        "short_term_average": 45758
    }, 
    {
        "date": "2012-11-30", 
        "operating_revenue": 39919, 
        "accumulated_operating_revenue": 446308, 
        "long_term_average": 40573, 
        "short_term_average": 41069
    }, 
    {
        "date": "2012-12-31", 
        "operating_revenue": 56846, 
        "accumulated_operating_revenue": 503154, 
        "long_term_average": 41929, 
        "short_term_average": 44984
    }, 
    {
        "accumulated_operating_revenue_yoy": 37.51693667157585, 
        "accumulated_operating_revenue": 46687, 
        "long_term_average": 42990, 
        "date": "2013-01-31", 
        "operating_revenue": 46687, 
        "short_term_average": 47817
    }, 
    {
        "accumulated_operating_revenue_yoy": 69.6562299938958, 
        "accumulated_operating_revenue": 113953, 
        "long_term_average": 45828, 
        "date": "2013-02-28", 
        "operating_revenue": 67266, 
        "short_term_average": 56933
    }, 
    {
        "accumulated_operating_revenue_yoy": 56.51564872410246, 
        "accumulated_operating_revenue": 159779, 
        "long_term_average": 46737, 
        "date": "2013-03-31", 
        "operating_revenue": 45826, 
        "short_term_average": 53259
    }, 
    {
        "accumulated_operating_revenue_yoy": 46.01759590643701, 
        "accumulated_operating_revenue": 200323, 
        "long_term_average": 47190, 
        "date": "2013-04-30", 
        "operating_revenue": 40544, 
        "short_term_average": 51212
    }, 
    {
        "accumulated_operating_revenue_yoy": 32.61046714672964, 
        "accumulated_operating_revenue": 239220, 
        "long_term_average": 46831, 
        "date": "2013-05-31", 
        "operating_revenue": 38897, 
        "short_term_average": 41755
    }, 
    {
        "accumulated_operating_revenue_yoy": 34.22323621677813, 
        "accumulated_operating_revenue": 291804, 
        "long_term_average": 48129, 
        "date": "2013-06-30", 
        "operating_revenue": 52584, 
        "short_term_average": 44008
    }, 
    {
        "accumulated_operating_revenue_yoy": 23.99995540906608, 
        "accumulated_operating_revenue": 333700, 
        "long_term_average": 47311, 
        "date": "2013-07-31", 
        "operating_revenue": 41896, 
        "short_term_average": 44459
    }, 
    {
        "accumulated_operating_revenue_yoy": 20.68468178483994, 
        "accumulated_operating_revenue": 389931, 
        "long_term_average": 47498, 
        "date": "2013-08-31", 
        "operating_revenue": 56231, 
        "short_term_average": 50237
    }, 
    {
        "accumulated_operating_revenue_yoy": 20.924112307917937, 
        "accumulated_operating_revenue": 445245, 
        "long_term_average": 48349, 
        "date": "2013-09-30", 
        "operating_revenue": 55314, 
        "short_term_average": 51147
    }, 
    {
        "accumulated_operating_revenue_yoy": 23.50777210997345, 
        "accumulated_operating_revenue": 501922, 
        "long_term_average": 49890, 
        "date": "2013-10-31", 
        "operating_revenue": 56677, 
        "short_term_average": 56074
    }, 
    {
        "accumulated_operating_revenue_yoy": 29.60690823377578, 
        "accumulated_operating_revenue": 578446, 
        "long_term_average": 52941, 
        "date": "2013-11-30", 
        "operating_revenue": 76524, 
        "short_term_average": 62838
    }, 
    {
        "accumulated_operating_revenue_yoy": 31.06583670208326, 
        "accumulated_operating_revenue": 659463, 
        "long_term_average": 54955, 
        "date": "2013-12-31", 
        "operating_revenue": 81017, 
        "short_term_average": 71406
    }, 
    {
        "accumulated_operating_revenue_yoy": 5.007818022147493, 
        "accumulated_operating_revenue": 49025, 
        "long_term_average": 55150, 
        "date": "2014-01-31", 
        "operating_revenue": 49025, 
        "short_term_average": 68855
    }, 
    {
        "accumulated_operating_revenue_yoy": -24.640860705729555, 
        "accumulated_operating_revenue": 85874, 
        "long_term_average": 52615, 
        "date": "2014-02-28", 
        "operating_revenue": 36849, 
        "short_term_average": 55630
    }, 
    {
        "accumulated_operating_revenue_yoy": -19.877455735734983, 
        "accumulated_operating_revenue": 128019, 
        "long_term_average": 52308, 
        "date": "2014-03-31", 
        "operating_revenue": 42145, 
        "short_term_average": 42673
    }, 
    {
        "accumulated_operating_revenue_yoy": -10.273907639162752, 
        "accumulated_operating_revenue": 179742, 
        "long_term_average": 53240, 
        "date": "2014-04-30", 
        "operating_revenue": 51723, 
        "short_term_average": 43572
    }, 
    {
        "accumulated_operating_revenue_yoy": -3.703285678454979, 
        "accumulated_operating_revenue": 230361, 
        "long_term_average": 54217, 
        "date": "2014-05-31", 
        "operating_revenue": 50619, 
        "short_term_average": 48162
    }, 
    {
        "accumulated_operating_revenue_yoy": -6.901550355718222, 
        "accumulated_operating_revenue": 271665, 
        "long_term_average": 53277, 
        "date": "2014-06-30", 
        "operating_revenue": 41304, 
        "short_term_average": 47882
    }, 
    {
        "accumulated_operating_revenue_yoy": -3.610728198981121, 
        "accumulated_operating_revenue": 321651, 
        "long_term_average": 53951, 
        "date": "2014-07-31", 
        "operating_revenue": 49986, 
        "short_term_average": 47303
    }, 
    {
        "accumulated_operating_revenue_yoy": 40.48844539162057, 
        "accumulated_operating_revenue": 547808, 
        "long_term_average": 68111, 
        "date": "2014-08-31", 
        "operating_revenue": 226157, 
        "short_term_average": 105815
    }, 
    {
        "accumulated_operating_revenue_yoy": 65.24228233893699, 
        "accumulated_operating_revenue": 735733, 
        "long_term_average": 79162, 
        "date": "2014-09-30", 
        "operating_revenue": 187925, 
        "short_term_average": 154689
    }, 
    {
        "accumulated_operating_revenue_yoy": 83.34681484374066, 
        "accumulated_operating_revenue": 920258, 
        "long_term_average": 89816, 
        "date": "2014-10-31", 
        "operating_revenue": 184525, 
        "short_term_average": 199535
    }, 
    {
        "accumulated_operating_revenue_yoy": 93.99546370793472, 
        "accumulated_operating_revenue": 1122159, 
        "long_term_average": 100264, 
        "date": "2014-11-30", 
        "operating_revenue": 201901, 
        "short_term_average": 191450
    }, 
    {
        "accumulated_operating_revenue_yoy": 112.64255917314543, 
        "accumulated_operating_revenue": 1402299, 
        "long_term_average": 116858, 
        "date": "2014-12-31", 
        "operating_revenue": 280140, 
        "short_term_average": 222188
    }, 
    {
        "accumulated_operating_revenue_yoy": 786.3518612952575, 
        "accumulated_operating_revenue": 434534, 
        "long_term_average": 148984, 
        "date": "2015-01-31", 
        "operating_revenue": 434534, 
        "short_term_average": 305525
    }, 
    {
        "accumulated_operating_revenue_yoy": 908.7907865011529, 
        "accumulated_operating_revenue": 866289, 
        "long_term_average": 181892, 
        "date": "2015-02-28", 
        "operating_revenue": 431755, 
        "short_term_average": 382143
    }, 
    {
        "accumulated_operating_revenue_yoy": 911.6037463189057, 
        "accumulated_operating_revenue": 1295045, 
        "long_term_average": 214110, 
        "date": "2015-03-31", 
        "operating_revenue": 428756, 
        "short_term_average": 431681
    }, 
    {
        "accumulated_operating_revenue_yoy": 869.6470496600684, 
        "accumulated_operating_revenue": 1742863, 
        "long_term_average": 247118, 
        "date": "2015-04-30", 
        "operating_revenue": 447818, 
        "short_term_average": 436109
    }, 
    {
        "accumulated_operating_revenue_yoy": 843.5512087549542, 
        "accumulated_operating_revenue": 2173574, 
        "long_term_average": 278792, 
        "date": "2015-05-31", 
        "operating_revenue": 430711, 
        "short_term_average": 435761
    }, 
    {
        "accumulated_operating_revenue_yoy": 863.6140099019012, 
        "accumulated_operating_revenue": 2617802, 
        "long_term_average": 312369, 
        "date": "2015-06-30", 
        "operating_revenue": 444228, 
        "short_term_average": 440919
    }, 
    {
        "accumulated_operating_revenue_yoy": 878.9797016020468, 
        "accumulated_operating_revenue": 3148898, 
        "long_term_average": 352462, 
        "date": "2015-07-31", 
        "operating_revenue": 531096, 
        "short_term_average": 468678
    }, 
    {
        "accumulated_operating_revenue_yoy": 554.6731701618085, 
        "accumulated_operating_revenue": 3586352, 
        "long_term_average": 370070, 
        "date": "2015-08-31", 
        "operating_revenue": 437454, 
        "short_term_average": 470926
    }
]