[
    {
        "date": "2011-09-30", 
        "operating_revenue": 3932, 
        "accumulated_operating_revenue": 3932, 
        "long_term_average": 3932, 
        "short_term_average": 3932
    }, 
    {
        "date": "2011-10-31", 
        "operating_revenue": 3914, 
        "accumulated_operating_revenue": 7846, 
        "long_term_average": 3923, 
        "short_term_average": 3923
    }, 
    {
        "date": "2011-11-30", 
        "operating_revenue": 4613, 
        "accumulated_operating_revenue": 12459, 
        "long_term_average": 4153, 
        "short_term_average": 4153
    }, 
    {
        "date": "2011-12-31", 
        "operating_revenue": 8129, 
        "accumulated_operating_revenue": 20588, 
        "long_term_average": 5147, 
        "short_term_average": 5552
    }, 
    {
        "date": "2012-01-31", 
        "operating_revenue": 6731, 
        "accumulated_operating_revenue": 6731, 
        "long_term_average": 5463, 
        "short_term_average": 6491
    }, 
    {
        "date": "2012-02-29", 
        "operating_revenue": 7109, 
        "accumulated_operating_revenue": 13840, 
        "long_term_average": 5738, 
        "short_term_average": 7323
    }, 
    {
        "date": "2012-03-31", 
        "operating_revenue": 10177, 
        "accumulated_operating_revenue": 24017, 
        "long_term_average": 6372, 
        "short_term_average": 8005
    }, 
    {
        "date": "2012-04-30", 
        "operating_revenue": 8861, 
        "accumulated_operating_revenue": 32878, 
        "long_term_average": 6683, 
        "short_term_average": 8715
    }, 
    {
        "date": "2012-05-31", 
        "operating_revenue": 7528, 
        "accumulated_operating_revenue": 40406, 
        "long_term_average": 6777, 
        "short_term_average": 8855
    }, 
    {
        "date": "2012-06-30", 
        "operating_revenue": 6172, 
        "accumulated_operating_revenue": 46578, 
        "long_term_average": 6716, 
        "short_term_average": 7520
    }, 
    {
        "date": "2012-07-31", 
        "operating_revenue": 7103, 
        "accumulated_operating_revenue": 53681, 
        "long_term_average": 6751, 
        "short_term_average": 6934
    }, 
    {
        "date": "2012-08-31", 
        "operating_revenue": 4976, 
        "accumulated_operating_revenue": 58657, 
        "long_term_average": 6603, 
        "short_term_average": 6083
    }, 
    {
        "accumulated_operating_revenue_yoy": 1568.8708036622584, 
        "accumulated_operating_revenue": 65620, 
        "long_term_average": 6856, 
        "date": "2012-09-30", 
        "operating_revenue": 6963, 
        "short_term_average": 6347
    }, 
    {
        "accumulated_operating_revenue_yoy": 822.8396635228142, 
        "accumulated_operating_revenue": 72406, 
        "long_term_average": 7095, 
        "date": "2012-10-31", 
        "operating_revenue": 6786, 
        "short_term_average": 6241
    }, 
    {
        "accumulated_operating_revenue_yoy": 556.7782326029376, 
        "accumulated_operating_revenue": 81828, 
        "long_term_average": 7496, 
        "date": "2012-11-30", 
        "operating_revenue": 9422, 
        "short_term_average": 7723
    }, 
    {
        "accumulated_operating_revenue_yoy": 359.52010880124345, 
        "accumulated_operating_revenue": 94606, 
        "long_term_average": 7883, 
        "date": "2012-12-31", 
        "operating_revenue": 12778, 
        "short_term_average": 9662
    }, 
    {
        "accumulated_operating_revenue_yoy": 33.73941464864062, 
        "accumulated_operating_revenue": 9002, 
        "long_term_average": 8073, 
        "date": "2013-01-31", 
        "operating_revenue": 9002, 
        "short_term_average": 10400
    }, 
    {
        "accumulated_operating_revenue_yoy": 6.654624277456647, 
        "accumulated_operating_revenue": 14761, 
        "long_term_average": 7960, 
        "date": "2013-02-28", 
        "operating_revenue": 5759, 
        "short_term_average": 9179
    }, 
    {
        "accumulated_operating_revenue_yoy": -10.226089853020778, 
        "accumulated_operating_revenue": 21561, 
        "long_term_average": 7679, 
        "date": "2013-03-31", 
        "operating_revenue": 6800, 
        "short_term_average": 7187
    }, 
    {
        "accumulated_operating_revenue_yoy": -10.736662814039784, 
        "accumulated_operating_revenue": 29348, 
        "long_term_average": 7589, 
        "date": "2013-04-30", 
        "operating_revenue": 7787, 
        "short_term_average": 6782
    }, 
    {
        "accumulated_operating_revenue_yoy": 4.467158342820373, 
        "accumulated_operating_revenue": 42211, 
        "long_term_average": 8034, 
        "date": "2013-05-31", 
        "operating_revenue": 12863, 
        "short_term_average": 9150
    }, 
    {
        "accumulated_operating_revenue_yoy": 9.160977285413715, 
        "accumulated_operating_revenue": 50845, 
        "long_term_average": 8239, 
        "date": "2013-06-30", 
        "operating_revenue": 8634, 
        "short_term_average": 9761
    }, 
    {
        "accumulated_operating_revenue_yoy": 18.82602783107617, 
        "accumulated_operating_revenue": 63787, 
        "long_term_average": 8726, 
        "date": "2013-07-31", 
        "operating_revenue": 12942, 
        "short_term_average": 11479
    }, 
    {
        "accumulated_operating_revenue_yoy": 20.68124861482858, 
        "accumulated_operating_revenue": 70788, 
        "long_term_average": 8894, 
        "date": "2013-08-31", 
        "operating_revenue": 7001, 
        "short_term_average": 9525
    }, 
    {
        "accumulated_operating_revenue_yoy": 20.368790003047852, 
        "accumulated_operating_revenue": 78986, 
        "long_term_average": 8997, 
        "date": "2013-09-30", 
        "operating_revenue": 8198, 
        "short_term_average": 9380
    }, 
    {
        "accumulated_operating_revenue_yoy": 20.525923266027675, 
        "accumulated_operating_revenue": 87268, 
        "long_term_average": 9122, 
        "date": "2013-10-31", 
        "operating_revenue": 8282, 
        "short_term_average": 7827
    }, 
    {
        "accumulated_operating_revenue_yoy": 16.8915285721269, 
        "accumulated_operating_revenue": 95650, 
        "long_term_average": 9035, 
        "date": "2013-11-30", 
        "operating_revenue": 8382, 
        "short_term_average": 8287
    }, 
    {
        "accumulated_operating_revenue_yoy": 5.98904932033909, 
        "accumulated_operating_revenue": 100272, 
        "long_term_average": 8356, 
        "date": "2013-12-31", 
        "operating_revenue": 4622, 
        "short_term_average": 7095
    }, 
    {
        "accumulated_operating_revenue_yoy": 14.23017107309487, 
        "accumulated_operating_revenue": 10283, 
        "long_term_average": 8462, 
        "date": "2014-01-31", 
        "operating_revenue": 10283, 
        "short_term_average": 7762
    }, 
    {
        "accumulated_operating_revenue_yoy": -3.773457082853465, 
        "accumulated_operating_revenue": 14204, 
        "long_term_average": 8309, 
        "date": "2014-02-28", 
        "operating_revenue": 3921, 
        "short_term_average": 6275
    }, 
    {
        "accumulated_operating_revenue_yoy": -18.283010992069013, 
        "accumulated_operating_revenue": 17619, 
        "long_term_average": 8027, 
        "date": "2014-03-31", 
        "operating_revenue": 3415, 
        "short_term_average": 5873
    }, 
    {
        "accumulated_operating_revenue_yoy": -15.455908409431649, 
        "accumulated_operating_revenue": 24812, 
        "long_term_average": 7978, 
        "date": "2014-04-30", 
        "operating_revenue": 7193, 
        "short_term_average": 4843
    }, 
    {
        "accumulated_operating_revenue_yoy": -29.480467176802254, 
        "accumulated_operating_revenue": 29767, 
        "long_term_average": 7319, 
        "date": "2014-05-31", 
        "operating_revenue": 4955, 
        "short_term_average": 5187
    }, 
    {
        "accumulated_operating_revenue_yoy": -29.768905497099023, 
        "accumulated_operating_revenue": 35709, 
        "long_term_average": 7094, 
        "date": "2014-06-30", 
        "operating_revenue": 5942, 
        "short_term_average": 6030
    }, 
    {
        "accumulated_operating_revenue_yoy": -31.454685123928073, 
        "accumulated_operating_revenue": 43723, 
        "long_term_average": 6684, 
        "date": "2014-07-31", 
        "operating_revenue": 8014, 
        "short_term_average": 6303
    }, 
    {
        "accumulated_operating_revenue_yoy": -35.08080465615641, 
        "accumulated_operating_revenue": 45955, 
        "long_term_average": 6286, 
        "date": "2014-08-31", 
        "operating_revenue": 2232, 
        "short_term_average": 5396
    }, 
    {
        "accumulated_operating_revenue_yoy": -7.654521054364065, 
        "accumulated_operating_revenue": 72940, 
        "long_term_average": 7852, 
        "date": "2014-09-30", 
        "operating_revenue": 26985, 
        "short_term_average": 12410
    }, 
    {
        "accumulated_operating_revenue_yoy": 11.845120777375442, 
        "accumulated_operating_revenue": 97605, 
        "long_term_average": 9217, 
        "date": "2014-10-31", 
        "operating_revenue": 24665, 
        "short_term_average": 17960
    }, 
    {
        "accumulated_operating_revenue_yoy": 64.79351803450079, 
        "accumulated_operating_revenue": 157625, 
        "long_term_average": 13520, 
        "date": "2014-11-30", 
        "operating_revenue": 60020, 
        "short_term_average": 37223
    }, 
    {
        "accumulated_operating_revenue_yoy": 124.33181745651827, 
        "accumulated_operating_revenue": 224942, 
        "long_term_average": 18745, 
        "date": "2014-12-31", 
        "operating_revenue": 67317, 
        "short_term_average": 50667
    }, 
    {
        "accumulated_operating_revenue_yoy": 439.4340173101235, 
        "accumulated_operating_revenue": 55470, 
        "long_term_average": 22510, 
        "date": "2015-01-31", 
        "operating_revenue": 55470, 
        "short_term_average": 60935
    }, 
    {
        "accumulated_operating_revenue_yoy": 440.4815544916925, 
        "accumulated_operating_revenue": 76770, 
        "long_term_average": 23959, 
        "date": "2015-02-28", 
        "operating_revenue": 21300, 
        "short_term_average": 48029
    }, 
    {
        "accumulated_operating_revenue_yoy": 626.6814234633067, 
        "accumulated_operating_revenue": 128034, 
        "long_term_average": 27946, 
        "date": "2015-03-31", 
        "operating_revenue": 51264, 
        "short_term_average": 42678
    }, 
    {
        "accumulated_operating_revenue_yoy": 662.8728034821861, 
        "accumulated_operating_revenue": 189284, 
        "long_term_average": 32451, 
        "date": "2015-04-30", 
        "operating_revenue": 61250, 
        "short_term_average": 44604
    }, 
    {
        "accumulated_operating_revenue_yoy": 630.896630496859, 
        "accumulated_operating_revenue": 217566, 
        "long_term_average": 34395, 
        "date": "2015-05-31", 
        "operating_revenue": 28282, 
        "short_term_average": 46932
    }, 
    {
        "accumulated_operating_revenue_yoy": 729.5359713237559, 
        "accumulated_operating_revenue": 296219, 
        "long_term_average": 40454, 
        "date": "2015-06-30", 
        "operating_revenue": 78653, 
        "short_term_average": 56061
    }, 
    {
        "accumulated_operating_revenue_yoy": 648.1577201930335, 
        "accumulated_operating_revenue": 327117, 
        "long_term_average": 42361, 
        "date": "2015-07-31", 
        "operating_revenue": 30898, 
        "short_term_average": 45944
    }, 
    {
        "accumulated_operating_revenue_yoy": 672.5296485692526, 
        "accumulated_operating_revenue": 355016, 
        "long_term_average": 44500, 
        "date": "2015-08-31", 
        "operating_revenue": 27899, 
        "short_term_average": 45816
    }, 
    {
        "accumulated_operating_revenue_yoy": 414.6298327392377, 
        "accumulated_operating_revenue": 375371, 
        "long_term_average": 43947, 
        "date": "2015-09-30", 
        "operating_revenue": 20355, 
        "short_term_average": 26384
    }
]