[
    {
        "date": "2012-01-31", 
        "operating_revenue": 2673126, 
        "accumulated_operating_revenue": 2673126, 
        "long_term_average": 2673126, 
        "short_term_average": 2673126
    }, 
    {
        "date": "2012-02-29", 
        "operating_revenue": 2087917, 
        "accumulated_operating_revenue": 4761043, 
        "long_term_average": 2380521, 
        "short_term_average": 2380521
    }, 
    {
        "date": "2012-03-31", 
        "operating_revenue": 2957283, 
        "accumulated_operating_revenue": 7718326, 
        "long_term_average": 2572775, 
        "short_term_average": 2572775
    }, 
    {
        "date": "2012-04-30", 
        "operating_revenue": 2936184, 
        "accumulated_operating_revenue": 10654510, 
        "long_term_average": 2663627, 
        "short_term_average": 2660461
    }, 
    {
        "date": "2012-05-31", 
        "operating_revenue": 2965233, 
        "accumulated_operating_revenue": 13619743, 
        "long_term_average": 2723948, 
        "short_term_average": 2952900
    }, 
    {
        "date": "2012-06-30", 
        "operating_revenue": 2657971, 
        "accumulated_operating_revenue": 16277714, 
        "long_term_average": 2712952, 
        "short_term_average": 2853129
    }, 
    {
        "date": "2012-07-31", 
        "operating_revenue": 2608431, 
        "accumulated_operating_revenue": 18886145, 
        "long_term_average": 2698020, 
        "short_term_average": 2743878
    }, 
    {
        "date": "2012-08-31", 
        "operating_revenue": 2753124, 
        "accumulated_operating_revenue": 21639269, 
        "long_term_average": 2704908, 
        "short_term_average": 2673175
    }, 
    {
        "date": "2012-09-30", 
        "operating_revenue": 2905256, 
        "accumulated_operating_revenue": 24544525, 
        "long_term_average": 2727169, 
        "short_term_average": 2755603
    }, 
    {
        "date": "2012-10-31", 
        "operating_revenue": 2850478, 
        "accumulated_operating_revenue": 27395003, 
        "long_term_average": 2739500, 
        "short_term_average": 2836286
    }, 
    {
        "date": "2012-11-30", 
        "operating_revenue": 2628805, 
        "accumulated_operating_revenue": 30023808, 
        "long_term_average": 2729437, 
        "short_term_average": 2794846
    }, 
    {
        "date": "2012-12-31", 
        "operating_revenue": 2594143, 
        "accumulated_operating_revenue": 32617951, 
        "long_term_average": 2718162, 
        "short_term_average": 2691142
    }, 
    {
        "accumulated_operating_revenue_yoy": 7.951215169056752, 
        "accumulated_operating_revenue": 2885672, 
        "long_term_average": 2735874, 
        "date": "2013-01-31", 
        "operating_revenue": 2885672, 
        "short_term_average": 2702873
    }, 
    {
        "accumulated_operating_revenue_yoy": 1.2133265757104061, 
        "accumulated_operating_revenue": 4818810, 
        "long_term_average": 2722976, 
        "date": "2013-02-28", 
        "operating_revenue": 1933138, 
        "short_term_average": 2470984
    }, 
    {
        "accumulated_operating_revenue_yoy": 0.15303836609130012, 
        "accumulated_operating_revenue": 7730138, 
        "long_term_average": 2719146, 
        "date": "2013-03-31", 
        "operating_revenue": 2911328, 
        "short_term_average": 2576712
    }, 
    {
        "accumulated_operating_revenue_yoy": 0.4333282337714264, 
        "accumulated_operating_revenue": 10700679, 
        "long_term_average": 2722010, 
        "date": "2013-04-30", 
        "operating_revenue": 2970541, 
        "short_term_average": 2605002
    }, 
    {
        "accumulated_operating_revenue_yoy": 0.41594764306492427, 
        "accumulated_operating_revenue": 13676394, 
        "long_term_average": 2722883, 
        "date": "2013-05-31", 
        "operating_revenue": 2975715, 
        "short_term_average": 2952528
    }, 
    {
        "accumulated_operating_revenue_yoy": 0.5352778651842636, 
        "accumulated_operating_revenue": 16364845, 
        "long_term_average": 2725423, 
        "date": "2013-06-30", 
        "operating_revenue": 2688451, 
        "short_term_average": 2878235
    }, 
    {
        "accumulated_operating_revenue_yoy": 2.367682764269786, 
        "accumulated_operating_revenue": 19333309, 
        "long_term_average": 2755426, 
        "date": "2013-07-31", 
        "operating_revenue": 2968464, 
        "short_term_average": 2877543
    }, 
    {
        "accumulated_operating_revenue_yoy": 4.906399564606365, 
        "accumulated_operating_revenue": 22700978, 
        "long_term_average": 2806638, 
        "date": "2013-08-31", 
        "operating_revenue": 3367669, 
        "short_term_average": 3008194
    }, 
    {
        "accumulated_operating_revenue_yoy": 6.424675156679545, 
        "accumulated_operating_revenue": 26121431, 
        "long_term_average": 2849571, 
        "date": "2013-09-30", 
        "operating_revenue": 3420453, 
        "short_term_average": 3252195
    }, 
    {
        "accumulated_operating_revenue_yoy": 8.922937515283353, 
        "accumulated_operating_revenue": 29839442, 
        "long_term_average": 2921865, 
        "date": "2013-10-31", 
        "operating_revenue": 3718011, 
        "short_term_average": 3502044
    }, 
    {
        "accumulated_operating_revenue_yoy": 11.55707830265901, 
        "accumulated_operating_revenue": 33493683, 
        "long_term_average": 3007318, 
        "date": "2013-11-30", 
        "operating_revenue": 3654241, 
        "short_term_average": 3597568
    }, 
    {
        "accumulated_operating_revenue_yoy": 13.695437214924997, 
        "accumulated_operating_revenue": 37085122, 
        "long_term_average": 3090426, 
        "date": "2013-12-31", 
        "operating_revenue": 3591439, 
        "short_term_average": 3654563
    }, 
    {
        "accumulated_operating_revenue_yoy": 5.91775503244998, 
        "accumulated_operating_revenue": 3056439, 
        "long_term_average": 3104657, 
        "date": "2014-01-31", 
        "operating_revenue": 3056439, 
        "short_term_average": 3434039
    }, 
    {
        "accumulated_operating_revenue_yoy": 17.573550316364415, 
        "accumulated_operating_revenue": 5665646, 
        "long_term_average": 3160996, 
        "date": "2014-02-28", 
        "operating_revenue": 2609207, 
        "short_term_average": 3085695
    }, 
    {
        "accumulated_operating_revenue_yoy": 18.126558672044407, 
        "accumulated_operating_revenue": 9131346, 
        "long_term_average": 3207194, 
        "date": "2014-03-31", 
        "operating_revenue": 3465700, 
        "short_term_average": 3043782
    }, 
    {
        "accumulated_operating_revenue_yoy": 17.73571564944617, 
        "accumulated_operating_revenue": 12598521, 
        "long_term_average": 3248580, 
        "date": "2014-04-30", 
        "operating_revenue": 3467175, 
        "short_term_average": 3180694
    }, 
    {
        "accumulated_operating_revenue_yoy": 19.733454593367227, 
        "accumulated_operating_revenue": 16375219, 
        "long_term_average": 3315328, 
        "date": "2014-05-31", 
        "operating_revenue": 3776698, 
        "short_term_average": 3569857
    }, 
    {
        "accumulated_operating_revenue_yoy": 22.20971234374661, 
        "accumulated_operating_revenue": 19999430, 
        "long_term_average": 3393308, 
        "date": "2014-06-30", 
        "operating_revenue": 3624211, 
        "short_term_average": 3622694
    }, 
    {
        "accumulated_operating_revenue_yoy": 22.297533236550453, 
        "accumulated_operating_revenue": 23644160, 
        "long_term_average": 3449664, 
        "date": "2014-07-31", 
        "operating_revenue": 3644730, 
        "short_term_average": 3681879
    }, 
    {
        "accumulated_operating_revenue_yoy": 19.899503889215698, 
        "accumulated_operating_revenue": 27218360, 
        "long_term_average": 3466875, 
        "date": "2014-08-31", 
        "operating_revenue": 3574200, 
        "short_term_average": 3614380
    }, 
    {
        "accumulated_operating_revenue_yoy": 18.03003824713891, 
        "accumulated_operating_revenue": 30831135, 
        "long_term_average": 3482902, 
        "date": "2014-09-30", 
        "operating_revenue": 3612775, 
        "short_term_average": 3610568
    }, 
    {
        "accumulated_operating_revenue_yoy": 15.507377785415693, 
        "accumulated_operating_revenue": 34466757, 
        "long_term_average": 3476036, 
        "date": "2014-10-31", 
        "operating_revenue": 3635622, 
        "short_term_average": 3607532
    }, 
    {
        "accumulated_operating_revenue_yoy": 13.397388994217208, 
        "accumulated_operating_revenue": 37980962, 
        "long_term_average": 3464366, 
        "date": "2014-11-30", 
        "operating_revenue": 3514205, 
        "short_term_average": 3587534
    }, 
    {
        "accumulated_operating_revenue_yoy": 12.572079444689436, 
        "accumulated_operating_revenue": 41747493, 
        "long_term_average": 3478957, 
        "date": "2014-12-31", 
        "operating_revenue": 3766531, 
        "short_term_average": 3638786
    }, 
    {
        "accumulated_operating_revenue_yoy": 19.334395353547052, 
        "accumulated_operating_revenue": 3647383, 
        "long_term_average": 3528203, 
        "date": "2015-01-31", 
        "operating_revenue": 3647383, 
        "short_term_average": 3642706
    }, 
    {
        "accumulated_operating_revenue_yoy": -0.3390434206443537, 
        "accumulated_operating_revenue": 5646437, 
        "long_term_average": 3477357, 
        "date": "2015-02-28", 
        "operating_revenue": 1999054, 
        "short_term_average": 3137656
    }, 
    {
        "accumulated_operating_revenue_yoy": -1.0012434092410911, 
        "accumulated_operating_revenue": 9039919, 
        "long_term_average": 3471338, 
        "date": "2015-03-31", 
        "operating_revenue": 3393482, 
        "short_term_average": 3013306
    }, 
    {
        "accumulated_operating_revenue_yoy": -1.0393362839971454, 
        "accumulated_operating_revenue": 12467580, 
        "long_term_average": 3468046, 
        "date": "2015-04-30", 
        "operating_revenue": 3427661, 
        "short_term_average": 2940065
    }, 
    {
        "accumulated_operating_revenue_yoy": -3.576141485497079, 
        "accumulated_operating_revenue": 15789618, 
        "long_term_average": 3430157, 
        "date": "2015-05-31", 
        "operating_revenue": 3322038, 
        "short_term_average": 3381060
    }, 
    {
        "accumulated_operating_revenue_yoy": -4.581445571198779, 
        "accumulated_operating_revenue": 19083167, 
        "long_term_average": 3402602, 
        "date": "2015-06-30", 
        "operating_revenue": 3293549, 
        "short_term_average": 3347749
    }, 
    {
        "accumulated_operating_revenue_yoy": -4.108084194997835, 
        "accumulated_operating_revenue": 22672838, 
        "long_term_average": 3398014, 
        "date": "2015-07-31", 
        "operating_revenue": 3589671, 
        "short_term_average": 3401752
    }, 
    {
        "accumulated_operating_revenue_yoy": -4.024511395984181, 
        "accumulated_operating_revenue": 26122954, 
        "long_term_average": 3387673, 
        "date": "2015-08-31", 
        "operating_revenue": 3450116, 
        "short_term_average": 3444445
    }, 
    {
        "accumulated_operating_revenue_yoy": -3.5970488922966997, 
        "accumulated_operating_revenue": 29722124, 
        "long_term_average": 3386540, 
        "date": "2015-09-30", 
        "operating_revenue": 3599170, 
        "short_term_average": 3546319
    }
]