[
    {
        "date": "2012-01-31", 
        "operating_revenue": 8455, 
        "accumulated_operating_revenue": 8455, 
        "long_term_average": 8455, 
        "short_term_average": 8455
    }, 
    {
        "date": "2012-02-29", 
        "operating_revenue": 6444, 
        "accumulated_operating_revenue": 14899, 
        "long_term_average": 7449, 
        "short_term_average": 7449
    }, 
    {
        "date": "2012-03-31", 
        "operating_revenue": 17422, 
        "accumulated_operating_revenue": 32321, 
        "long_term_average": 10773, 
        "short_term_average": 10773
    }, 
    {
        "date": "2012-04-30", 
        "operating_revenue": 16740, 
        "accumulated_operating_revenue": 49061, 
        "long_term_average": 12265, 
        "short_term_average": 13535
    }, 
    {
        "date": "2012-05-31", 
        "operating_revenue": 11096, 
        "accumulated_operating_revenue": 60157, 
        "long_term_average": 12031, 
        "short_term_average": 15086
    }, 
    {
        "date": "2012-06-30", 
        "operating_revenue": 12897, 
        "accumulated_operating_revenue": 73054, 
        "long_term_average": 12175, 
        "short_term_average": 13577
    }, 
    {
        "date": "2012-07-31", 
        "operating_revenue": 22469, 
        "accumulated_operating_revenue": 95523, 
        "long_term_average": 13646, 
        "short_term_average": 15487
    }, 
    {
        "date": "2012-08-31", 
        "operating_revenue": 13898, 
        "accumulated_operating_revenue": 109421, 
        "long_term_average": 13677, 
        "short_term_average": 16421
    }, 
    {
        "date": "2012-09-30", 
        "operating_revenue": 15666, 
        "accumulated_operating_revenue": 125087, 
        "long_term_average": 13898, 
        "short_term_average": 17344
    }, 
    {
        "date": "2012-10-31", 
        "operating_revenue": 19684, 
        "accumulated_operating_revenue": 144771, 
        "long_term_average": 14477, 
        "short_term_average": 16416
    }, 
    {
        "date": "2012-11-30", 
        "operating_revenue": 21895, 
        "accumulated_operating_revenue": 166666, 
        "long_term_average": 15151, 
        "short_term_average": 19081
    }, 
    {
        "date": "2012-12-31", 
        "operating_revenue": 24026, 
        "accumulated_operating_revenue": 190692, 
        "long_term_average": 15891, 
        "short_term_average": 21868
    }, 
    {
        "accumulated_operating_revenue_yoy": 40.05913660555884, 
        "accumulated_operating_revenue": 11842, 
        "long_term_average": 16173, 
        "date": "2013-01-31", 
        "operating_revenue": 11842, 
        "short_term_average": 19254
    }, 
    {
        "accumulated_operating_revenue_yoy": 54.58084435196993, 
        "accumulated_operating_revenue": 23031, 
        "long_term_average": 16568, 
        "date": "2013-02-28", 
        "operating_revenue": 11189, 
        "short_term_average": 15685
    }, 
    {
        "accumulated_operating_revenue_yoy": 13.653661706011572, 
        "accumulated_operating_revenue": 36734, 
        "long_term_average": 16258, 
        "date": "2013-03-31", 
        "operating_revenue": 13703, 
        "short_term_average": 12244
    }, 
    {
        "accumulated_operating_revenue_yoy": 34.917755447300294, 
        "accumulated_operating_revenue": 66192, 
        "long_term_average": 17318, 
        "date": "2013-04-30", 
        "operating_revenue": 29458, 
        "short_term_average": 18116
    }, 
    {
        "accumulated_operating_revenue_yoy": 35.38906527918613, 
        "accumulated_operating_revenue": 81446, 
        "long_term_average": 17665, 
        "date": "2013-05-31", 
        "operating_revenue": 15254, 
        "short_term_average": 19471
    }, 
    {
        "accumulated_operating_revenue_yoy": 38.88493443206395, 
        "accumulated_operating_revenue": 101461, 
        "long_term_average": 18258, 
        "date": "2013-06-30", 
        "operating_revenue": 20015, 
        "short_term_average": 21575
    }, 
    {
        "accumulated_operating_revenue_yoy": 21.214785967777395, 
        "accumulated_operating_revenue": 115788, 
        "long_term_average": 17579, 
        "date": "2013-07-31", 
        "operating_revenue": 14327, 
        "short_term_average": 16532
    }, 
    {
        "accumulated_operating_revenue_yoy": 19.68177954871551, 
        "accumulated_operating_revenue": 130957, 
        "long_term_average": 17685, 
        "date": "2013-08-31", 
        "operating_revenue": 15169, 
        "short_term_average": 16503
    }, 
    {
        "accumulated_operating_revenue_yoy": 10.510284841750142, 
        "accumulated_operating_revenue": 138234, 
        "long_term_average": 16986, 
        "date": "2013-09-30", 
        "operating_revenue": 7277, 
        "short_term_average": 12257
    }, 
    {
        "accumulated_operating_revenue_yoy": 7.379931063541731, 
        "accumulated_operating_revenue": 155455, 
        "long_term_average": 16781, 
        "date": "2013-10-31", 
        "operating_revenue": 17221, 
        "short_term_average": 13222
    }, 
    {
        "accumulated_operating_revenue_yoy": 1.822807291229165, 
        "accumulated_operating_revenue": 169704, 
        "long_term_average": 16144, 
        "date": "2013-11-30", 
        "operating_revenue": 14249, 
        "short_term_average": 12915
    }, 
    {
        "accumulated_operating_revenue_yoy": 1161.3932414574288, 
        "accumulated_operating_revenue": 2405376, 
        "long_term_average": 200448, 
        "date": "2013-12-31", 
        "operating_revenue": 2235672, 
        "short_term_average": 755714
    }, 
    {
        "accumulated_operating_revenue_yoy": 3828.356696503969, 
        "accumulated_operating_revenue": 465196, 
        "long_term_average": 238227, 
        "date": "2014-01-31", 
        "operating_revenue": 465196, 
        "short_term_average": 905039
    }, 
    {
        "accumulated_operating_revenue_yoy": 2342.6164734488298, 
        "accumulated_operating_revenue": 562559, 
        "long_term_average": 245408, 
        "date": "2014-02-28", 
        "operating_revenue": 97363, 
        "short_term_average": 932743
    }, 
    {
        "accumulated_operating_revenue_yoy": 1762.3863450754068, 
        "accumulated_operating_revenue": 684129, 
        "long_term_average": 254397, 
        "date": "2014-03-31", 
        "operating_revenue": 121570, 
        "short_term_average": 228043
    }, 
    {
        "accumulated_operating_revenue_yoy": 1032.6021271452744, 
        "accumulated_operating_revenue": 749692, 
        "long_term_average": 257406, 
        "date": "2014-04-30", 
        "operating_revenue": 65563, 
        "short_term_average": 94832
    }, 
    {
        "accumulated_operating_revenue_yoy": 952.4838543329322, 
        "accumulated_operating_revenue": 857206, 
        "long_term_average": 265094, 
        "date": "2014-05-31", 
        "operating_revenue": 107514, 
        "short_term_average": 98215
    }, 
    {
        "accumulated_operating_revenue_yoy": 818.5765959334128, 
        "accumulated_operating_revenue": 931997, 
        "long_term_average": 269659, 
        "date": "2014-06-30", 
        "operating_revenue": 74791, 
        "short_term_average": 82622
    }, 
    {
        "accumulated_operating_revenue_yoy": 718.8516944761116, 
        "accumulated_operating_revenue": 948132, 
        "long_term_average": 269810, 
        "date": "2014-07-31", 
        "operating_revenue": 16135, 
        "short_term_average": 66146
    }, 
    {
        "accumulated_operating_revenue_yoy": 633.5293264201226, 
        "accumulated_operating_revenue": 960608, 
        "long_term_average": 269585, 
        "date": "2014-08-31", 
        "operating_revenue": 12476, 
        "short_term_average": 34467
    }, 
    {
        "accumulated_operating_revenue_yoy": 603.0578584139937, 
        "accumulated_operating_revenue": 971865, 
        "long_term_average": 269917, 
        "date": "2014-09-30", 
        "operating_revenue": 11257, 
        "short_term_average": 13289
    }, 
    {
        "accumulated_operating_revenue_yoy": 535.8367373194815, 
        "accumulated_operating_revenue": 988440, 
        "long_term_average": 269863, 
        "date": "2014-10-31", 
        "operating_revenue": 16575, 
        "short_term_average": 13436
    }, 
    {
        "accumulated_operating_revenue_yoy": 493.7885966152831, 
        "accumulated_operating_revenue": 1007683, 
        "long_term_average": 270279, 
        "date": "2014-11-30", 
        "operating_revenue": 19243, 
        "short_term_average": 15691
    }, 
    {
        "accumulated_operating_revenue_yoy": -57.105084610472545, 
        "accumulated_operating_revenue": 1031784, 
        "long_term_average": 85982, 
        "date": "2014-12-31", 
        "operating_revenue": 24101, 
        "short_term_average": 19973
    }, 
    {
        "accumulated_operating_revenue_yoy": -94.93116879766808, 
        "accumulated_operating_revenue": 23580, 
        "long_term_average": 49180, 
        "date": "2015-01-31", 
        "operating_revenue": 23580, 
        "short_term_average": 22308
    }, 
    {
        "accumulated_operating_revenue_yoy": -94.3849445124867, 
        "accumulated_operating_revenue": 31588, 
        "long_term_average": 41734, 
        "date": "2015-02-28", 
        "operating_revenue": 8008, 
        "short_term_average": 18563
    }, 
    {
        "accumulated_operating_revenue_yoy": -94.0277345354458, 
        "accumulated_operating_revenue": 40858, 
        "long_term_average": 32376, 
        "date": "2015-03-31", 
        "operating_revenue": 9270, 
        "short_term_average": 13619
    }, 
    {
        "accumulated_operating_revenue_yoy": -92.41821974891022, 
        "accumulated_operating_revenue": 56840, 
        "long_term_average": 28244, 
        "date": "2015-04-30", 
        "operating_revenue": 15982, 
        "short_term_average": 11086
    }, 
    {
        "accumulated_operating_revenue_yoy": -91.85318348215014, 
        "accumulated_operating_revenue": 69835, 
        "long_term_average": 20367, 
        "date": "2015-05-31", 
        "operating_revenue": 12995, 
        "short_term_average": 12749
    }, 
    {
        "accumulated_operating_revenue_yoy": -91.45147462921018, 
        "accumulated_operating_revenue": 79672, 
        "long_term_average": 14954, 
        "date": "2015-06-30", 
        "operating_revenue": 9837, 
        "short_term_average": 12938
    }, 
    {
        "accumulated_operating_revenue_yoy": -90.98817464234938, 
        "accumulated_operating_revenue": 85444, 
        "long_term_average": 14091, 
        "date": "2015-07-31", 
        "operating_revenue": 5772, 
        "short_term_average": 9534
    }, 
    {
        "accumulated_operating_revenue_yoy": -90.12635747360005, 
        "accumulated_operating_revenue": 94847, 
        "long_term_average": 13835, 
        "date": "2015-08-31", 
        "operating_revenue": 9403, 
        "short_term_average": 8337
    }
]