[
    {
        "date": "2012-01-31", 
        "operating_revenue": 270399, 
        "accumulated_operating_revenue": 270399, 
        "long_term_average": 270399, 
        "short_term_average": 270399
    }, 
    {
        "date": "2012-02-29", 
        "operating_revenue": 352855, 
        "accumulated_operating_revenue": 623254, 
        "long_term_average": 311627, 
        "short_term_average": 311627
    }, 
    {
        "date": "2012-03-31", 
        "operating_revenue": 660926, 
        "accumulated_operating_revenue": 1284180, 
        "long_term_average": 428060, 
        "short_term_average": 428060
    }, 
    {
        "date": "2012-04-30", 
        "operating_revenue": 745728, 
        "accumulated_operating_revenue": 2029908, 
        "long_term_average": 507477, 
        "short_term_average": 586503
    }, 
    {
        "date": "2012-05-31", 
        "operating_revenue": 680886, 
        "accumulated_operating_revenue": 2710794, 
        "long_term_average": 542158, 
        "short_term_average": 695846
    }, 
    {
        "date": "2012-06-30", 
        "operating_revenue": 578994, 
        "accumulated_operating_revenue": 3289788, 
        "long_term_average": 548298, 
        "short_term_average": 668536
    }, 
    {
        "date": "2012-07-31", 
        "operating_revenue": 642290, 
        "accumulated_operating_revenue": 3932078, 
        "long_term_average": 561725, 
        "short_term_average": 634056
    }, 
    {
        "date": "2012-08-31", 
        "operating_revenue": 624799, 
        "accumulated_operating_revenue": 4556877, 
        "long_term_average": 569609, 
        "short_term_average": 615361
    }, 
    {
        "date": "2012-09-30", 
        "operating_revenue": 652818, 
        "accumulated_operating_revenue": 5209695, 
        "long_term_average": 578855, 
        "short_term_average": 639969
    }, 
    {
        "date": "2012-10-31", 
        "operating_revenue": 699814, 
        "accumulated_operating_revenue": 5909509, 
        "long_term_average": 590950, 
        "short_term_average": 659143
    }, 
    {
        "date": "2012-11-30", 
        "operating_revenue": 650612, 
        "accumulated_operating_revenue": 6560121, 
        "long_term_average": 596374, 
        "short_term_average": 667748
    }, 
    {
        "date": "2012-12-31", 
        "operating_revenue": 604113, 
        "accumulated_operating_revenue": 7164234, 
        "long_term_average": 597019, 
        "short_term_average": 651513
    }, 
    {
        "accumulated_operating_revenue_yoy": 65.92553966545735, 
        "accumulated_operating_revenue": 448661, 
        "long_term_average": 611874, 
        "date": "2013-01-31", 
        "operating_revenue": 448661, 
        "short_term_average": 567795
    }, 
    {
        "accumulated_operating_revenue_yoy": 10.690184098297003, 
        "accumulated_operating_revenue": 689881, 
        "long_term_average": 602571, 
        "date": "2013-02-28", 
        "operating_revenue": 241220, 
        "short_term_average": 431331
    }, 
    {
        "accumulated_operating_revenue_yoy": -1.6796710741484837, 
        "accumulated_operating_revenue": 1262610, 
        "long_term_average": 595222, 
        "date": "2013-03-31", 
        "operating_revenue": 572729, 
        "short_term_average": 420870
    }, 
    {
        "accumulated_operating_revenue_yoy": -5.714052065413802, 
        "accumulated_operating_revenue": 1913918, 
        "long_term_average": 587353, 
        "date": "2013-04-30", 
        "operating_revenue": 651308, 
        "short_term_average": 488419
    }, 
    {
        "accumulated_operating_revenue_yoy": -5.508349214289245, 
        "accumulated_operating_revenue": 2561474, 
        "long_term_average": 584576, 
        "date": "2013-05-31", 
        "operating_revenue": 647556, 
        "short_term_average": 623864
    }, 
    {
        "accumulated_operating_revenue_yoy": -0.7957047688179298, 
        "accumulated_operating_revenue": 3263611, 
        "long_term_average": 594838, 
        "date": "2013-06-30", 
        "operating_revenue": 702137, 
        "short_term_average": 667000
    }, 
    {
        "accumulated_operating_revenue_yoy": 0.4314512580879627, 
        "accumulated_operating_revenue": 3949043, 
        "long_term_average": 598433, 
        "date": "2013-07-31", 
        "operating_revenue": 685432, 
        "short_term_average": 678375
    }, 
    {
        "accumulated_operating_revenue_yoy": 0.8199036313685886, 
        "accumulated_operating_revenue": 4594239, 
        "long_term_average": 600133, 
        "date": "2013-08-31", 
        "operating_revenue": 645196, 
        "short_term_average": 677588
    }, 
    {
        "accumulated_operating_revenue_yoy": 0.5820878189606109, 
        "accumulated_operating_revenue": 5240020, 
        "long_term_average": 599546, 
        "date": "2013-09-30", 
        "operating_revenue": 645781, 
        "short_term_average": 658803
    }, 
    {
        "accumulated_operating_revenue_yoy": 0.07543773941286831, 
        "accumulated_operating_revenue": 5913967, 
        "long_term_average": 597391, 
        "date": "2013-10-31", 
        "operating_revenue": 673947, 
        "short_term_average": 654974
    }, 
    {
        "accumulated_operating_revenue_yoy": 0.28694592675958264, 
        "accumulated_operating_revenue": 6578945, 
        "long_term_average": 598588, 
        "date": "2013-11-30", 
        "operating_revenue": 664978, 
        "short_term_average": 661568
    }, 
    {
        "accumulated_operating_revenue_yoy": 0.6670775968512475, 
        "accumulated_operating_revenue": 7212025, 
        "long_term_average": 601002, 
        "date": "2013-12-31", 
        "operating_revenue": 633080, 
        "short_term_average": 657335
    }, 
    {
        "accumulated_operating_revenue_yoy": -29.641979133466023, 
        "accumulated_operating_revenue": 315669, 
        "long_term_average": 589919, 
        "date": "2014-01-31", 
        "operating_revenue": 315669, 
        "short_term_average": 537909
    }, 
    {
        "accumulated_operating_revenue_yoy": 1.7355167050549298, 
        "accumulated_operating_revenue": 701854, 
        "long_term_average": 601999, 
        "date": "2014-02-28", 
        "operating_revenue": 386185, 
        "short_term_average": 444978
    }, 
    {
        "accumulated_operating_revenue_yoy": 4.095009543722923, 
        "accumulated_operating_revenue": 1314314, 
        "long_term_average": 605310, 
        "date": "2014-03-31", 
        "operating_revenue": 612460, 
        "short_term_average": 438104
    }, 
    {
        "accumulated_operating_revenue_yoy": 1.5662635494310624, 
        "accumulated_operating_revenue": 1943895, 
        "long_term_average": 603500, 
        "date": "2014-04-30", 
        "operating_revenue": 629581, 
        "short_term_average": 542742
    }, 
    {
        "accumulated_operating_revenue_yoy": 2.513669863523893, 
        "accumulated_operating_revenue": 2625861, 
        "long_term_average": 606367, 
        "date": "2014-05-31", 
        "operating_revenue": 681966, 
        "short_term_average": 641335
    }, 
    {
        "accumulated_operating_revenue_yoy": -1.2529373139139437, 
        "accumulated_operating_revenue": 3222720, 
        "long_term_average": 597594, 
        "date": "2014-06-30", 
        "operating_revenue": 596859, 
        "short_term_average": 636135
    }, 
    {
        "accumulated_operating_revenue_yoy": -2.731395935673529, 
        "accumulated_operating_revenue": 3841179, 
        "long_term_average": 592013, 
        "date": "2014-07-31", 
        "operating_revenue": 618459, 
        "short_term_average": 632428
    }, 
    {
        "accumulated_operating_revenue_yoy": -2.7844219684696423, 
        "accumulated_operating_revenue": 4466316, 
        "long_term_average": 590341, 
        "date": "2014-08-31", 
        "operating_revenue": 625137, 
        "short_term_average": 613485
    }, 
    {
        "accumulated_operating_revenue_yoy": -2.7973175674902007, 
        "accumulated_operating_revenue": 5093440, 
        "long_term_average": 588787, 
        "date": "2014-09-30", 
        "operating_revenue": 627124, 
        "short_term_average": 623573
    }, 
    {
        "accumulated_operating_revenue_yoy": -3.7837377178465825, 
        "accumulated_operating_revenue": 5690198, 
        "long_term_average": 582354, 
        "date": "2014-10-31", 
        "operating_revenue": 596758, 
        "short_term_average": 616339
    }, 
    {
        "accumulated_operating_revenue_yoy": -3.4580164448859203, 
        "accumulated_operating_revenue": 6351444, 
        "long_term_average": 582043, 
        "date": "2014-11-30", 
        "operating_revenue": 661246, 
        "short_term_average": 628376
    }, 
    {
        "accumulated_operating_revenue_yoy": -3.5837368838849004, 
        "accumulated_operating_revenue": 6953565, 
        "long_term_average": 579463, 
        "date": "2014-12-31", 
        "operating_revenue": 602121, 
        "short_term_average": 620041
    }, 
    {
        "accumulated_operating_revenue_yoy": 51.72981825899914, 
        "accumulated_operating_revenue": 478964, 
        "long_term_average": 593071, 
        "date": "2015-01-31", 
        "operating_revenue": 478964, 
        "short_term_average": 580777
    }, 
    {
        "accumulated_operating_revenue_yoy": -2.195898292237417, 
        "accumulated_operating_revenue": 686442, 
        "long_term_average": 578179, 
        "date": "2015-02-28", 
        "operating_revenue": 207478, 
        "short_term_average": 429521
    }, 
    {
        "accumulated_operating_revenue_yoy": -10.226779901910806, 
        "accumulated_operating_revenue": 1179902, 
        "long_term_average": 568262, 
        "date": "2015-03-31", 
        "operating_revenue": 493460, 
        "short_term_average": 393300
    }, 
    {
        "accumulated_operating_revenue_yoy": -10.316709493053894, 
        "accumulated_operating_revenue": 1743349, 
        "long_term_average": 562751, 
        "date": "2015-04-30", 
        "operating_revenue": 563447, 
        "short_term_average": 421461
    }, 
    {
        "accumulated_operating_revenue_yoy": -11.901429664403409, 
        "accumulated_operating_revenue": 2313346, 
        "long_term_average": 553420, 
        "date": "2015-05-31", 
        "operating_revenue": 569997, 
        "short_term_average": 542301
    }, 
    {
        "accumulated_operating_revenue_yoy": -9.581316403534903, 
        "accumulated_operating_revenue": 2913941, 
        "long_term_average": 553732, 
        "date": "2015-06-30", 
        "operating_revenue": 600595, 
        "short_term_average": 578013
    }, 
    {
        "accumulated_operating_revenue_yoy": -10.261667055870086, 
        "accumulated_operating_revenue": 3447010, 
        "long_term_average": 546616, 
        "date": "2015-07-31", 
        "operating_revenue": 533069, 
        "short_term_average": 567887
    }, 
    {
        "accumulated_operating_revenue_yoy": -11.902270237932113, 
        "accumulated_operating_revenue": 3934723, 
        "long_term_average": 535164, 
        "date": "2015-08-31", 
        "operating_revenue": 487713, 
        "short_term_average": 540459
    }, 
    {
        "accumulated_operating_revenue_yoy": -11.987792140478733, 
        "accumulated_operating_revenue": 4482849, 
        "long_term_average": 528581, 
        "date": "2015-09-30", 
        "operating_revenue": 548126, 
        "short_term_average": 522969
    }
]