[
    {
        "date": "2012-01-31", 
        "operating_revenue": 37316, 
        "accumulated_operating_revenue": 37316, 
        "long_term_average": 37316, 
        "short_term_average": 37316
    }, 
    {
        "date": "2012-02-29", 
        "operating_revenue": 42029, 
        "accumulated_operating_revenue": 79345, 
        "long_term_average": 39672, 
        "short_term_average": 39672
    }, 
    {
        "date": "2012-03-31", 
        "operating_revenue": 46169, 
        "accumulated_operating_revenue": 125514, 
        "long_term_average": 41838, 
        "short_term_average": 41838
    }, 
    {
        "date": "2012-04-30", 
        "operating_revenue": 44435, 
        "accumulated_operating_revenue": 169949, 
        "long_term_average": 42487, 
        "short_term_average": 44211
    }, 
    {
        "date": "2012-05-31", 
        "operating_revenue": 38146, 
        "accumulated_operating_revenue": 208095, 
        "long_term_average": 41619, 
        "short_term_average": 42916
    }, 
    {
        "date": "2012-06-30", 
        "operating_revenue": 34667, 
        "accumulated_operating_revenue": 242762, 
        "long_term_average": 40460, 
        "short_term_average": 39082
    }, 
    {
        "date": "2012-07-31", 
        "operating_revenue": 4401, 
        "accumulated_operating_revenue": 247163, 
        "long_term_average": 35309, 
        "short_term_average": 25738
    }, 
    {
        "date": "2012-08-31", 
        "operating_revenue": 15290, 
        "accumulated_operating_revenue": 262453, 
        "long_term_average": 32806, 
        "short_term_average": 18119
    }, 
    {
        "date": "2012-09-30", 
        "operating_revenue": 16812, 
        "accumulated_operating_revenue": 279265, 
        "long_term_average": 31029, 
        "short_term_average": 12167
    }, 
    {
        "date": "2012-10-31", 
        "operating_revenue": 2599765, 
        "accumulated_operating_revenue": 2879030, 
        "long_term_average": 287903, 
        "short_term_average": 877289
    }, 
    {
        "date": "2012-11-30", 
        "operating_revenue": 540651, 
        "accumulated_operating_revenue": 3419681, 
        "long_term_average": 310880, 
        "short_term_average": 1052409
    }, 
    {
        "date": "2012-12-31", 
        "operating_revenue": 176579, 
        "accumulated_operating_revenue": 3596260, 
        "long_term_average": 299688, 
        "short_term_average": 1105665
    }, 
    {
        "accumulated_operating_revenue_yoy": -61.83674563190053, 
        "accumulated_operating_revenue": 14241, 
        "long_term_average": 297765, 
        "date": "2013-01-31", 
        "operating_revenue": 14241, 
        "short_term_average": 243823
    }, 
    {
        "accumulated_operating_revenue_yoy": -13.613964332976241, 
        "accumulated_operating_revenue": 68543, 
        "long_term_average": 298788, 
        "date": "2013-02-28", 
        "operating_revenue": 54302, 
        "short_term_average": 81707
    }, 
    {
        "accumulated_operating_revenue_yoy": -26.28870086205523, 
        "accumulated_operating_revenue": 92518, 
        "long_term_average": 296938, 
        "date": "2013-03-31", 
        "operating_revenue": 23975, 
        "short_term_average": 30839
    }, 
    {
        "accumulated_operating_revenue_yoy": -25.20991591595126, 
        "accumulated_operating_revenue": 127105, 
        "long_term_average": 296118, 
        "date": "2013-04-30", 
        "operating_revenue": 34587, 
        "short_term_average": 37621
    }, 
    {
        "accumulated_operating_revenue_yoy": -34.00898628030467, 
        "accumulated_operating_revenue": 137324, 
        "long_term_average": 293790, 
        "date": "2013-05-31", 
        "operating_revenue": 10219, 
        "short_term_average": 22927
    }, 
    {
        "accumulated_operating_revenue_yoy": -31.594730641533687, 
        "accumulated_operating_revenue": 166062, 
        "long_term_average": 293296, 
        "date": "2013-06-30", 
        "operating_revenue": 28738, 
        "short_term_average": 24514
    }, 
    {
        "accumulated_operating_revenue_yoy": -30.13719691054082, 
        "accumulated_operating_revenue": 172675, 
        "long_term_average": 293481, 
        "date": "2013-07-31", 
        "operating_revenue": 6613, 
        "short_term_average": 15190
    }, 
    {
        "accumulated_operating_revenue_yoy": -13.570429753136754, 
        "accumulated_operating_revenue": 226837, 
        "long_term_average": 296720, 
        "date": "2013-08-31", 
        "operating_revenue": 54162, 
        "short_term_average": 29837
    }, 
    {
        "accumulated_operating_revenue_yoy": -9.919252323062326, 
        "accumulated_operating_revenue": 251564, 
        "long_term_average": 297379, 
        "date": "2013-09-30", 
        "operating_revenue": 24727, 
        "short_term_average": 28500
    }, 
    {
        "accumulated_operating_revenue_yoy": -89.37374740798117, 
        "accumulated_operating_revenue": 305933, 
        "long_term_average": 85263, 
        "date": "2013-10-31", 
        "operating_revenue": 54369, 
        "short_term_average": 44419
    }, 
    {
        "accumulated_operating_revenue_yoy": -89.92289046843844, 
        "accumulated_operating_revenue": 344605, 
        "long_term_average": 43432, 
        "date": "2013-11-30", 
        "operating_revenue": 38672, 
        "short_term_average": 39256
    }, 
    {
        "accumulated_operating_revenue_yoy": -76.78947017178959, 
        "accumulated_operating_revenue": 834711, 
        "long_term_average": 69559, 
        "date": "2013-12-31", 
        "operating_revenue": 490106, 
        "short_term_average": 194382
    }, 
    {
        "accumulated_operating_revenue_yoy": -68.76623832596026, 
        "accumulated_operating_revenue": 4448, 
        "long_term_average": 68743, 
        "date": "2014-01-31", 
        "operating_revenue": 4448, 
        "short_term_average": 177742
    }, 
    {
        "accumulated_operating_revenue_yoy": 144.268561341056, 
        "accumulated_operating_revenue": 167429, 
        "long_term_average": 77799, 
        "date": "2014-02-28", 
        "operating_revenue": 162981, 
        "short_term_average": 219178
    }, 
    {
        "accumulated_operating_revenue_yoy": 181.5495363064485, 
        "accumulated_operating_revenue": 260484, 
        "long_term_average": 83556, 
        "date": "2014-03-31", 
        "operating_revenue": 93055, 
        "short_term_average": 86828
    }, 
    {
        "accumulated_operating_revenue_yoy": 163.02584477400575, 
        "accumulated_operating_revenue": 334319, 
        "long_term_average": 86827, 
        "date": "2014-04-30", 
        "operating_revenue": 73835, 
        "short_term_average": 109957
    }, 
    {
        "accumulated_operating_revenue_yoy": 153.30677813055254, 
        "accumulated_operating_revenue": 347851, 
        "long_term_average": 87103, 
        "date": "2014-05-31", 
        "operating_revenue": 13532, 
        "short_term_average": 60140
    }, 
    {
        "accumulated_operating_revenue_yoy": 302.8116004865653, 
        "accumulated_operating_revenue": 668917, 
        "long_term_average": 111463, 
        "date": "2014-06-30", 
        "operating_revenue": 321066, 
        "short_term_average": 136144
    }, 
    {
        "accumulated_operating_revenue_yoy": 1313.0076733748372, 
        "accumulated_operating_revenue": 2439911, 
        "long_term_average": 258495, 
        "date": "2014-07-31", 
        "operating_revenue": 1770994, 
        "short_term_average": 701864
    }, 
    {
        "accumulated_operating_revenue_yoy": 1084.2058394353655, 
        "accumulated_operating_revenue": 2686217, 
        "long_term_average": 274507, 
        "date": "2014-08-31", 
        "operating_revenue": 246306, 
        "short_term_average": 779455
    }, 
    {
        "accumulated_operating_revenue_yoy": 984.7883639948483, 
        "accumulated_operating_revenue": 2728937, 
        "long_term_average": 276007, 
        "date": "2014-09-30", 
        "operating_revenue": 42720, 
        "short_term_average": 686673
    }, 
    {
        "accumulated_operating_revenue_yoy": 796.5603579868795, 
        "accumulated_operating_revenue": 2742874, 
        "long_term_average": 272637, 
        "date": "2014-10-31", 
        "operating_revenue": 13937, 
        "short_term_average": 100987
    }, 
    {
        "accumulated_operating_revenue_yoy": 697.9919037738861, 
        "accumulated_operating_revenue": 2749920, 
        "long_term_average": 270002, 
        "date": "2014-11-30", 
        "operating_revenue": 7046, 
        "short_term_average": 21234
    }, 
    {
        "accumulated_operating_revenue_yoy": 450.6908379067725, 
        "accumulated_operating_revenue": 4596677, 
        "long_term_average": 383056, 
        "date": "2014-12-31", 
        "operating_revenue": 1846757, 
        "short_term_average": 622580
    }, 
    {
        "accumulated_operating_revenue_yoy": 9055.665467625899, 
        "accumulated_operating_revenue": 407244, 
        "long_term_average": 416622, 
        "date": "2015-01-31", 
        "operating_revenue": 407244, 
        "short_term_average": 753682
    }, 
    {
        "accumulated_operating_revenue_yoy": 217.72393074079162, 
        "accumulated_operating_revenue": 531962, 
        "long_term_average": 413434, 
        "date": "2015-02-28", 
        "operating_revenue": 124718, 
        "short_term_average": 792906
    }, 
    {
        "accumulated_operating_revenue_yoy": 180.3623255171143, 
        "accumulated_operating_revenue": 730299, 
        "long_term_average": 422207, 
        "date": "2015-03-31", 
        "operating_revenue": 198337, 
        "short_term_average": 243433
    }, 
    {
        "accumulated_operating_revenue_yoy": 141.54834155402477, 
        "accumulated_operating_revenue": 807542, 
        "long_term_average": 422491, 
        "date": "2015-04-30", 
        "operating_revenue": 77243, 
        "short_term_average": 133432
    }, 
    {
        "accumulated_operating_revenue_yoy": 146.52653003728608, 
        "accumulated_operating_revenue": 857545, 
        "long_term_average": 425530, 
        "date": "2015-05-31", 
        "operating_revenue": 50003, 
        "short_term_average": 108527
    }, 
    {
        "accumulated_operating_revenue_yoy": 31.65803829174621, 
        "accumulated_operating_revenue": 880683, 
        "long_term_average": 400703, 
        "date": "2015-06-30", 
        "operating_revenue": 23138, 
        "short_term_average": 50128
    }, 
    {
        "accumulated_operating_revenue_yoy": -62.75946130821984, 
        "accumulated_operating_revenue": 908636, 
        "long_term_average": 255450, 
        "date": "2015-07-31", 
        "operating_revenue": 27953, 
        "short_term_average": 33698
    }, 
    {
        "accumulated_operating_revenue_yoy": 9.372102104930466, 
        "accumulated_operating_revenue": 2937972, 
        "long_term_average": 404036, 
        "date": "2015-08-31", 
        "operating_revenue": 2029336, 
        "short_term_average": 693475
    }, 
    {
        "accumulated_operating_revenue_yoy": 42.5680402295839, 
        "accumulated_operating_revenue": 3890592, 
        "long_term_average": 479861, 
        "date": "2015-09-30", 
        "operating_revenue": 952620, 
        "short_term_average": 1003303
    }, 
    {
        "accumulated_operating_revenue_yoy": 65.55113359199146, 
        "accumulated_operating_revenue": 4540859, 
        "long_term_average": 532888, 
        "date": "2015-10-31", 
        "operating_revenue": 650267, 
        "short_term_average": 1210741
    }
]