[
    {
        "date": "2012-01-31", 
        "operating_revenue": 206849, 
        "accumulated_operating_revenue": 206849, 
        "long_term_average": 206849, 
        "short_term_average": 206849
    }, 
    {
        "date": "2012-02-29", 
        "operating_revenue": 242606, 
        "accumulated_operating_revenue": 449455, 
        "long_term_average": 224727, 
        "short_term_average": 224727
    }, 
    {
        "date": "2012-03-31", 
        "operating_revenue": 419168, 
        "accumulated_operating_revenue": 868623, 
        "long_term_average": 289541, 
        "short_term_average": 289541
    }, 
    {
        "date": "2012-04-30", 
        "operating_revenue": 378379, 
        "accumulated_operating_revenue": 1247002, 
        "long_term_average": 311750, 
        "short_term_average": 346717
    }, 
    {
        "date": "2012-05-31", 
        "operating_revenue": 395178, 
        "accumulated_operating_revenue": 1642180, 
        "long_term_average": 328436, 
        "short_term_average": 397575
    }, 
    {
        "date": "2012-06-30", 
        "operating_revenue": 272254, 
        "accumulated_operating_revenue": 1914434, 
        "long_term_average": 319072, 
        "short_term_average": 348603
    }, 
    {
        "date": "2012-07-31", 
        "operating_revenue": 307404, 
        "accumulated_operating_revenue": 2221838, 
        "long_term_average": 317405, 
        "short_term_average": 324945
    }, 
    {
        "date": "2012-08-31", 
        "operating_revenue": 324824, 
        "accumulated_operating_revenue": 2546662, 
        "long_term_average": 318332, 
        "short_term_average": 301494
    }, 
    {
        "date": "2012-09-30", 
        "operating_revenue": 391628, 
        "accumulated_operating_revenue": 2938290, 
        "long_term_average": 326476, 
        "short_term_average": 341285
    }, 
    {
        "date": "2012-10-31", 
        "operating_revenue": 326536, 
        "accumulated_operating_revenue": 3264826, 
        "long_term_average": 326482, 
        "short_term_average": 347662
    }, 
    {
        "date": "2012-11-30", 
        "operating_revenue": 251630, 
        "accumulated_operating_revenue": 3516456, 
        "long_term_average": 319677, 
        "short_term_average": 323264
    }, 
    {
        "date": "2012-12-31", 
        "operating_revenue": 324617, 
        "accumulated_operating_revenue": 3841073, 
        "long_term_average": 320089, 
        "short_term_average": 300927
    }, 
    {
        "accumulated_operating_revenue_yoy": 21.256568801396185, 
        "accumulated_operating_revenue": 250818, 
        "long_term_average": 323753, 
        "date": "2013-01-31", 
        "operating_revenue": 250818, 
        "short_term_average": 275688
    }, 
    {
        "accumulated_operating_revenue_yoy": -13.04557742154387, 
        "accumulated_operating_revenue": 390821, 
        "long_term_average": 315203, 
        "date": "2013-02-28", 
        "operating_revenue": 140003, 
        "short_term_average": 238479
    }, 
    {
        "accumulated_operating_revenue_yoy": -18.779263270716985, 
        "accumulated_operating_revenue": 705502, 
        "long_term_average": 306496, 
        "date": "2013-03-31", 
        "operating_revenue": 314681, 
        "short_term_average": 235167
    }, 
    {
        "accumulated_operating_revenue_yoy": -15.503583795374826, 
        "accumulated_operating_revenue": 1053672, 
        "long_term_average": 303978, 
        "date": "2013-04-30", 
        "operating_revenue": 348170, 
        "short_term_average": 267618
    }, 
    {
        "accumulated_operating_revenue_yoy": -16.93060444043893, 
        "accumulated_operating_revenue": 1364149, 
        "long_term_average": 296920, 
        "date": "2013-05-31", 
        "operating_revenue": 310477, 
        "short_term_average": 324442
    }, 
    {
        "accumulated_operating_revenue_yoy": -14.418517431261668, 
        "accumulated_operating_revenue": 1638401, 
        "long_term_average": 297086, 
        "date": "2013-06-30", 
        "operating_revenue": 274252, 
        "short_term_average": 310966
    }, 
    {
        "accumulated_operating_revenue_yoy": -10.158841463689072, 
        "accumulated_operating_revenue": 1996125, 
        "long_term_average": 301280, 
        "date": "2013-07-31", 
        "operating_revenue": 357724, 
        "short_term_average": 314151
    }, 
    {
        "accumulated_operating_revenue_yoy": -8.887634087287594, 
        "accumulated_operating_revenue": 2320324, 
        "long_term_average": 301227, 
        "date": "2013-08-31", 
        "operating_revenue": 324199, 
        "short_term_average": 318725
    }, 
    {
        "accumulated_operating_revenue_yoy": -10.066126896936654, 
        "accumulated_operating_revenue": 2642518, 
        "long_term_average": 295441, 
        "date": "2013-09-30", 
        "operating_revenue": 322194, 
        "short_term_average": 334705
    }, 
    {
        "accumulated_operating_revenue_yoy": -10.200053540372442, 
        "accumulated_operating_revenue": 2931812, 
        "long_term_average": 292338, 
        "date": "2013-10-31", 
        "operating_revenue": 289294, 
        "short_term_average": 311895
    }, 
    {
        "accumulated_operating_revenue_yoy": -8.62467780060379, 
        "accumulated_operating_revenue": 3213173, 
        "long_term_average": 294815, 
        "date": "2013-11-30", 
        "operating_revenue": 281361, 
        "short_term_average": 297616
    }, 
    {
        "accumulated_operating_revenue_yoy": -8.808684448329933, 
        "accumulated_operating_revenue": 3502725, 
        "long_term_average": 291893, 
        "date": "2013-12-31", 
        "operating_revenue": 289552, 
        "short_term_average": 286735
    }, 
    {
        "accumulated_operating_revenue_yoy": -12.280219123029449, 
        "accumulated_operating_revenue": 220017, 
        "long_term_average": 289327, 
        "date": "2014-01-31", 
        "operating_revenue": 220017, 
        "short_term_average": 263643
    }, 
    {
        "accumulated_operating_revenue_yoy": 8.77434938245386, 
        "accumulated_operating_revenue": 425113, 
        "long_term_average": 294751, 
        "date": "2014-02-28", 
        "operating_revenue": 205096, 
        "short_term_average": 238221
    }, 
    {
        "accumulated_operating_revenue_yoy": 9.357875668672804, 
        "accumulated_operating_revenue": 771522, 
        "long_term_average": 297395, 
        "date": "2014-03-31", 
        "operating_revenue": 346409, 
        "short_term_average": 257174
    }, 
    {
        "accumulated_operating_revenue_yoy": 5.080803134182174, 
        "accumulated_operating_revenue": 1107207, 
        "long_term_average": 296355, 
        "date": "2014-04-30", 
        "operating_revenue": 335685, 
        "short_term_average": 295730
    }, 
    {
        "accumulated_operating_revenue_yoy": 3.555769934222728, 
        "accumulated_operating_revenue": 1412655, 
        "long_term_average": 295935, 
        "date": "2014-05-31", 
        "operating_revenue": 305448, 
        "short_term_average": 329180
    }, 
    {
        "accumulated_operating_revenue_yoy": 6.031978740247351, 
        "accumulated_operating_revenue": 1737229, 
        "long_term_average": 300129, 
        "date": "2014-06-30", 
        "operating_revenue": 324574, 
        "short_term_average": 321902
    }, 
    {
        "accumulated_operating_revenue_yoy": 3.5336464399774568, 
        "accumulated_operating_revenue": 2066661, 
        "long_term_average": 297771, 
        "date": "2014-07-31", 
        "operating_revenue": 329432, 
        "short_term_average": 319818
    }, 
    {
        "accumulated_operating_revenue_yoy": 3.588033395336169, 
        "accumulated_operating_revenue": 2403578, 
        "long_term_average": 298831, 
        "date": "2014-08-31", 
        "operating_revenue": 336917, 
        "short_term_average": 330307
    }, 
    {
        "accumulated_operating_revenue_yoy": 3.5913095010138054, 
        "accumulated_operating_revenue": 2737419, 
        "long_term_average": 299802, 
        "date": "2014-09-30", 
        "operating_revenue": 333841, 
        "short_term_average": 333396
    }, 
    {
        "accumulated_operating_revenue_yoy": 3.8160700617911383, 
        "accumulated_operating_revenue": 3043692, 
        "long_term_average": 301217, 
        "date": "2014-10-31", 
        "operating_revenue": 306273, 
        "short_term_average": 325677
    }, 
    {
        "accumulated_operating_revenue_yoy": 2.90846462359792, 
        "accumulated_operating_revenue": 3306627, 
        "long_term_average": 299681, 
        "date": "2014-11-30", 
        "operating_revenue": 262935, 
        "short_term_average": 301016
    }, 
    {
        "accumulated_operating_revenue_yoy": 2.2622101363938074, 
        "accumulated_operating_revenue": 3581964, 
        "long_term_average": 298497, 
        "date": "2014-12-31", 
        "operating_revenue": 275337, 
        "short_term_average": 281515
    }, 
    {
        "accumulated_operating_revenue_yoy": 12.223600903566542, 
        "accumulated_operating_revenue": 246911, 
        "long_term_average": 300738, 
        "date": "2015-01-31", 
        "operating_revenue": 246911, 
        "short_term_average": 261727
    }, 
    {
        "accumulated_operating_revenue_yoy": 1.5489999129643177, 
        "accumulated_operating_revenue": 431698, 
        "long_term_average": 299045, 
        "date": "2015-02-28", 
        "operating_revenue": 184787, 
        "short_term_average": 235678
    }, 
    {
        "accumulated_operating_revenue_yoy": -13.092692107289228, 
        "accumulated_operating_revenue": 670509, 
        "long_term_average": 290079, 
        "date": "2015-03-31", 
        "operating_revenue": 238811, 
        "short_term_average": 223503
    }, 
    {
        "accumulated_operating_revenue_yoy": -18.824573905331164, 
        "accumulated_operating_revenue": 898780, 
        "long_term_average": 281128, 
        "date": "2015-04-30", 
        "operating_revenue": 228271, 
        "short_term_average": 217289
    }, 
    {
        "accumulated_operating_revenue_yoy": -17.807391047354095, 
        "accumulated_operating_revenue": 1161098, 
        "long_term_average": 277533, 
        "date": "2015-05-31", 
        "operating_revenue": 262318, 
        "short_term_average": 243133
    }, 
    {
        "accumulated_operating_revenue_yoy": -18.047419194590926, 
        "accumulated_operating_revenue": 1423704, 
        "long_term_average": 272369, 
        "date": "2015-06-30", 
        "operating_revenue": 262606, 
        "short_term_average": 251065
    }, 
    {
        "accumulated_operating_revenue_yoy": -20.447668969414917, 
        "accumulated_operating_revenue": 1644077, 
        "long_term_average": 263281, 
        "date": "2015-07-31", 
        "operating_revenue": 220373, 
        "short_term_average": 248432
    }, 
    {
        "accumulated_operating_revenue_yoy": -20.67700736152519, 
        "accumulated_operating_revenue": 1906590, 
        "long_term_average": 257081, 
        "date": "2015-08-31", 
        "operating_revenue": 262513, 
        "short_term_average": 248497
    }, 
    {
        "accumulated_operating_revenue_yoy": -22.06962105545406, 
        "accumulated_operating_revenue": 2133281, 
        "long_term_average": 248152, 
        "date": "2015-09-30", 
        "operating_revenue": 226691, 
        "short_term_average": 236525
    }
]