[
    {
        "date": "2012-01-31", 
        "operating_revenue": 379112, 
        "accumulated_operating_revenue": 379112, 
        "long_term_average": 379112, 
        "short_term_average": 379112
    }, 
    {
        "date": "2012-02-29", 
        "operating_revenue": 363839, 
        "accumulated_operating_revenue": 742951, 
        "long_term_average": 371475, 
        "short_term_average": 371475
    }, 
    {
        "date": "2012-03-31", 
        "operating_revenue": 446270, 
        "accumulated_operating_revenue": 1189221, 
        "long_term_average": 396407, 
        "short_term_average": 396407
    }, 
    {
        "date": "2012-04-30", 
        "operating_revenue": 431835, 
        "accumulated_operating_revenue": 1621056, 
        "long_term_average": 405264, 
        "short_term_average": 413981
    }, 
    {
        "date": "2012-05-31", 
        "operating_revenue": 448637, 
        "accumulated_operating_revenue": 2069693, 
        "long_term_average": 413938, 
        "short_term_average": 442247
    }, 
    {
        "date": "2012-06-30", 
        "operating_revenue": 451059, 
        "accumulated_operating_revenue": 2520752, 
        "long_term_average": 420125, 
        "short_term_average": 443843
    }, 
    {
        "date": "2012-07-31", 
        "operating_revenue": 611997, 
        "accumulated_operating_revenue": 3132749, 
        "long_term_average": 447535, 
        "short_term_average": 503897
    }, 
    {
        "date": "2012-08-31", 
        "operating_revenue": 458543, 
        "accumulated_operating_revenue": 3591292, 
        "long_term_average": 448911, 
        "short_term_average": 507199
    }, 
    {
        "date": "2012-09-30", 
        "operating_revenue": 436982, 
        "accumulated_operating_revenue": 4028274, 
        "long_term_average": 447586, 
        "short_term_average": 502507
    }, 
    {
        "date": "2012-10-31", 
        "operating_revenue": 514422, 
        "accumulated_operating_revenue": 4542696, 
        "long_term_average": 454269, 
        "short_term_average": 469982
    }, 
    {
        "date": "2012-11-30", 
        "operating_revenue": 482152, 
        "accumulated_operating_revenue": 5024848, 
        "long_term_average": 456804, 
        "short_term_average": 477852
    }, 
    {
        "date": "2012-12-31", 
        "operating_revenue": 552285, 
        "accumulated_operating_revenue": 5577133, 
        "long_term_average": 464761, 
        "short_term_average": 516286
    }, 
    {
        "accumulated_operating_revenue_yoy": 14.470921521872166, 
        "accumulated_operating_revenue": 433973, 
        "long_term_average": 469332, 
        "date": "2013-01-31", 
        "operating_revenue": 433973, 
        "short_term_average": 489470
    }, 
    {
        "accumulated_operating_revenue_yoy": 1.4297039777858835, 
        "accumulated_operating_revenue": 753573, 
        "long_term_average": 465646, 
        "date": "2013-02-28", 
        "operating_revenue": 319600, 
        "short_term_average": 435286
    }, 
    {
        "accumulated_operating_revenue_yoy": 1.8142969221027883, 
        "accumulated_operating_revenue": 1210797, 
        "long_term_average": 466559, 
        "date": "2013-03-31", 
        "operating_revenue": 457224, 
        "short_term_average": 403599
    }, 
    {
        "accumulated_operating_revenue_yoy": 5.478465888902049, 
        "accumulated_operating_revenue": 1709865, 
        "long_term_average": 472161, 
        "date": "2013-04-30", 
        "operating_revenue": 499068, 
        "short_term_average": 425297
    }, 
    {
        "accumulated_operating_revenue_yoy": 6.621416799496351, 
        "accumulated_operating_revenue": 2206736, 
        "long_term_average": 476181, 
        "date": "2013-05-31", 
        "operating_revenue": 496871, 
        "short_term_average": 484387
    }, 
    {
        "accumulated_operating_revenue_yoy": 7.013899026957035, 
        "accumulated_operating_revenue": 2697555, 
        "long_term_average": 479494, 
        "date": "2013-06-30", 
        "operating_revenue": 490819, 
        "short_term_average": 495586
    }, 
    {
        "accumulated_operating_revenue_yoy": 3.2577777536598047, 
        "accumulated_operating_revenue": 3234807, 
        "long_term_average": 473265, 
        "date": "2013-07-31", 
        "operating_revenue": 537252, 
        "short_term_average": 508314
    }, 
    {
        "accumulated_operating_revenue_yoy": 2.5228803450123243, 
        "accumulated_operating_revenue": 3681896, 
        "long_term_average": 472311, 
        "date": "2013-08-31", 
        "operating_revenue": 447089, 
        "short_term_average": 491720
    }, 
    {
        "accumulated_operating_revenue_yoy": 6.165692800440089, 
        "accumulated_operating_revenue": 4276645, 
        "long_term_average": 485458, 
        "date": "2013-09-30", 
        "operating_revenue": 594749, 
        "short_term_average": 526363
    }, 
    {
        "accumulated_operating_revenue_yoy": 8.775559711677824, 
        "accumulated_operating_revenue": 4941343, 
        "long_term_average": 497981, 
        "date": "2013-10-31", 
        "operating_revenue": 664698, 
        "short_term_average": 568845
    }, 
    {
        "accumulated_operating_revenue_yoy": 8.474962824746141, 
        "accumulated_operating_revenue": 5450702, 
        "long_term_average": 500248, 
        "date": "2013-11-30", 
        "operating_revenue": 509359, 
        "short_term_average": 589602
    }, 
    {
        "accumulated_operating_revenue_yoy": 7.880769563860141, 
        "accumulated_operating_revenue": 6016654, 
        "long_term_average": 501387, 
        "date": "2013-12-31", 
        "operating_revenue": 565952, 
        "short_term_average": 580003
    }, 
    {
        "accumulated_operating_revenue_yoy": -2.8146912365515826, 
        "accumulated_operating_revenue": 421758, 
        "long_term_average": 500369, 
        "date": "2014-01-31", 
        "operating_revenue": 421758, 
        "short_term_average": 499023
    }, 
    {
        "accumulated_operating_revenue_yoy": 6.2215604858454325, 
        "accumulated_operating_revenue": 800457, 
        "long_term_average": 505294, 
        "date": "2014-02-28", 
        "operating_revenue": 378699, 
        "short_term_average": 455469
    }, 
    {
        "accumulated_operating_revenue_yoy": 8.901409567417163, 
        "accumulated_operating_revenue": 1318575, 
        "long_term_average": 510369, 
        "date": "2014-03-31", 
        "operating_revenue": 518118, 
        "short_term_average": 439525
    }, 
    {
        "accumulated_operating_revenue_yoy": 16.688452012293368, 
        "accumulated_operating_revenue": 1995215, 
        "long_term_average": 525167, 
        "date": "2014-04-30", 
        "operating_revenue": 676640, 
        "short_term_average": 524485
    }, 
    {
        "accumulated_operating_revenue_yoy": 12.995029763415289, 
        "accumulated_operating_revenue": 2493502, 
        "long_term_average": 525285, 
        "date": "2014-05-31", 
        "operating_revenue": 498287, 
        "short_term_average": 564348
    }, 
    {
        "accumulated_operating_revenue_yoy": 11.67631429201629, 
        "accumulated_operating_revenue": 3012530, 
        "long_term_average": 527635, 
        "date": "2014-06-30", 
        "operating_revenue": 519028, 
        "short_term_average": 564651
    }, 
    {
        "accumulated_operating_revenue_yoy": 8.622956485502845, 
        "accumulated_operating_revenue": 3513743, 
        "long_term_average": 524632, 
        "date": "2014-07-31", 
        "operating_revenue": 501213, 
        "short_term_average": 506176
    }, 
    {
        "accumulated_operating_revenue_yoy": 7.888435740716196, 
        "accumulated_operating_revenue": 3972340, 
        "long_term_average": 525591, 
        "date": "2014-08-31", 
        "operating_revenue": 458597, 
        "short_term_average": 492946
    }, 
    {
        "accumulated_operating_revenue_yoy": 4.441425463184342, 
        "accumulated_operating_revenue": 4466589, 
        "long_term_average": 517216, 
        "date": "2014-09-30", 
        "operating_revenue": 494249, 
        "short_term_average": 484686
    }, 
    {
        "accumulated_operating_revenue_yoy": 0.506825775907481, 
        "accumulated_operating_revenue": 4966387, 
        "long_term_average": 503474, 
        "date": "2014-10-31", 
        "operating_revenue": 499798, 
        "short_term_average": 484214
    }, 
    {
        "accumulated_operating_revenue_yoy": 0.07213749715174302, 
        "accumulated_operating_revenue": 5454634, 
        "long_term_average": 501715, 
        "date": "2014-11-30", 
        "operating_revenue": 488247, 
        "short_term_average": 494098
    }, 
    {
        "accumulated_operating_revenue_yoy": -0.5506382783520541, 
        "accumulated_operating_revenue": 5983524, 
        "long_term_average": 498627, 
        "date": "2014-12-31", 
        "operating_revenue": 528890, 
        "short_term_average": 505645
    }, 
    {
        "accumulated_operating_revenue_yoy": 10.33815600415404, 
        "accumulated_operating_revenue": 465360, 
        "long_term_average": 502260, 
        "date": "2015-01-31", 
        "operating_revenue": 465360, 
        "short_term_average": 494165
    }, 
    {
        "accumulated_operating_revenue_yoy": 1.3092520897437339, 
        "accumulated_operating_revenue": 810937, 
        "long_term_average": 499500, 
        "date": "2015-02-28", 
        "operating_revenue": 345577, 
        "short_term_average": 446609
    }, 
    {
        "accumulated_operating_revenue_yoy": 4.968924786227556, 
        "accumulated_operating_revenue": 1384094, 
        "long_term_average": 504086, 
        "date": "2015-03-31", 
        "operating_revenue": 573157, 
        "short_term_average": 461364
    }, 
    {
        "accumulated_operating_revenue_yoy": -6.817510894815847, 
        "accumulated_operating_revenue": 1859191, 
        "long_term_average": 487291, 
        "date": "2015-04-30", 
        "operating_revenue": 475097, 
        "short_term_average": 464610
    }, 
    {
        "accumulated_operating_revenue_yoy": -5.974889933916235, 
        "accumulated_operating_revenue": 2344518, 
        "long_term_average": 486211, 
        "date": "2015-05-31", 
        "operating_revenue": 485327, 
        "short_term_average": 511193
    }, 
    {
        "accumulated_operating_revenue_yoy": -2.3839762591575853, 
        "accumulated_operating_revenue": 2940712, 
        "long_term_average": 492642, 
        "date": "2015-06-30", 
        "operating_revenue": 596194, 
        "short_term_average": 518872
    }, 
    {
        "accumulated_operating_revenue_yoy": -2.978106253075424, 
        "accumulated_operating_revenue": 3409100, 
        "long_term_average": 489906, 
        "date": "2015-07-31", 
        "operating_revenue": 468388, 
        "short_term_average": 516636
    }, 
    {
        "accumulated_operating_revenue_yoy": -2.7314378930303045, 
        "accumulated_operating_revenue": 3863838, 
        "long_term_average": 489585, 
        "date": "2015-08-31", 
        "operating_revenue": 454738, 
        "short_term_average": 506440
    }
]