[
    {
        "date": "2012-01-31", 
        "operating_revenue": 36160, 
        "accumulated_operating_revenue": 36160, 
        "long_term_average": 36160, 
        "short_term_average": 36160
    }, 
    {
        "date": "2012-02-29", 
        "operating_revenue": 40445, 
        "accumulated_operating_revenue": 76605, 
        "long_term_average": 38302, 
        "short_term_average": 38302
    }, 
    {
        "date": "2012-03-31", 
        "operating_revenue": 48518, 
        "accumulated_operating_revenue": 125123, 
        "long_term_average": 41707, 
        "short_term_average": 41707
    }, 
    {
        "date": "2012-04-30", 
        "operating_revenue": 49008, 
        "accumulated_operating_revenue": 174131, 
        "long_term_average": 43532, 
        "short_term_average": 45990
    }, 
    {
        "date": "2012-05-31", 
        "operating_revenue": 41914, 
        "accumulated_operating_revenue": 216045, 
        "long_term_average": 43209, 
        "short_term_average": 46480
    }, 
    {
        "date": "2012-06-30", 
        "operating_revenue": 34008, 
        "accumulated_operating_revenue": 250053, 
        "long_term_average": 41675, 
        "short_term_average": 41643
    }, 
    {
        "date": "2012-07-31", 
        "operating_revenue": 37054, 
        "accumulated_operating_revenue": 287107, 
        "long_term_average": 41015, 
        "short_term_average": 37658
    }, 
    {
        "date": "2012-08-31", 
        "operating_revenue": 40818, 
        "accumulated_operating_revenue": 327925, 
        "long_term_average": 40990, 
        "short_term_average": 37293
    }, 
    {
        "date": "2012-09-30", 
        "operating_revenue": 38846, 
        "accumulated_operating_revenue": 366771, 
        "long_term_average": 40752, 
        "short_term_average": 38906
    }, 
    {
        "date": "2012-10-31", 
        "operating_revenue": 37580, 
        "accumulated_operating_revenue": 404351, 
        "long_term_average": 40435, 
        "short_term_average": 39081
    }, 
    {
        "date": "2012-11-30", 
        "operating_revenue": 41324, 
        "accumulated_operating_revenue": 445675, 
        "long_term_average": 40515, 
        "short_term_average": 39250
    }, 
    {
        "date": "2012-12-31", 
        "operating_revenue": 35330, 
        "accumulated_operating_revenue": 481005, 
        "long_term_average": 40083, 
        "short_term_average": 38078
    }, 
    {
        "accumulated_operating_revenue_yoy": 14.961283185840706, 
        "accumulated_operating_revenue": 41570, 
        "long_term_average": 40534, 
        "date": "2013-01-31", 
        "operating_revenue": 41570, 
        "short_term_average": 39408
    }, 
    {
        "accumulated_operating_revenue_yoy": 6.829841394164872, 
        "accumulated_operating_revenue": 81837, 
        "long_term_average": 40519, 
        "date": "2013-02-28", 
        "operating_revenue": 40267, 
        "short_term_average": 39055
    }, 
    {
        "accumulated_operating_revenue_yoy": -0.26294126579445826, 
        "accumulated_operating_revenue": 124794, 
        "long_term_average": 40056, 
        "date": "2013-03-31", 
        "operating_revenue": 42957, 
        "short_term_average": 41598
    }, 
    {
        "accumulated_operating_revenue_yoy": -4.334093297574814, 
        "accumulated_operating_revenue": 166584, 
        "long_term_average": 39454, 
        "date": "2013-04-30", 
        "operating_revenue": 41790, 
        "short_term_average": 41671
    }, 
    {
        "accumulated_operating_revenue_yoy": -3.6265592816311414, 
        "accumulated_operating_revenue": 208210, 
        "long_term_average": 39430, 
        "date": "2013-05-31", 
        "operating_revenue": 41626, 
        "short_term_average": 42124
    }, 
    {
        "accumulated_operating_revenue_yoy": -1.1541553190723566, 
        "accumulated_operating_revenue": 247167, 
        "long_term_average": 39843, 
        "date": "2013-06-30", 
        "operating_revenue": 38957, 
        "short_term_average": 40791
    }, 
    {
        "accumulated_operating_revenue_yoy": -1.1790029501196417, 
        "accumulated_operating_revenue": 283722, 
        "long_term_average": 39801, 
        "date": "2013-07-31", 
        "operating_revenue": 36555, 
        "short_term_average": 39046
    }, 
    {
        "accumulated_operating_revenue_yoy": -4.3476404665701, 
        "accumulated_operating_revenue": 313668, 
        "long_term_average": 38895, 
        "date": "2013-08-31", 
        "operating_revenue": 29946, 
        "short_term_average": 35152
    }, 
    {
        "accumulated_operating_revenue_yoy": -6.7259952395363864, 
        "accumulated_operating_revenue": 342102, 
        "long_term_average": 38028, 
        "date": "2013-09-30", 
        "operating_revenue": 28434, 
        "short_term_average": 31645
    }, 
    {
        "accumulated_operating_revenue_yoy": -7.898830471545761, 
        "accumulated_operating_revenue": 372412, 
        "long_term_average": 37422, 
        "date": "2013-10-31", 
        "operating_revenue": 30310, 
        "short_term_average": 29563
    }, 
    {
        "accumulated_operating_revenue_yoy": -10.835249901834295, 
        "accumulated_operating_revenue": 397385, 
        "long_term_average": 36059, 
        "date": "2013-11-30", 
        "operating_revenue": 24973, 
        "short_term_average": 27905
    }, 
    {
        "accumulated_operating_revenue_yoy": -12.269311129821936, 
        "accumulated_operating_revenue": 421989, 
        "long_term_average": 35165, 
        "date": "2013-12-31", 
        "operating_revenue": 24604, 
        "short_term_average": 26629
    }, 
    {
        "accumulated_operating_revenue_yoy": -17.873466442145777, 
        "accumulated_operating_revenue": 34140, 
        "long_term_average": 34546, 
        "date": "2014-01-31", 
        "operating_revenue": 34140, 
        "short_term_average": 27905
    }, 
    {
        "accumulated_operating_revenue_yoy": -15.676283343719833, 
        "accumulated_operating_revenue": 69008, 
        "long_term_average": 34096, 
        "date": "2014-02-28", 
        "operating_revenue": 34868, 
        "short_term_average": 31204
    }, 
    {
        "accumulated_operating_revenue_yoy": -13.627257720723755, 
        "accumulated_operating_revenue": 107788, 
        "long_term_average": 33748, 
        "date": "2014-03-31", 
        "operating_revenue": 38780, 
        "short_term_average": 35929
    }, 
    {
        "accumulated_operating_revenue_yoy": -16.822143783316527, 
        "accumulated_operating_revenue": 138561, 
        "long_term_average": 32830, 
        "date": "2014-04-30", 
        "operating_revenue": 30773, 
        "short_term_average": 34807
    }, 
    {
        "accumulated_operating_revenue_yoy": -15.746601988377119, 
        "accumulated_operating_revenue": 175424, 
        "long_term_average": 32433, 
        "date": "2014-05-31", 
        "operating_revenue": 36863, 
        "short_term_average": 35472
    }, 
    {
        "accumulated_operating_revenue_yoy": -13.333090582480672, 
        "accumulated_operating_revenue": 214212, 
        "long_term_average": 32419, 
        "date": "2014-06-30", 
        "operating_revenue": 38788, 
        "short_term_average": 35474
    }, 
    {
        "accumulated_operating_revenue_yoy": -16.03858706762253, 
        "accumulated_operating_revenue": 238217, 
        "long_term_average": 31373, 
        "date": "2014-07-31", 
        "operating_revenue": 24005, 
        "short_term_average": 33218
    }, 
    {
        "accumulated_operating_revenue_yoy": -16.689939681446624, 
        "accumulated_operating_revenue": 261317, 
        "long_term_average": 30803, 
        "date": "2014-08-31", 
        "operating_revenue": 23100, 
        "short_term_average": 28631
    }, 
    {
        "accumulated_operating_revenue_yoy": -14.709355689238881, 
        "accumulated_operating_revenue": 291781, 
        "long_term_average": 30972, 
        "date": "2014-09-30", 
        "operating_revenue": 30464, 
        "short_term_average": 25856
    }, 
    {
        "accumulated_operating_revenue_yoy": -13.96571539048151, 
        "accumulated_operating_revenue": 320402, 
        "long_term_average": 30831, 
        "date": "2014-10-31", 
        "operating_revenue": 28621, 
        "short_term_average": 27395
    }, 
    {
        "accumulated_operating_revenue_yoy": -12.520855090151867, 
        "accumulated_operating_revenue": 347629, 
        "long_term_average": 31019, 
        "date": "2014-11-30", 
        "operating_revenue": 27227, 
        "short_term_average": 28770
    }, 
    {
        "accumulated_operating_revenue_yoy": -11.568547995326893, 
        "accumulated_operating_revenue": 373171, 
        "long_term_average": 31097, 
        "date": "2014-12-31", 
        "operating_revenue": 25542, 
        "short_term_average": 27130
    }, 
    {
        "accumulated_operating_revenue_yoy": 13.204452255418865, 
        "accumulated_operating_revenue": 38648, 
        "long_term_average": 31473, 
        "date": "2015-01-31", 
        "operating_revenue": 38648, 
        "short_term_average": 30472
    }, 
    {
        "accumulated_operating_revenue_yoy": -3.4590192441456065, 
        "accumulated_operating_revenue": 66621, 
        "long_term_average": 30898, 
        "date": "2015-02-28", 
        "operating_revenue": 27973, 
        "short_term_average": 30721
    }, 
    {
        "accumulated_operating_revenue_yoy": 0.7208594648754963, 
        "accumulated_operating_revenue": 108565, 
        "long_term_average": 31162, 
        "date": "2015-03-31", 
        "operating_revenue": 41944, 
        "short_term_average": 36188
    }, 
    {
        "accumulated_operating_revenue_yoy": 4.7170560258658645, 
        "accumulated_operating_revenue": 145097, 
        "long_term_average": 31642, 
        "date": "2015-04-30", 
        "operating_revenue": 36532, 
        "short_term_average": 35483
    }, 
    {
        "accumulated_operating_revenue_yoy": 0.8448102882159796, 
        "accumulated_operating_revenue": 176906, 
        "long_term_average": 31221, 
        "date": "2015-05-31", 
        "operating_revenue": 31809, 
        "short_term_average": 36761
    }, 
    {
        "accumulated_operating_revenue_yoy": -1.6301607753067056, 
        "accumulated_operating_revenue": 210720, 
        "long_term_average": 30806, 
        "date": "2015-06-30", 
        "operating_revenue": 33814, 
        "short_term_average": 34051
    }, 
    {
        "accumulated_operating_revenue_yoy": 1.707266903705445, 
        "accumulated_operating_revenue": 242284, 
        "long_term_average": 31436, 
        "date": "2015-07-31", 
        "operating_revenue": 31564, 
        "short_term_average": 32395
    }, 
    {
        "accumulated_operating_revenue_yoy": 4.7941771870946015, 
        "accumulated_operating_revenue": 273845, 
        "long_term_average": 32141, 
        "date": "2015-08-31", 
        "operating_revenue": 31561, 
        "short_term_average": 32313
    }, 
    {
        "accumulated_operating_revenue_yoy": 4.109931763891412, 
        "accumulated_operating_revenue": 303773, 
        "long_term_average": 32096, 
        "date": "2015-09-30", 
        "operating_revenue": 29928, 
        "short_term_average": 31017
    }
]