[
    {
        "date": "2012-01-31", 
        "operating_revenue": 359511, 
        "accumulated_operating_revenue": 359511, 
        "long_term_average": 359511, 
        "short_term_average": 359511
    }, 
    {
        "date": "2012-02-29", 
        "operating_revenue": 419224, 
        "accumulated_operating_revenue": 778735, 
        "long_term_average": 389367, 
        "short_term_average": 389367
    }, 
    {
        "date": "2012-03-31", 
        "operating_revenue": 444949, 
        "accumulated_operating_revenue": 1223684, 
        "long_term_average": 407894, 
        "short_term_average": 407894
    }, 
    {
        "date": "2012-04-30", 
        "operating_revenue": 403272, 
        "accumulated_operating_revenue": 1626956, 
        "long_term_average": 406739, 
        "short_term_average": 422481
    }, 
    {
        "date": "2012-05-31", 
        "operating_revenue": 323915, 
        "accumulated_operating_revenue": 1950871, 
        "long_term_average": 390174, 
        "short_term_average": 390712
    }, 
    {
        "date": "2012-06-30", 
        "operating_revenue": 365007, 
        "accumulated_operating_revenue": 2315878, 
        "long_term_average": 385979, 
        "short_term_average": 364064
    }, 
    {
        "date": "2012-07-31", 
        "operating_revenue": 358509, 
        "accumulated_operating_revenue": 2674387, 
        "long_term_average": 382055, 
        "short_term_average": 349143
    }, 
    {
        "date": "2012-08-31", 
        "operating_revenue": 397362, 
        "accumulated_operating_revenue": 3071749, 
        "long_term_average": 383968, 
        "short_term_average": 373626
    }, 
    {
        "date": "2012-09-30", 
        "operating_revenue": 404130, 
        "accumulated_operating_revenue": 3475879, 
        "long_term_average": 386208, 
        "short_term_average": 386667
    }, 
    {
        "date": "2012-10-31", 
        "operating_revenue": 327516, 
        "accumulated_operating_revenue": 3803395, 
        "long_term_average": 380339, 
        "short_term_average": 376336
    }, 
    {
        "date": "2012-11-30", 
        "operating_revenue": 211779, 
        "accumulated_operating_revenue": 4015174, 
        "long_term_average": 365015, 
        "short_term_average": 314475
    }, 
    {
        "date": "2012-12-31", 
        "operating_revenue": 267891, 
        "accumulated_operating_revenue": 4283065, 
        "long_term_average": 356922, 
        "short_term_average": 269062
    }, 
    {
        "accumulated_operating_revenue_yoy": 10.716779180609217, 
        "accumulated_operating_revenue": 398039, 
        "long_term_average": 360132, 
        "date": "2013-01-31", 
        "operating_revenue": 398039, 
        "short_term_average": 292569
    }, 
    {
        "accumulated_operating_revenue_yoy": -9.731551811591876, 
        "accumulated_operating_revenue": 702952, 
        "long_term_average": 350606, 
        "date": "2013-02-28", 
        "operating_revenue": 304913, 
        "short_term_average": 323614
    }, 
    {
        "accumulated_operating_revenue_yoy": -9.596676919858394, 
        "accumulated_operating_revenue": 1106251, 
        "long_term_average": 347136, 
        "date": "2013-03-31", 
        "operating_revenue": 403299, 
        "short_term_average": 368750
    }, 
    {
        "accumulated_operating_revenue_yoy": -14.644157555582327, 
        "accumulated_operating_revenue": 1388702, 
        "long_term_average": 337067, 
        "date": "2013-04-30", 
        "operating_revenue": 282451, 
        "short_term_average": 330221
    }, 
    {
        "accumulated_operating_revenue_yoy": -10.550313167810685, 
        "accumulated_operating_revenue": 1745048, 
        "long_term_average": 339770, 
        "date": "2013-05-31", 
        "operating_revenue": 356346, 
        "short_term_average": 347365
    }, 
    {
        "accumulated_operating_revenue_yoy": -9.544932850521487, 
        "accumulated_operating_revenue": 2094829, 
        "long_term_average": 338501, 
        "date": "2013-06-30", 
        "operating_revenue": 349781, 
        "short_term_average": 329526
    }, 
    {
        "accumulated_operating_revenue_yoy": -8.328263635741575, 
        "accumulated_operating_revenue": 2451657, 
        "long_term_average": 338361, 
        "date": "2013-07-31", 
        "operating_revenue": 356828, 
        "short_term_average": 354318
    }, 
    {
        "accumulated_operating_revenue_yoy": -7.817337940046534, 
        "accumulated_operating_revenue": 2831620, 
        "long_term_average": 336911, 
        "date": "2013-08-31", 
        "operating_revenue": 379963, 
        "short_term_average": 362190
    }, 
    {
        "accumulated_operating_revenue_yoy": -8.44692810077681, 
        "accumulated_operating_revenue": 3182274, 
        "long_term_average": 332455, 
        "date": "2013-09-30", 
        "operating_revenue": 350654, 
        "short_term_average": 362481
    }, 
    {
        "accumulated_operating_revenue_yoy": -6.992989158370351, 
        "accumulated_operating_revenue": 3537424, 
        "long_term_average": 334757, 
        "date": "2013-10-31", 
        "operating_revenue": 355150, 
        "short_term_average": 361922
    }, 
    {
        "accumulated_operating_revenue_yoy": -4.58752223440379, 
        "accumulated_operating_revenue": 3830977, 
        "long_term_average": 341572, 
        "date": "2013-11-30", 
        "operating_revenue": 293553, 
        "short_term_average": 333119
    }, 
    {
        "accumulated_operating_revenue_yoy": -4.043903139457375, 
        "accumulated_operating_revenue": 4109862, 
        "long_term_average": 342488, 
        "date": "2013-12-31", 
        "operating_revenue": 278885, 
        "short_term_average": 309196
    }, 
    {
        "accumulated_operating_revenue_yoy": -20.8301196616412, 
        "accumulated_operating_revenue": 315127, 
        "long_term_average": 335579, 
        "date": "2014-01-31", 
        "operating_revenue": 315127, 
        "short_term_average": 295855
    }, 
    {
        "accumulated_operating_revenue_yoy": -8.619649705812062, 
        "accumulated_operating_revenue": 642360, 
        "long_term_average": 337439, 
        "date": "2014-02-28", 
        "operating_revenue": 327233, 
        "short_term_average": 307081
    }, 
    {
        "accumulated_operating_revenue_yoy": -3.2507089259128352, 
        "accumulated_operating_revenue": 1070290, 
        "long_term_average": 339491, 
        "date": "2014-03-31", 
        "operating_revenue": 427930, 
        "short_term_average": 356763
    }, 
    {
        "accumulated_operating_revenue_yoy": 4.026421795316778, 
        "accumulated_operating_revenue": 1444617, 
        "long_term_average": 347148, 
        "date": "2014-04-30", 
        "operating_revenue": 374327, 
        "short_term_average": 376496
    }, 
    {
        "accumulated_operating_revenue_yoy": 5.817719627196501, 
        "accumulated_operating_revenue": 1846570, 
        "long_term_average": 350948, 
        "date": "2014-05-31", 
        "operating_revenue": 401953, 
        "short_term_average": 401403
    }, 
    {
        "accumulated_operating_revenue_yoy": 6.408876333104038, 
        "accumulated_operating_revenue": 2229084, 
        "long_term_average": 353676, 
        "date": "2014-06-30", 
        "operating_revenue": 382514, 
        "short_term_average": 386264
    }, 
    {
        "accumulated_operating_revenue_yoy": 7.259620738137512, 
        "accumulated_operating_revenue": 2629638, 
        "long_term_average": 357320, 
        "date": "2014-07-31", 
        "operating_revenue": 400554, 
        "short_term_average": 395007
    }, 
    {
        "accumulated_operating_revenue_yoy": 7.349361849400697, 
        "accumulated_operating_revenue": 3039726, 
        "long_term_average": 359830, 
        "date": "2014-08-31", 
        "operating_revenue": 410088, 
        "short_term_average": 397718
    }, 
    {
        "accumulated_operating_revenue_yoy": 8.907749615526507, 
        "accumulated_operating_revenue": 3465743, 
        "long_term_average": 366110, 
        "date": "2014-09-30", 
        "operating_revenue": 426017, 
        "short_term_average": 412219
    }, 
    {
        "accumulated_operating_revenue_yoy": 9.604474894725653, 
        "accumulated_operating_revenue": 3877175, 
        "long_term_average": 370801, 
        "date": "2014-10-31", 
        "operating_revenue": 411432, 
        "short_term_average": 415845
    }, 
    {
        "accumulated_operating_revenue_yoy": 10.397373829182477, 
        "accumulated_operating_revenue": 4229298, 
        "long_term_average": 375681, 
        "date": "2014-11-30", 
        "operating_revenue": 352123, 
        "short_term_average": 396524
    }, 
    {
        "accumulated_operating_revenue_yoy": 13.161974781635003, 
        "accumulated_operating_revenue": 4650801, 
        "long_term_average": 387566, 
        "date": "2014-12-31", 
        "operating_revenue": 421503, 
        "short_term_average": 395019
    }, 
    {
        "accumulated_operating_revenue_yoy": 30.094215982762506, 
        "accumulated_operating_revenue": 409962, 
        "long_term_average": 395469, 
        "date": "2015-01-31", 
        "operating_revenue": 409962, 
        "short_term_average": 394529
    }, 
    {
        "accumulated_operating_revenue_yoy": 27.17728376611246, 
        "accumulated_operating_revenue": 816936, 
        "long_term_average": 402114, 
        "date": "2015-02-28", 
        "operating_revenue": 406974, 
        "short_term_average": 412813
    }, 
    {
        "accumulated_operating_revenue_yoy": 15.581758215063207, 
        "accumulated_operating_revenue": 1237060, 
        "long_term_average": 401464, 
        "date": "2015-03-31", 
        "operating_revenue": 420124, 
        "short_term_average": 412353
    }, 
    {
        "accumulated_operating_revenue_yoy": 14.8379120555829, 
        "accumulated_operating_revenue": 1658968, 
        "long_term_average": 405429, 
        "date": "2015-04-30", 
        "operating_revenue": 421908, 
        "short_term_average": 416335
    }, 
    {
        "accumulated_operating_revenue_yoy": 12.484769058308107, 
        "accumulated_operating_revenue": 2077110, 
        "long_term_average": 406778, 
        "date": "2015-05-31", 
        "operating_revenue": 418142, 
        "short_term_average": 420058
    }, 
    {
        "accumulated_operating_revenue_yoy": 12.919611822614133, 
        "accumulated_operating_revenue": 2517073, 
        "long_term_average": 411565, 
        "date": "2015-06-30", 
        "operating_revenue": 439963, 
        "short_term_average": 426671
    }, 
    {
        "accumulated_operating_revenue_yoy": 11.187547487524899, 
        "accumulated_operating_revenue": 2923830, 
        "long_term_average": 412082, 
        "date": "2015-07-31", 
        "operating_revenue": 406757, 
        "short_term_average": 421620
    }, 
    {
        "accumulated_operating_revenue_yoy": 8.666537707674967, 
        "accumulated_operating_revenue": 3303165, 
        "long_term_average": 409520, 
        "date": "2015-08-31", 
        "operating_revenue": 379335, 
        "short_term_average": 408685
    }
]