[
    {
        "date": "2012-01-31", 
        "operating_revenue": 85156, 
        "accumulated_operating_revenue": 85156, 
        "long_term_average": 85156, 
        "short_term_average": 85156
    }, 
    {
        "date": "2012-02-29", 
        "operating_revenue": 79834, 
        "accumulated_operating_revenue": 164990, 
        "long_term_average": 82495, 
        "short_term_average": 82495
    }, 
    {
        "date": "2012-03-31", 
        "operating_revenue": 121856, 
        "accumulated_operating_revenue": 286846, 
        "long_term_average": 95615, 
        "short_term_average": 95615
    }, 
    {
        "date": "2012-04-30", 
        "operating_revenue": 110317, 
        "accumulated_operating_revenue": 397163, 
        "long_term_average": 99290, 
        "short_term_average": 104002
    }, 
    {
        "date": "2012-05-31", 
        "operating_revenue": 133461, 
        "accumulated_operating_revenue": 530624, 
        "long_term_average": 106124, 
        "short_term_average": 121878
    }, 
    {
        "date": "2012-06-30", 
        "operating_revenue": 126467, 
        "accumulated_operating_revenue": 657091, 
        "long_term_average": 109515, 
        "short_term_average": 123415
    }, 
    {
        "date": "2012-07-31", 
        "operating_revenue": 128802, 
        "accumulated_operating_revenue": 785893, 
        "long_term_average": 112270, 
        "short_term_average": 129576
    }, 
    {
        "date": "2012-08-31", 
        "operating_revenue": 123798, 
        "accumulated_operating_revenue": 909691, 
        "long_term_average": 113711, 
        "short_term_average": 126355
    }, 
    {
        "date": "2012-09-30", 
        "operating_revenue": 110710, 
        "accumulated_operating_revenue": 1020401, 
        "long_term_average": 113377, 
        "short_term_average": 121103
    }, 
    {
        "date": "2012-10-31", 
        "operating_revenue": 128716, 
        "accumulated_operating_revenue": 1149117, 
        "long_term_average": 114911, 
        "short_term_average": 121074
    }, 
    {
        "date": "2012-11-30", 
        "operating_revenue": 136953, 
        "accumulated_operating_revenue": 1286070, 
        "long_term_average": 116915, 
        "short_term_average": 125459
    }, 
    {
        "date": "2012-12-31", 
        "operating_revenue": 153820, 
        "accumulated_operating_revenue": 1439890, 
        "long_term_average": 119990, 
        "short_term_average": 139829
    }, 
    {
        "accumulated_operating_revenue_yoy": 92.8542909483771, 
        "accumulated_operating_revenue": 164227, 
        "long_term_average": 126580, 
        "date": "2013-01-31", 
        "operating_revenue": 164227, 
        "short_term_average": 151666
    }, 
    {
        "accumulated_operating_revenue_yoy": 44.38753863870538, 
        "accumulated_operating_revenue": 238225, 
        "long_term_average": 126093, 
        "date": "2013-02-28", 
        "operating_revenue": 73998, 
        "short_term_average": 130681
    }, 
    {
        "accumulated_operating_revenue_yoy": 23.163300168034414, 
        "accumulated_operating_revenue": 353289, 
        "long_term_average": 125527, 
        "date": "2013-03-31", 
        "operating_revenue": 115064, 
        "short_term_average": 117763
    }, 
    {
        "accumulated_operating_revenue_yoy": 19.544116647321125, 
        "accumulated_operating_revenue": 474785, 
        "long_term_average": 126459, 
        "date": "2013-04-30", 
        "operating_revenue": 121496, 
        "short_term_average": 103519
    }, 
    {
        "accumulated_operating_revenue_yoy": 16.731056265830418, 
        "accumulated_operating_revenue": 619403, 
        "long_term_average": 127389, 
        "date": "2013-05-31", 
        "operating_revenue": 144618, 
        "short_term_average": 127059
    }, 
    {
        "accumulated_operating_revenue_yoy": 18.21985082735877, 
        "accumulated_operating_revenue": 776812, 
        "long_term_average": 129967, 
        "date": "2013-06-30", 
        "operating_revenue": 157409, 
        "short_term_average": 141174
    }, 
    {
        "accumulated_operating_revenue_yoy": 18.005631809928325, 
        "accumulated_operating_revenue": 927398, 
        "long_term_average": 131782, 
        "date": "2013-07-31", 
        "operating_revenue": 150586, 
        "short_term_average": 150871
    }, 
    {
        "accumulated_operating_revenue_yoy": 18.547506790767414, 
        "accumulated_operating_revenue": 1078416, 
        "long_term_average": 134051, 
        "date": "2013-08-31", 
        "operating_revenue": 151018, 
        "short_term_average": 153004
    }, 
    {
        "accumulated_operating_revenue_yoy": 19.46470064219851, 
        "accumulated_operating_revenue": 1219019, 
        "long_term_average": 136542, 
        "date": "2013-09-30", 
        "operating_revenue": 140603, 
        "short_term_average": 147402
    }, 
    {
        "accumulated_operating_revenue_yoy": 20.516709786731898, 
        "accumulated_operating_revenue": 1384878, 
        "long_term_average": 139637, 
        "date": "2013-10-31", 
        "operating_revenue": 165859, 
        "short_term_average": 152493
    }, 
    {
        "accumulated_operating_revenue_yoy": 20.288397987667857, 
        "accumulated_operating_revenue": 1546993, 
        "long_term_average": 141734, 
        "date": "2013-11-30", 
        "operating_revenue": 162115, 
        "short_term_average": 156192
    }, 
    {
        "accumulated_operating_revenue_yoy": 20.633034467910743, 
        "accumulated_operating_revenue": 1736983, 
        "long_term_average": 144748, 
        "date": "2013-12-31", 
        "operating_revenue": 189990, 
        "short_term_average": 172654
    }, 
    {
        "accumulated_operating_revenue_yoy": -8.06931868693942, 
        "accumulated_operating_revenue": 150975, 
        "long_term_average": 143644, 
        "date": "2014-01-31", 
        "operating_revenue": 150975, 
        "short_term_average": 167693
    }, 
    {
        "accumulated_operating_revenue_yoy": 1.936404659460594, 
        "accumulated_operating_revenue": 242838, 
        "long_term_average": 145133, 
        "date": "2014-02-28", 
        "operating_revenue": 91863, 
        "short_term_average": 144276
    }, 
    {
        "accumulated_operating_revenue_yoy": 10.518017826765057, 
        "accumulated_operating_revenue": 390448, 
        "long_term_average": 147845, 
        "date": "2014-03-31", 
        "operating_revenue": 147610, 
        "short_term_average": 130149
    }, 
    {
        "accumulated_operating_revenue_yoy": 16.742946807502342, 
        "accumulated_operating_revenue": 554278, 
        "long_term_average": 151373, 
        "date": "2014-04-30", 
        "operating_revenue": 163830, 
        "short_term_average": 134434
    }, 
    {
        "accumulated_operating_revenue_yoy": 16.39578755672801, 
        "accumulated_operating_revenue": 720959, 
        "long_term_average": 153211, 
        "date": "2014-05-31", 
        "operating_revenue": 166681, 
        "short_term_average": 159373
    }, 
    {
        "accumulated_operating_revenue_yoy": 13.345571386641813, 
        "accumulated_operating_revenue": 880482, 
        "long_term_average": 153387, 
        "date": "2014-06-30", 
        "operating_revenue": 159523, 
        "short_term_average": 163344
    }, 
    {
        "accumulated_operating_revenue_yoy": 13.529466313276501, 
        "accumulated_operating_revenue": 1052870, 
        "long_term_average": 155204, 
        "date": "2014-07-31", 
        "operating_revenue": 172388, 
        "short_term_average": 166197
    }, 
    {
        "accumulated_operating_revenue_yoy": 12.93146615035385, 
        "accumulated_operating_revenue": 1217871, 
        "long_term_average": 156369, 
        "date": "2014-08-31", 
        "operating_revenue": 165001, 
        "short_term_average": 165637
    }, 
    {
        "accumulated_operating_revenue_yoy": 13.71816189903521, 
        "accumulated_operating_revenue": 1386246, 
        "long_term_average": 158684, 
        "date": "2014-09-30", 
        "operating_revenue": 168375, 
        "short_term_average": 168588
    }, 
    {
        "accumulated_operating_revenue_yoy": 13.11003568545388, 
        "accumulated_operating_revenue": 1566436, 
        "long_term_average": 159878, 
        "date": "2014-10-31", 
        "operating_revenue": 180190, 
        "short_term_average": 171188
    }, 
    {
        "accumulated_operating_revenue_yoy": 12.894434557880999, 
        "accumulated_operating_revenue": 1746469, 
        "long_term_average": 161371, 
        "date": "2014-11-30", 
        "operating_revenue": 180033, 
        "short_term_average": 176199
    }, 
    {
        "accumulated_operating_revenue_yoy": 12.151586975808053, 
        "accumulated_operating_revenue": 1948054, 
        "long_term_average": 162337, 
        "date": "2014-12-31", 
        "operating_revenue": 201585, 
        "short_term_average": 187269
    }, 
    {
        "accumulated_operating_revenue_yoy": 41.59364133134625, 
        "accumulated_operating_revenue": 213771, 
        "long_term_average": 167570, 
        "date": "2015-01-31", 
        "operating_revenue": 213771, 
        "short_term_average": 198463
    }, 
    {
        "accumulated_operating_revenue_yoy": 27.91037646496842, 
        "accumulated_operating_revenue": 310615, 
        "long_term_average": 167985, 
        "date": "2015-02-28", 
        "operating_revenue": 96844, 
        "short_term_average": 170733
    }, 
    {
        "accumulated_operating_revenue_yoy": 23.816743842970126, 
        "accumulated_operating_revenue": 483440, 
        "long_term_average": 170087, 
        "date": "2015-03-31", 
        "operating_revenue": 172825, 
        "short_term_average": 161146
    }, 
    {
        "accumulated_operating_revenue_yoy": 19.22086029032363, 
        "accumulated_operating_revenue": 660815, 
        "long_term_average": 171215, 
        "date": "2015-04-30", 
        "operating_revenue": 177375, 
        "short_term_average": 149014
    }, 
    {
        "accumulated_operating_revenue_yoy": 17.175040466933623, 
        "accumulated_operating_revenue": 844784, 
        "long_term_average": 172656, 
        "date": "2015-05-31", 
        "operating_revenue": 183969, 
        "short_term_average": 178056
    }, 
    {
        "accumulated_operating_revenue_yoy": 15.649155803298648, 
        "accumulated_operating_revenue": 1018270, 
        "long_term_average": 173820, 
        "date": "2015-06-30", 
        "operating_revenue": 173486, 
        "short_term_average": 178276
    }, 
    {
        "accumulated_operating_revenue_yoy": 13.759058573233162, 
        "accumulated_operating_revenue": 1197735, 
        "long_term_average": 174409, 
        "date": "2015-07-31", 
        "operating_revenue": 179465, 
        "short_term_average": 178973
    }, 
    {
        "accumulated_operating_revenue_yoy": 12.972227764681152, 
        "accumulated_operating_revenue": 1375856, 
        "long_term_average": 175503, 
        "date": "2015-08-31", 
        "operating_revenue": 178121, 
        "short_term_average": 177024
    }, 
    {
        "accumulated_operating_revenue_yoy": 12.590261757292717, 
        "accumulated_operating_revenue": 1560778, 
        "long_term_average": 176882, 
        "date": "2015-09-30", 
        "operating_revenue": 184922, 
        "short_term_average": 180836
    }
]