[
    {
        "date": "2012-01-31", 
        "operating_revenue": 366032, 
        "accumulated_operating_revenue": 366032, 
        "long_term_average": 366032, 
        "short_term_average": 366032
    }, 
    {
        "date": "2012-02-29", 
        "operating_revenue": 475604, 
        "accumulated_operating_revenue": 841636, 
        "long_term_average": 420818, 
        "short_term_average": 420818
    }, 
    {
        "date": "2012-03-31", 
        "operating_revenue": 530421, 
        "accumulated_operating_revenue": 1372057, 
        "long_term_average": 457352, 
        "short_term_average": 457352
    }, 
    {
        "date": "2012-04-30", 
        "operating_revenue": 539582, 
        "accumulated_operating_revenue": 1911639, 
        "long_term_average": 477909, 
        "short_term_average": 515202
    }, 
    {
        "date": "2012-05-31", 
        "operating_revenue": 475711, 
        "accumulated_operating_revenue": 2387350, 
        "long_term_average": 477470, 
        "short_term_average": 515238
    }, 
    {
        "date": "2012-06-30", 
        "operating_revenue": 460285, 
        "accumulated_operating_revenue": 2847635, 
        "long_term_average": 474605, 
        "short_term_average": 491859
    }, 
    {
        "date": "2012-07-31", 
        "operating_revenue": 521067, 
        "accumulated_operating_revenue": 3368702, 
        "long_term_average": 481243, 
        "short_term_average": 485687
    }, 
    {
        "date": "2012-08-31", 
        "operating_revenue": 530268, 
        "accumulated_operating_revenue": 3898970, 
        "long_term_average": 487371, 
        "short_term_average": 503873
    }, 
    {
        "date": "2012-09-30", 
        "operating_revenue": 492935, 
        "accumulated_operating_revenue": 4391905, 
        "long_term_average": 487989, 
        "short_term_average": 514756
    }, 
    {
        "date": "2012-10-31", 
        "operating_revenue": 553989, 
        "accumulated_operating_revenue": 4945894, 
        "long_term_average": 494589, 
        "short_term_average": 525730
    }, 
    {
        "date": "2012-11-30", 
        "operating_revenue": 531424, 
        "accumulated_operating_revenue": 5477318, 
        "long_term_average": 497938, 
        "short_term_average": 526116
    }, 
    {
        "date": "2012-12-31", 
        "operating_revenue": 516329, 
        "accumulated_operating_revenue": 5993647, 
        "long_term_average": 499470, 
        "short_term_average": 533914
    }, 
    {
        "accumulated_operating_revenue_yoy": 56.948846002535305, 
        "accumulated_operating_revenue": 574483, 
        "long_term_average": 516841, 
        "date": "2013-01-31", 
        "operating_revenue": 574483, 
        "short_term_average": 540745
    }, 
    {
        "accumulated_operating_revenue_yoy": 22.518642263401283, 
        "accumulated_operating_revenue": 1031161, 
        "long_term_average": 515264, 
        "date": "2013-02-28", 
        "operating_revenue": 456678, 
        "short_term_average": 515830
    }, 
    {
        "accumulated_operating_revenue_yoy": 27.918373653572704, 
        "accumulated_operating_revenue": 1755113, 
        "long_term_average": 531391, 
        "date": "2013-03-31", 
        "operating_revenue": 723952, 
        "short_term_average": 585037
    }, 
    {
        "accumulated_operating_revenue_yoy": 22.356103845966732, 
        "accumulated_operating_revenue": 2339007, 
        "long_term_average": 535084, 
        "date": "2013-04-30", 
        "operating_revenue": 583894, 
        "short_term_average": 588174
    }, 
    {
        "accumulated_operating_revenue_yoy": 20.631955934404257, 
        "accumulated_operating_revenue": 2879907, 
        "long_term_average": 540517, 
        "date": "2013-05-31", 
        "operating_revenue": 540900, 
        "short_term_average": 616248
    }, 
    {
        "accumulated_operating_revenue_yoy": 18.78737970280601, 
        "accumulated_operating_revenue": 3382631, 
        "long_term_average": 544053, 
        "date": "2013-06-30", 
        "operating_revenue": 502724, 
        "short_term_average": 542506
    }, 
    {
        "accumulated_operating_revenue_yoy": 17.528234910656984, 
        "accumulated_operating_revenue": 3959176, 
        "long_term_average": 548676, 
        "date": "2013-07-31", 
        "operating_revenue": 576545, 
        "short_term_average": 540056
    }, 
    {
        "accumulated_operating_revenue_yoy": 14.710038805120327, 
        "accumulated_operating_revenue": 4472510, 
        "long_term_average": 547265, 
        "date": "2013-08-31", 
        "operating_revenue": 513334, 
        "short_term_average": 530867
    }, 
    {
        "accumulated_operating_revenue_yoy": 13.189629557105627, 
        "accumulated_operating_revenue": 4971181, 
        "long_term_average": 547743, 
        "date": "2013-09-30", 
        "operating_revenue": 498671, 
        "short_term_average": 529516
    }, 
    {
        "accumulated_operating_revenue_yoy": 12.107416778442886, 
        "accumulated_operating_revenue": 5544714, 
        "long_term_average": 549372, 
        "date": "2013-10-31", 
        "operating_revenue": 573533, 
        "short_term_average": 528512
    }, 
    {
        "accumulated_operating_revenue_yoy": 11.20108418025026, 
        "accumulated_operating_revenue": 6090837, 
        "long_term_average": 550597, 
        "date": "2013-11-30", 
        "operating_revenue": 546123, 
        "short_term_average": 539442
    }, 
    {
        "accumulated_operating_revenue_yoy": 10.021577847344028, 
        "accumulated_operating_revenue": 6594305, 
        "long_term_average": 549525, 
        "date": "2013-12-31", 
        "operating_revenue": 503468, 
        "short_term_average": 541041
    }, 
    {
        "accumulated_operating_revenue_yoy": -12.44440653596364, 
        "accumulated_operating_revenue": 502992, 
        "long_term_average": 543567, 
        "date": "2014-01-31", 
        "operating_revenue": 502992, 
        "short_term_average": 517527
    }, 
    {
        "accumulated_operating_revenue_yoy": -9.336854283666664, 
        "accumulated_operating_revenue": 934883, 
        "long_term_average": 541502, 
        "date": "2014-02-28", 
        "operating_revenue": 431891, 
        "short_term_average": 479450
    }, 
    {
        "accumulated_operating_revenue_yoy": -14.009354383449955, 
        "accumulated_operating_revenue": 1509233, 
        "long_term_average": 529035, 
        "date": "2014-03-31", 
        "operating_revenue": 574350, 
        "short_term_average": 503077
    }, 
    {
        "accumulated_operating_revenue_yoy": -12.173071735142306, 
        "accumulated_operating_revenue": 2054278, 
        "long_term_average": 525798, 
        "date": "2014-04-30", 
        "operating_revenue": 545045, 
        "short_term_average": 517095
    }, 
    {
        "accumulated_operating_revenue_yoy": -9.975322119776784, 
        "accumulated_operating_revenue": 2592627, 
        "long_term_average": 525585, 
        "date": "2014-05-31", 
        "operating_revenue": 538349, 
        "short_term_average": 552581
    }, 
    {
        "accumulated_operating_revenue_yoy": -7.997591224109281, 
        "accumulated_operating_revenue": 3112102, 
        "long_term_average": 526981, 
        "date": "2014-06-30", 
        "operating_revenue": 519475, 
        "short_term_average": 534289
    }, 
    {
        "accumulated_operating_revenue_yoy": -7.349256511961075, 
        "accumulated_operating_revenue": 3668206, 
        "long_term_average": 525277, 
        "date": "2014-07-31", 
        "operating_revenue": 556104, 
        "short_term_average": 537976
    }, 
    {
        "accumulated_operating_revenue_yoy": -6.2007910546874125, 
        "accumulated_operating_revenue": 4195179, 
        "long_term_average": 526414, 
        "date": "2014-08-31", 
        "operating_revenue": 526973, 
        "short_term_average": 534184
    }, 
    {
        "accumulated_operating_revenue_yoy": 0.2751861177454613, 
        "accumulated_operating_revenue": 4984861, 
        "long_term_average": 550665, 
        "date": "2014-09-30", 
        "operating_revenue": 789682, 
        "short_term_average": 624253
    }, 
    {
        "accumulated_operating_revenue_yoy": 0.15988200653811901, 
        "accumulated_operating_revenue": 5553579, 
        "long_term_average": 550264, 
        "date": "2014-10-31", 
        "operating_revenue": 568718, 
        "short_term_average": 628457
    }, 
    {
        "accumulated_operating_revenue_yoy": 1.3374188145241779, 
        "accumulated_operating_revenue": 6172297, 
        "long_term_average": 556313, 
        "date": "2014-11-30", 
        "operating_revenue": 618718, 
        "short_term_average": 659039
    }, 
    {
        "accumulated_operating_revenue_yoy": 2.3754436593393846, 
        "accumulated_operating_revenue": 6750949, 
        "long_term_average": 562579, 
        "date": "2014-12-31", 
        "operating_revenue": 578652, 
        "short_term_average": 588696
    }, 
    {
        "accumulated_operating_revenue_yoy": 4.662300792060311, 
        "accumulated_operating_revenue": 526443, 
        "long_term_average": 564533, 
        "date": "2015-01-31", 
        "operating_revenue": 526443, 
        "short_term_average": 574604
    }, 
    {
        "accumulated_operating_revenue_yoy": -3.667945614584927, 
        "accumulated_operating_revenue": 900592, 
        "long_term_average": 559721, 
        "date": "2015-02-28", 
        "operating_revenue": 374149, 
        "short_term_average": 493081
    }, 
    {
        "accumulated_operating_revenue_yoy": -2.5277740415164525, 
        "accumulated_operating_revenue": 1471083, 
        "long_term_average": 559399, 
        "date": "2015-03-31", 
        "operating_revenue": 570491, 
        "short_term_average": 490361
    }, 
    {
        "accumulated_operating_revenue_yoy": -1.6700758125239135, 
        "accumulated_operating_revenue": 2019970, 
        "long_term_average": 559720, 
        "date": "2015-04-30", 
        "operating_revenue": 548887, 
        "short_term_average": 497842
    }, 
    {
        "accumulated_operating_revenue_yoy": 1.8197372780581242, 
        "accumulated_operating_revenue": 2639806, 
        "long_term_average": 566510, 
        "date": "2015-05-31", 
        "operating_revenue": 619836, 
        "short_term_average": 579738
    }, 
    {
        "accumulated_operating_revenue_yoy": 3.202915585671678, 
        "accumulated_operating_revenue": 3211780, 
        "long_term_average": 570885, 
        "date": "2015-06-30", 
        "operating_revenue": 571974, 
        "short_term_average": 580232
    }, 
    {
        "accumulated_operating_revenue_yoy": 2.34171690466675, 
        "accumulated_operating_revenue": 3754105, 
        "long_term_average": 569737, 
        "date": "2015-07-31", 
        "operating_revenue": 542325, 
        "short_term_average": 578045
    }, 
    {
        "accumulated_operating_revenue_yoy": 1.7367316150276306, 
        "accumulated_operating_revenue": 4268038, 
        "long_term_average": 568650, 
        "date": "2015-08-31", 
        "operating_revenue": 513933, 
        "short_term_average": 542744
    }
]