[
    {
        "date": "2011-09-30", 
        "operating_revenue": 189224, 
        "accumulated_operating_revenue": 189224, 
        "long_term_average": 189224, 
        "short_term_average": 189224
    }, 
    {
        "date": "2011-10-31", 
        "operating_revenue": 219079, 
        "accumulated_operating_revenue": 408303, 
        "long_term_average": 204151, 
        "short_term_average": 204151
    }, 
    {
        "date": "2011-11-30", 
        "operating_revenue": 177097, 
        "accumulated_operating_revenue": 585400, 
        "long_term_average": 195133, 
        "short_term_average": 195133
    }, 
    {
        "date": "2011-12-31", 
        "operating_revenue": 195735, 
        "accumulated_operating_revenue": 781135, 
        "long_term_average": 195283, 
        "short_term_average": 197303
    }, 
    {
        "date": "2012-01-31", 
        "operating_revenue": 91404, 
        "accumulated_operating_revenue": 91404, 
        "long_term_average": 174507, 
        "short_term_average": 154745
    }, 
    {
        "date": "2012-02-29", 
        "operating_revenue": 178928, 
        "accumulated_operating_revenue": 270332, 
        "long_term_average": 175244, 
        "short_term_average": 155355
    }, 
    {
        "date": "2012-03-31", 
        "operating_revenue": 190285, 
        "accumulated_operating_revenue": 460617, 
        "long_term_average": 177393, 
        "short_term_average": 153539
    }, 
    {
        "date": "2012-04-30", 
        "operating_revenue": 176193, 
        "accumulated_operating_revenue": 636810, 
        "long_term_average": 177243, 
        "short_term_average": 181802
    }, 
    {
        "date": "2012-05-31", 
        "operating_revenue": 226881, 
        "accumulated_operating_revenue": 863691, 
        "long_term_average": 182758, 
        "short_term_average": 197786
    }, 
    {
        "date": "2012-06-30", 
        "operating_revenue": 191674, 
        "accumulated_operating_revenue": 1055365, 
        "long_term_average": 183650, 
        "short_term_average": 198249
    }, 
    {
        "date": "2012-07-31", 
        "operating_revenue": 197920, 
        "accumulated_operating_revenue": 1253285, 
        "long_term_average": 184947, 
        "short_term_average": 205491
    }, 
    {
        "date": "2012-08-31", 
        "operating_revenue": 170699, 
        "accumulated_operating_revenue": 1423984, 
        "long_term_average": 183759, 
        "short_term_average": 186764
    }, 
    {
        "accumulated_operating_revenue_yoy": 738.0321735086459, 
        "accumulated_operating_revenue": 1585758, 
        "long_term_average": 181472, 
        "date": "2012-09-30", 
        "operating_revenue": 161774, 
        "short_term_average": 176797
    }, 
    {
        "accumulated_operating_revenue_yoy": 328.71641893397793, 
        "accumulated_operating_revenue": 1750462, 
        "long_term_average": 176941, 
        "date": "2012-10-31", 
        "operating_revenue": 164704, 
        "short_term_average": 165725
    }, 
    {
        "accumulated_operating_revenue_yoy": 233.72070379227878, 
        "accumulated_operating_revenue": 1953601, 
        "long_term_average": 179111, 
        "date": "2012-11-30", 
        "operating_revenue": 203139, 
        "short_term_average": 176539
    }, 
    {
        "accumulated_operating_revenue_yoy": 171.96515327056144, 
        "accumulated_operating_revenue": 2124415, 
        "long_term_average": 177034, 
        "date": "2012-12-31", 
        "operating_revenue": 170814, 
        "short_term_average": 179552
    }, 
    {
        "accumulated_operating_revenue_yoy": 75.68158942715854, 
        "accumulated_operating_revenue": 160580, 
        "long_term_average": 182799, 
        "date": "2013-01-31", 
        "operating_revenue": 160580, 
        "short_term_average": 178177
    }, 
    {
        "accumulated_operating_revenue_yoy": 11.917568027462528, 
        "accumulated_operating_revenue": 302549, 
        "long_term_average": 179719, 
        "date": "2013-02-28", 
        "operating_revenue": 141969, 
        "short_term_average": 157787
    }, 
    {
        "accumulated_operating_revenue_yoy": 11.733826584776507, 
        "accumulated_operating_revenue": 514665, 
        "long_term_average": 181538, 
        "date": "2013-03-31", 
        "operating_revenue": 212116, 
        "short_term_average": 171555
    }, 
    {
        "accumulated_operating_revenue_yoy": 6.700114633878237, 
        "accumulated_operating_revenue": 679477, 
        "long_term_average": 180590, 
        "date": "2013-04-30", 
        "operating_revenue": 164812, 
        "short_term_average": 172965
    }, 
    {
        "accumulated_operating_revenue_yoy": 5.9412451906989885, 
        "accumulated_operating_revenue": 915005, 
        "long_term_average": 181310, 
        "date": "2013-05-31", 
        "operating_revenue": 235528, 
        "short_term_average": 204152
    }, 
    {
        "accumulated_operating_revenue_yoy": 2.51448550975255, 
        "accumulated_operating_revenue": 1081902, 
        "long_term_average": 179246, 
        "date": "2013-06-30", 
        "operating_revenue": 166897, 
        "short_term_average": 189079
    }, 
    {
        "accumulated_operating_revenue_yoy": 0.0579277658313951, 
        "accumulated_operating_revenue": 1254011, 
        "long_term_average": 177095, 
        "date": "2013-07-31", 
        "operating_revenue": 172109, 
        "short_term_average": 191511
    }, 
    {
        "accumulated_operating_revenue_yoy": 0.06432656546702771, 
        "accumulated_operating_revenue": 1424900, 
        "long_term_average": 177110, 
        "date": "2013-08-31", 
        "operating_revenue": 170889, 
        "short_term_average": 169965
    }, 
    {
        "accumulated_operating_revenue_yoy": -0.9921438201793716, 
        "accumulated_operating_revenue": 1570025, 
        "long_term_average": 175723, 
        "date": "2013-09-30", 
        "operating_revenue": 145125, 
        "short_term_average": 162707
    }, 
    {
        "accumulated_operating_revenue_yoy": -1.6423664152663695, 
        "accumulated_operating_revenue": 1721713, 
        "long_term_average": 174638, 
        "date": "2013-10-31", 
        "operating_revenue": 151688, 
        "short_term_average": 155900
    }, 
    {
        "accumulated_operating_revenue_yoy": -3.634109523899711, 
        "accumulated_operating_revenue": 1882605, 
        "long_term_average": 171118, 
        "date": "2013-11-30", 
        "operating_revenue": 160892, 
        "short_term_average": 152568
    }, 
    {
        "accumulated_operating_revenue_yoy": -5.264837614119652, 
        "accumulated_operating_revenue": 2012568, 
        "long_term_average": 167714, 
        "date": "2013-12-31", 
        "operating_revenue": 129963, 
        "short_term_average": 147514
    }, 
    {
        "accumulated_operating_revenue_yoy": -45.184954539793246, 
        "accumulated_operating_revenue": 88022, 
        "long_term_average": 161667, 
        "date": "2014-01-31", 
        "operating_revenue": 88022, 
        "short_term_average": 126292
    }, 
    {
        "accumulated_operating_revenue_yoy": -30.42482374755825, 
        "accumulated_operating_revenue": 210499, 
        "long_term_average": 160043, 
        "date": "2014-02-28", 
        "operating_revenue": 122477, 
        "short_term_average": 113487
    }, 
    {
        "accumulated_operating_revenue_yoy": -29.20054792923552, 
        "accumulated_operating_revenue": 364380, 
        "long_term_average": 155190, 
        "date": "2014-03-31", 
        "operating_revenue": 153881, 
        "short_term_average": 121460
    }, 
    {
        "accumulated_operating_revenue_yoy": -23.264952308908175, 
        "accumulated_operating_revenue": 521397, 
        "long_term_average": 154540, 
        "date": "2014-04-30", 
        "operating_revenue": 157017, 
        "short_term_average": 144458
    }, 
    {
        "accumulated_operating_revenue_yoy": -22.44031453380036, 
        "accumulated_operating_revenue": 709675, 
        "long_term_average": 150603, 
        "date": "2014-05-31", 
        "operating_revenue": 188278, 
        "short_term_average": 166392
    }, 
    {
        "accumulated_operating_revenue_yoy": -22.814081127495836, 
        "accumulated_operating_revenue": 835076, 
        "long_term_average": 147145, 
        "date": "2014-06-30", 
        "operating_revenue": 125401, 
        "short_term_average": 156898
    }, 
    {
        "accumulated_operating_revenue_yoy": -21.127805098998333, 
        "accumulated_operating_revenue": 989066, 
        "long_term_average": 145635, 
        "date": "2014-07-31", 
        "operating_revenue": 153990, 
        "short_term_average": 155889
    }, 
    {
        "accumulated_operating_revenue_yoy": -21.352726507123307, 
        "accumulated_operating_revenue": 1120645, 
        "long_term_average": 142359, 
        "date": "2014-08-31", 
        "operating_revenue": 131579, 
        "short_term_average": 136990
    }, 
    {
        "accumulated_operating_revenue_yoy": -20.330631677839524, 
        "accumulated_operating_revenue": 1250829, 
        "long_term_average": 141114, 
        "date": "2014-09-30", 
        "operating_revenue": 130184, 
        "short_term_average": 138584
    }, 
    {
        "accumulated_operating_revenue_yoy": -19.74550926896643, 
        "accumulated_operating_revenue": 1381752, 
        "long_term_average": 139383, 
        "date": "2014-10-31", 
        "operating_revenue": 130923, 
        "short_term_average": 130895
    }, 
    {
        "accumulated_operating_revenue_yoy": -20.949854058604963, 
        "accumulated_operating_revenue": 1488202, 
        "long_term_average": 134847, 
        "date": "2014-11-30", 
        "operating_revenue": 106450, 
        "short_term_average": 122519
    }, 
    {
        "accumulated_operating_revenue_yoy": -24.167183419392536, 
        "accumulated_operating_revenue": 1526187, 
        "long_term_average": 127182, 
        "date": "2014-12-31", 
        "operating_revenue": 37985, 
        "short_term_average": 91786
    }, 
    {
        "accumulated_operating_revenue_yoy": -62.14241894071937, 
        "accumulated_operating_revenue": 33323, 
        "long_term_average": 122624, 
        "date": "2015-01-31", 
        "operating_revenue": 33323, 
        "short_term_average": 59252
    }, 
    {
        "accumulated_operating_revenue_yoy": -75.44168855909055, 
        "accumulated_operating_revenue": 51695, 
        "long_term_average": 113948, 
        "date": "2015-02-28", 
        "operating_revenue": 18372, 
        "short_term_average": 29893
    }, 
    {
        "accumulated_operating_revenue_yoy": -77.20346890608705, 
        "accumulated_operating_revenue": 83066, 
        "long_term_average": 103739, 
        "date": "2015-03-31", 
        "operating_revenue": 31371, 
        "short_term_average": 27688
    }, 
    {
        "accumulated_operating_revenue_yoy": -78.66174910864466, 
        "accumulated_operating_revenue": 111257, 
        "long_term_average": 93003, 
        "date": "2015-04-30", 
        "operating_revenue": 28191, 
        "short_term_average": 25978
    }, 
    {
        "accumulated_operating_revenue_yoy": -81.24127241342867, 
        "accumulated_operating_revenue": 133126, 
        "long_term_average": 79136, 
        "date": "2015-05-31", 
        "operating_revenue": 21869, 
        "short_term_average": 27143
    }, 
    {
        "accumulated_operating_revenue_yoy": -82.13575770349047, 
        "accumulated_operating_revenue": 149180, 
        "long_term_average": 70024, 
        "date": "2015-06-30", 
        "operating_revenue": 16054, 
        "short_term_average": 22038
    }, 
    {
        "accumulated_operating_revenue_yoy": -83.36076662224765, 
        "accumulated_operating_revenue": 164573, 
        "long_term_average": 58474, 
        "date": "2015-07-31", 
        "operating_revenue": 15393, 
        "short_term_average": 17772
    }, 
    {
        "accumulated_operating_revenue_yoy": -84.39148883009338, 
        "accumulated_operating_revenue": 174916, 
        "long_term_average": 48371, 
        "date": "2015-08-31", 
        "operating_revenue": 10343, 
        "short_term_average": 13930
    }, 
    {
        "accumulated_operating_revenue_yoy": -85.14401249091603, 
        "accumulated_operating_revenue": 185823, 
        "long_term_average": 38431, 
        "date": "2015-09-30", 
        "operating_revenue": 10907, 
        "short_term_average": 12214
    }, 
    {
        "accumulated_operating_revenue_yoy": -85.98554588667142, 
        "accumulated_operating_revenue": 193645, 
        "long_term_average": 28173, 
        "date": "2015-10-31", 
        "operating_revenue": 7822, 
        "short_term_average": 9690
    }
]