[
    {
        "date": "2012-01-31", 
        "operating_revenue": 2888482, 
        "accumulated_operating_revenue": 2888482, 
        "long_term_average": 2888482, 
        "short_term_average": 2888482
    }, 
    {
        "date": "2012-02-29", 
        "operating_revenue": 3562650, 
        "accumulated_operating_revenue": 6451132, 
        "long_term_average": 3225566, 
        "short_term_average": 3225566
    }, 
    {
        "date": "2012-03-31", 
        "operating_revenue": 3824154, 
        "accumulated_operating_revenue": 10275286, 
        "long_term_average": 3425095, 
        "short_term_average": 3425095
    }, 
    {
        "date": "2012-04-30", 
        "operating_revenue": 3890445, 
        "accumulated_operating_revenue": 14165731, 
        "long_term_average": 3541432, 
        "short_term_average": 3759083
    }, 
    {
        "date": "2012-05-31", 
        "operating_revenue": 3856821, 
        "accumulated_operating_revenue": 18022552, 
        "long_term_average": 3604510, 
        "short_term_average": 3857140
    }, 
    {
        "date": "2012-06-30", 
        "operating_revenue": 3866542, 
        "accumulated_operating_revenue": 21889094, 
        "long_term_average": 3648182, 
        "short_term_average": 3871269
    }, 
    {
        "date": "2012-07-31", 
        "operating_revenue": 3596404, 
        "accumulated_operating_revenue": 25485498, 
        "long_term_average": 3640785, 
        "short_term_average": 3773255
    }, 
    {
        "date": "2012-08-31", 
        "operating_revenue": 3661379, 
        "accumulated_operating_revenue": 29146877, 
        "long_term_average": 3643359, 
        "short_term_average": 3708108
    }, 
    {
        "date": "2012-09-30", 
        "operating_revenue": 3762481, 
        "accumulated_operating_revenue": 32909358, 
        "long_term_average": 3656595, 
        "short_term_average": 3673421
    }, 
    {
        "date": "2012-10-31", 
        "operating_revenue": 4028790, 
        "accumulated_operating_revenue": 36938148, 
        "long_term_average": 3693814, 
        "short_term_average": 3817550
    }, 
    {
        "date": "2012-11-30", 
        "operating_revenue": 4402258, 
        "accumulated_operating_revenue": 41340406, 
        "long_term_average": 3758218, 
        "short_term_average": 4064509
    }, 
    {
        "date": "2012-12-31", 
        "operating_revenue": 4513097, 
        "accumulated_operating_revenue": 45853503, 
        "long_term_average": 3821125, 
        "short_term_average": 4314715
    }, 
    {
        "accumulated_operating_revenue_yoy": 44.40671605362263, 
        "accumulated_operating_revenue": 4171162, 
        "long_term_average": 3928015, 
        "date": "2013-01-31", 
        "operating_revenue": 4171162, 
        "short_term_average": 4362172
    }, 
    {
        "accumulated_operating_revenue_yoy": 11.586400650304473, 
        "accumulated_operating_revenue": 7198586, 
        "long_term_average": 3883413, 
        "date": "2013-02-28", 
        "operating_revenue": 3027424, 
        "short_term_average": 3903894
    }, 
    {
        "accumulated_operating_revenue_yoy": 0.944732827874572, 
        "accumulated_operating_revenue": 10372360, 
        "long_term_average": 3829214, 
        "date": "2013-03-31", 
        "operating_revenue": 3173774, 
        "short_term_average": 3457453
    }, 
    {
        "accumulated_operating_revenue_yoy": -1.972647934653002, 
        "accumulated_operating_revenue": 13886291, 
        "long_term_average": 3797838, 
        "date": "2013-04-30", 
        "operating_revenue": 3513931, 
        "short_term_average": 3238376
    }, 
    {
        "accumulated_operating_revenue_yoy": -3.0790922395452096, 
        "accumulated_operating_revenue": 17467621, 
        "long_term_average": 3774881, 
        "date": "2013-05-31", 
        "operating_revenue": 3581330, 
        "short_term_average": 3423011
    }, 
    {
        "accumulated_operating_revenue_yoy": -5.20156293357779, 
        "accumulated_operating_revenue": 20750519, 
        "long_term_average": 3726244, 
        "date": "2013-06-30", 
        "operating_revenue": 3282898, 
        "short_term_average": 3459386
    }, 
    {
        "accumulated_operating_revenue_yoy": -4.531412334967911, 
        "accumulated_operating_revenue": 24330645, 
        "long_term_average": 3724887, 
        "date": "2013-07-31", 
        "operating_revenue": 3580126, 
        "short_term_average": 3481451
    }, 
    {
        "accumulated_operating_revenue_yoy": -4.074841362935727, 
        "accumulated_operating_revenue": 27959188, 
        "long_term_average": 3722151, 
        "date": "2013-08-31", 
        "operating_revenue": 3628543, 
        "short_term_average": 3497189
    }, 
    {
        "accumulated_operating_revenue_yoy": -4.400064565221844, 
        "accumulated_operating_revenue": 31461325, 
        "long_term_average": 3700455, 
        "date": "2013-09-30", 
        "operating_revenue": 3502137, 
        "short_term_average": 3570268
    }, 
    {
        "accumulated_operating_revenue_yoy": -5.336074239563933, 
        "accumulated_operating_revenue": 34967101, 
        "long_term_average": 3656871, 
        "date": "2013-10-31", 
        "operating_revenue": 3505776, 
        "short_term_average": 3545485
    }, 
    {
        "accumulated_operating_revenue_yoy": -6.439017555850807, 
        "accumulated_operating_revenue": 38678490, 
        "long_term_average": 3599298, 
        "date": "2013-11-30", 
        "operating_revenue": 3711389, 
        "short_term_average": 3573100
    }, 
    {
        "accumulated_operating_revenue_yoy": -4.558478334795926, 
        "accumulated_operating_revenue": 43763281, 
        "long_term_average": 3646940, 
        "date": "2013-12-31", 
        "operating_revenue": 5084791, 
        "short_term_average": 4100652
    }, 
    {
        "accumulated_operating_revenue_yoy": -16.217423346300144, 
        "accumulated_operating_revenue": 3494707, 
        "long_term_average": 3590568, 
        "date": "2014-01-31", 
        "operating_revenue": 3494707, 
        "short_term_average": 4096962
    }, 
    {
        "accumulated_operating_revenue_yoy": -5.698813628120856, 
        "accumulated_operating_revenue": 6788352, 
        "long_term_average": 3612753, 
        "date": "2014-02-28", 
        "operating_revenue": 3293645, 
        "short_term_average": 3957714
    }, 
    {
        "accumulated_operating_revenue_yoy": -5.08928536996402, 
        "accumulated_operating_revenue": 9844481, 
        "long_term_average": 3602950, 
        "date": "2014-03-31", 
        "operating_revenue": 3056129, 
        "short_term_average": 3281493
    }, 
    {
        "accumulated_operating_revenue_yoy": -2.2493191306447486, 
        "accumulated_operating_revenue": 13573944, 
        "long_term_average": 3620911, 
        "date": "2014-04-30", 
        "operating_revenue": 3729463, 
        "short_term_average": 3359745
    }, 
    {
        "accumulated_operating_revenue_yoy": -1.41156600546806, 
        "accumulated_operating_revenue": 17221054, 
        "long_term_average": 3626392, 
        "date": "2014-05-31", 
        "operating_revenue": 3647110, 
        "short_term_average": 3477567
    }, 
    {
        "accumulated_operating_revenue_yoy": -0.23101108940937815, 
        "accumulated_operating_revenue": 20702583, 
        "long_term_average": 3642945, 
        "date": "2014-06-30", 
        "operating_revenue": 3481529, 
        "short_term_average": 3619367
    }, 
    {
        "accumulated_operating_revenue_yoy": 0.5826725925268319, 
        "accumulated_operating_revenue": 24472413, 
        "long_term_average": 3658754, 
        "date": "2014-07-31", 
        "operating_revenue": 3769830, 
        "short_term_average": 3632823
    }, 
    {
        "accumulated_operating_revenue_yoy": 0.17382836726159573, 
        "accumulated_operating_revenue": 28007789, 
        "long_term_average": 3650990, 
        "date": "2014-08-31", 
        "operating_revenue": 3535376, 
        "short_term_average": 3595578
    }, 
    {
        "accumulated_operating_revenue_yoy": 1.3592657016193692, 
        "accumulated_operating_revenue": 31888968, 
        "long_term_average": 3682577, 
        "date": "2014-09-30", 
        "operating_revenue": 3881179, 
        "short_term_average": 3728795
    }, 
    {
        "accumulated_operating_revenue_yoy": 2.468388786362358, 
        "accumulated_operating_revenue": 35830225, 
        "long_term_average": 3718867, 
        "date": "2014-10-31", 
        "operating_revenue": 3941257, 
        "short_term_average": 3785937
    }, 
    {
        "accumulated_operating_revenue_yoy": 2.38989422803217, 
        "accumulated_operating_revenue": 39602865, 
        "long_term_average": 3723971, 
        "date": "2014-11-30", 
        "operating_revenue": 3772640, 
        "short_term_average": 3865025
    }, 
    {
        "accumulated_operating_revenue_yoy": 0.8768926625953845, 
        "accumulated_operating_revenue": 44147038, 
        "long_term_average": 3678919, 
        "date": "2014-12-31", 
        "operating_revenue": 4544173, 
        "short_term_average": 4086023
    }, 
    {
        "accumulated_operating_revenue_yoy": 12.199019831991638, 
        "accumulated_operating_revenue": 3921027, 
        "long_term_average": 3714446, 
        "date": "2015-01-31", 
        "operating_revenue": 3921027, 
        "short_term_average": 4079280
    }, 
    {
        "accumulated_operating_revenue_yoy": 2.925761657615869, 
        "accumulated_operating_revenue": 6986963, 
        "long_term_average": 3695470, 
        "date": "2015-02-28", 
        "operating_revenue": 3065936, 
        "short_term_average": 3843712
    }, 
    {
        "accumulated_operating_revenue_yoy": 9.4505032819912, 
        "accumulated_operating_revenue": 10774834, 
        "long_term_average": 3756449, 
        "date": "2015-03-31", 
        "operating_revenue": 3787871, 
        "short_term_average": 3591611
    }, 
    {
        "accumulated_operating_revenue_yoy": 6.636199471575837, 
        "accumulated_operating_revenue": 14474738, 
        "long_term_average": 3753986, 
        "date": "2015-04-30", 
        "operating_revenue": 3699904, 
        "short_term_average": 3517903
    }, 
    {
        "accumulated_operating_revenue_yoy": 4.871565933188526, 
        "accumulated_operating_revenue": 18059989, 
        "long_term_average": 3748831, 
        "date": "2015-05-31", 
        "operating_revenue": 3585251, 
        "short_term_average": 3691008
    }, 
    {
        "accumulated_operating_revenue_yoy": 3.7226369289281442, 
        "accumulated_operating_revenue": 21473265, 
        "long_term_average": 3743143, 
        "date": "2015-06-30", 
        "operating_revenue": 3413276, 
        "short_term_average": 3566143
    }, 
    {
        "accumulated_operating_revenue_yoy": 3.2228289053474213, 
        "accumulated_operating_revenue": 25261117, 
        "long_term_average": 3744645, 
        "date": "2015-07-31", 
        "operating_revenue": 3787852, 
        "short_term_average": 3595459
    }, 
    {
        "accumulated_operating_revenue_yoy": 2.9510362278150555, 
        "accumulated_operating_revenue": 28834309, 
        "long_term_average": 3747796, 
        "date": "2015-08-31", 
        "operating_revenue": 3573192, 
        "short_term_average": 3591440
    }, 
    {
        "accumulated_operating_revenue_yoy": 1.6457603770683327, 
        "accumulated_operating_revenue": 32413784, 
        "long_term_average": 3722654, 
        "date": "2015-09-30", 
        "operating_revenue": 3579475, 
        "short_term_average": 3646839
    }, 
    {
        "accumulated_operating_revenue_yoy": 0.4422606891248938, 
        "accumulated_operating_revenue": 35988688, 
        "long_term_average": 3692125, 
        "date": "2015-10-31", 
        "operating_revenue": 3574904, 
        "short_term_average": 3575857
    }
]