[
    {
        "date": "2012-01-31", 
        "operating_revenue": 659029, 
        "accumulated_operating_revenue": 659029, 
        "long_term_average": 659029, 
        "short_term_average": 659029
    }, 
    {
        "date": "2012-02-29", 
        "operating_revenue": 749710, 
        "accumulated_operating_revenue": 1408739, 
        "long_term_average": 704369, 
        "short_term_average": 704369
    }, 
    {
        "date": "2012-03-31", 
        "operating_revenue": 779025, 
        "accumulated_operating_revenue": 2187764, 
        "long_term_average": 729254, 
        "short_term_average": 729254
    }, 
    {
        "date": "2012-04-30", 
        "operating_revenue": 740927, 
        "accumulated_operating_revenue": 2928691, 
        "long_term_average": 732172, 
        "short_term_average": 756554
    }, 
    {
        "date": "2012-05-31", 
        "operating_revenue": 706827, 
        "accumulated_operating_revenue": 3635518, 
        "long_term_average": 727103, 
        "short_term_average": 742259
    }, 
    {
        "date": "2012-06-30", 
        "operating_revenue": 633843, 
        "accumulated_operating_revenue": 4269361, 
        "long_term_average": 711560, 
        "short_term_average": 693865
    }, 
    {
        "date": "2012-07-31", 
        "operating_revenue": 649460, 
        "accumulated_operating_revenue": 4918821, 
        "long_term_average": 702688, 
        "short_term_average": 663376
    }, 
    {
        "date": "2012-08-31", 
        "operating_revenue": 596803, 
        "accumulated_operating_revenue": 5515624, 
        "long_term_average": 689453, 
        "short_term_average": 626702
    }, 
    {
        "date": "2012-09-30", 
        "operating_revenue": 662375, 
        "accumulated_operating_revenue": 6177999, 
        "long_term_average": 686444, 
        "short_term_average": 636212
    }, 
    {
        "date": "2012-10-31", 
        "operating_revenue": 1685486, 
        "accumulated_operating_revenue": 7863485, 
        "long_term_average": 786348, 
        "short_term_average": 981554
    }, 
    {
        "date": "2012-11-30", 
        "operating_revenue": 1663079, 
        "accumulated_operating_revenue": 9526564, 
        "long_term_average": 866051, 
        "short_term_average": 1336980
    }, 
    {
        "date": "2012-12-31", 
        "operating_revenue": 1607941, 
        "accumulated_operating_revenue": 11134505, 
        "long_term_average": 927875, 
        "short_term_average": 1652168
    }, 
    {
        "accumulated_operating_revenue_yoy": 151.78118110128688, 
        "accumulated_operating_revenue": 1659311, 
        "long_term_average": 1011232, 
        "date": "2013-01-31", 
        "operating_revenue": 1659311, 
        "short_term_average": 1643443
    }, 
    {
        "accumulated_operating_revenue_yoy": 117.90494903598183, 
        "accumulated_operating_revenue": 3069712, 
        "long_term_average": 1066289, 
        "date": "2013-02-28", 
        "operating_revenue": 1410401, 
        "short_term_average": 1559217
    }, 
    {
        "accumulated_operating_revenue_yoy": 121.56494027692202, 
        "accumulated_operating_revenue": 4847318, 
        "long_term_average": 1149504, 
        "date": "2013-03-31", 
        "operating_revenue": 1777606, 
        "short_term_average": 1615772
    }, 
    {
        "accumulated_operating_revenue_yoy": 124.03012130675447, 
        "accumulated_operating_revenue": 6561150, 
        "long_term_average": 1230580, 
        "date": "2013-04-30", 
        "operating_revenue": 1713832, 
        "short_term_average": 1633946
    }, 
    {
        "accumulated_operating_revenue_yoy": 125.462891395394, 
        "accumulated_operating_revenue": 8196744, 
        "long_term_average": 1307977, 
        "date": "2013-05-31", 
        "operating_revenue": 1635594, 
        "short_term_average": 1709010
    }, 
    {
        "accumulated_operating_revenue_yoy": 129.3252549971764, 
        "accumulated_operating_revenue": 9790723, 
        "long_term_average": 1387988, 
        "date": "2013-06-30", 
        "operating_revenue": 1593979, 
        "short_term_average": 1647801
    }, 
    {
        "accumulated_operating_revenue_yoy": 132.6234477733587, 
        "accumulated_operating_revenue": 11442331, 
        "long_term_average": 1471501, 
        "date": "2013-07-31", 
        "operating_revenue": 1651608, 
        "short_term_average": 1627060
    }, 
    {
        "accumulated_operating_revenue_yoy": 138.13854969084187, 
        "accumulated_operating_revenue": 13134827, 
        "long_term_average": 1562809, 
        "date": "2013-08-31", 
        "operating_revenue": 1692496, 
        "short_term_average": 1646027
    }, 
    {
        "accumulated_operating_revenue_yoy": 139.57336347901642, 
        "accumulated_operating_revenue": 14800840, 
        "long_term_average": 1646445, 
        "date": "2013-09-30", 
        "operating_revenue": 1666013, 
        "short_term_average": 1670039
    }, 
    {
        "accumulated_operating_revenue_yoy": 110.51510875902989, 
        "accumulated_operating_revenue": 16553824, 
        "long_term_average": 1652070, 
        "date": "2013-10-31", 
        "operating_revenue": 1752984, 
        "short_term_average": 1703831
    }, 
    {
        "accumulated_operating_revenue_yoy": 92.83887664009815, 
        "accumulated_operating_revenue": 18370919, 
        "long_term_average": 1664905, 
        "date": "2013-11-30", 
        "operating_revenue": 1817095, 
        "short_term_average": 1745364
    }, 
    {
        "accumulated_operating_revenue_yoy": 81.33677249235596, 
        "accumulated_operating_revenue": 20190952, 
        "long_term_average": 1682579, 
        "date": "2013-12-31", 
        "operating_revenue": 1820033, 
        "short_term_average": 1796704
    }, 
    {
        "accumulated_operating_revenue_yoy": 7.9699345089618525, 
        "accumulated_operating_revenue": 1791557, 
        "long_term_average": 1693599, 
        "date": "2014-01-31", 
        "operating_revenue": 1791557, 
        "short_term_average": 1809561
    }, 
    {
        "accumulated_operating_revenue_yoy": 10.035729736209781, 
        "accumulated_operating_revenue": 3377780, 
        "long_term_average": 1708251, 
        "date": "2014-02-28", 
        "operating_revenue": 1586223, 
        "short_term_average": 1732604
    }, 
    {
        "accumulated_operating_revenue_yoy": 6.475106440303689, 
        "accumulated_operating_revenue": 5161187, 
        "long_term_average": 1708735, 
        "date": "2014-03-31", 
        "operating_revenue": 1783407, 
        "short_term_average": 1720395
    }, 
    {
        "accumulated_operating_revenue_yoy": 5.489815047666949, 
        "accumulated_operating_revenue": 6921345, 
        "long_term_average": 1712595, 
        "date": "2014-04-30", 
        "operating_revenue": 1760158, 
        "short_term_average": 1709929
    }, 
    {
        "accumulated_operating_revenue_yoy": 6.076607979949111, 
        "accumulated_operating_revenue": 8694828, 
        "long_term_average": 1724086, 
        "date": "2014-05-31", 
        "operating_revenue": 1773483, 
        "short_term_average": 1772349
    }, 
    {
        "accumulated_operating_revenue_yoy": 6.479991314226743, 
        "accumulated_operating_revenue": 10425161, 
        "long_term_average": 1735449, 
        "date": "2014-06-30", 
        "operating_revenue": 1730333, 
        "short_term_average": 1754658
    }, 
    {
        "accumulated_operating_revenue_yoy": 5.618225866739915, 
        "accumulated_operating_revenue": 12085187, 
        "long_term_average": 1736150, 
        "date": "2014-07-31", 
        "operating_revenue": 1660026, 
        "short_term_average": 1721280
    }, 
    {
        "accumulated_operating_revenue_yoy": 4.989056955222935, 
        "accumulated_operating_revenue": 13790131, 
        "long_term_average": 1737188, 
        "date": "2014-08-31", 
        "operating_revenue": 1704944, 
        "short_term_average": 1698434
    }, 
    {
        "accumulated_operating_revenue_yoy": 4.780884057931847, 
        "accumulated_operating_revenue": 15508451, 
        "long_term_average": 1741546, 
        "date": "2014-09-30", 
        "operating_revenue": 1718320, 
        "short_term_average": 1694430
    }, 
    {
        "accumulated_operating_revenue_yoy": 4.856309937812556, 
        "accumulated_operating_revenue": 17357729, 
        "long_term_average": 1749571, 
        "date": "2014-10-31", 
        "operating_revenue": 1849278, 
        "short_term_average": 1757514
    }, 
    {
        "accumulated_operating_revenue_yoy": 4.278893178942218, 
        "accumulated_operating_revenue": 19156991, 
        "long_term_average": 1748085, 
        "date": "2014-11-30", 
        "operating_revenue": 1799262, 
        "short_term_average": 1788953
    }, 
    {
        "accumulated_operating_revenue_yoy": 4.724779693399301, 
        "accumulated_operating_revenue": 21144930, 
        "long_term_average": 1762077, 
        "date": "2014-12-31", 
        "operating_revenue": 1987939, 
        "short_term_average": 1878826
    }, 
    {
        "accumulated_operating_revenue_yoy": -1.3162852200627722, 
        "accumulated_operating_revenue": 1767975, 
        "long_term_average": 1760112, 
        "date": "2015-01-31", 
        "operating_revenue": 1767975, 
        "short_term_average": 1851725
    }, 
    {
        "accumulated_operating_revenue_yoy": -7.946077009159862, 
        "accumulated_operating_revenue": 3109379, 
        "long_term_average": 1739710, 
        "date": "2015-02-28", 
        "operating_revenue": 1341404, 
        "short_term_average": 1699106
    }, 
    {
        "accumulated_operating_revenue_yoy": -3.735129147616624, 
        "accumulated_operating_revenue": 4968410, 
        "long_term_average": 1746012, 
        "date": "2015-03-31", 
        "operating_revenue": 1859031, 
        "short_term_average": 1656136
    }, 
    {
        "accumulated_operating_revenue_yoy": -3.5762268749787793, 
        "accumulated_operating_revenue": 6673822, 
        "long_term_average": 1741450, 
        "date": "2015-04-30", 
        "operating_revenue": 1705412, 
        "short_term_average": 1635282
    }, 
    {
        "accumulated_operating_revenue_yoy": -3.752771187653166, 
        "accumulated_operating_revenue": 8368531, 
        "long_term_average": 1734886, 
        "date": "2015-05-31", 
        "operating_revenue": 1694709, 
        "short_term_average": 1753050
    }, 
    {
        "accumulated_operating_revenue_yoy": -3.04485465500245, 
        "accumulated_operating_revenue": 10107730, 
        "long_term_average": 1735624, 
        "date": "2015-06-30", 
        "operating_revenue": 1739199, 
        "short_term_average": 1713106
    }, 
    {
        "accumulated_operating_revenue_yoy": -1.3043654185905438, 
        "accumulated_operating_revenue": 11927552, 
        "long_term_average": 1748941, 
        "date": "2015-07-31", 
        "operating_revenue": 1819822, 
        "short_term_average": 1751243
    }, 
    {
        "accumulated_operating_revenue_yoy": -0.6476008095934694, 
        "accumulated_operating_revenue": 13700826, 
        "long_term_average": 1754635, 
        "date": "2015-08-31", 
        "operating_revenue": 1773274, 
        "short_term_average": 1777431
    }
]