[
    {
        "date": "2012-01-31", 
        "operating_revenue": 28517, 
        "accumulated_operating_revenue": 28517, 
        "long_term_average": 28517, 
        "short_term_average": 28517
    }, 
    {
        "date": "2012-02-29", 
        "operating_revenue": 42264, 
        "accumulated_operating_revenue": 70781, 
        "long_term_average": 35390, 
        "short_term_average": 35390
    }, 
    {
        "date": "2012-03-31", 
        "operating_revenue": 37013, 
        "accumulated_operating_revenue": 107794, 
        "long_term_average": 35931, 
        "short_term_average": 35931
    }, 
    {
        "date": "2012-04-30", 
        "operating_revenue": 14069, 
        "accumulated_operating_revenue": 121863, 
        "long_term_average": 30465, 
        "short_term_average": 31115
    }, 
    {
        "date": "2012-05-31", 
        "operating_revenue": 28276, 
        "accumulated_operating_revenue": 150139, 
        "long_term_average": 30027, 
        "short_term_average": 26452
    }, 
    {
        "date": "2012-06-30", 
        "operating_revenue": 39754, 
        "accumulated_operating_revenue": 189893, 
        "long_term_average": 31648, 
        "short_term_average": 27366
    }, 
    {
        "date": "2012-07-31", 
        "operating_revenue": 38560, 
        "accumulated_operating_revenue": 228453, 
        "long_term_average": 32636, 
        "short_term_average": 35530
    }, 
    {
        "date": "2012-08-31", 
        "operating_revenue": 56480, 
        "accumulated_operating_revenue": 284933, 
        "long_term_average": 35616, 
        "short_term_average": 44931
    }, 
    {
        "date": "2012-09-30", 
        "operating_revenue": 54844, 
        "accumulated_operating_revenue": 339777, 
        "long_term_average": 37753, 
        "short_term_average": 49961
    }, 
    {
        "date": "2012-10-31", 
        "operating_revenue": 35295, 
        "accumulated_operating_revenue": 375072, 
        "long_term_average": 37507, 
        "short_term_average": 48873
    }, 
    {
        "date": "2012-11-30", 
        "operating_revenue": 49744, 
        "accumulated_operating_revenue": 424816, 
        "long_term_average": 38619, 
        "short_term_average": 46627
    }, 
    {
        "date": "2012-12-31", 
        "operating_revenue": 43564, 
        "accumulated_operating_revenue": 468380, 
        "long_term_average": 39031, 
        "short_term_average": 42867
    }, 
    {
        "accumulated_operating_revenue_yoy": 72.22709261142477, 
        "accumulated_operating_revenue": 49114, 
        "long_term_average": 40748, 
        "date": "2013-01-31", 
        "operating_revenue": 49114, 
        "short_term_average": 47474
    }, 
    {
        "accumulated_operating_revenue_yoy": 19.143555473926618, 
        "accumulated_operating_revenue": 84331, 
        "long_term_average": 40160, 
        "date": "2013-02-28", 
        "operating_revenue": 35217, 
        "short_term_average": 42631
    }, 
    {
        "accumulated_operating_revenue_yoy": 28.360576655472475, 
        "accumulated_operating_revenue": 138365, 
        "long_term_average": 41579, 
        "date": "2013-03-31", 
        "operating_revenue": 54034, 
        "short_term_average": 46121
    }, 
    {
        "accumulated_operating_revenue_yoy": 59.280503516243655, 
        "accumulated_operating_revenue": 194104, 
        "long_term_average": 45051, 
        "date": "2013-04-30", 
        "operating_revenue": 55739, 
        "short_term_average": 48330
    }, 
    {
        "accumulated_operating_revenue_yoy": 68.62240990015918, 
        "accumulated_operating_revenue": 253168, 
        "long_term_average": 47617, 
        "date": "2013-05-31", 
        "operating_revenue": 59064, 
        "short_term_average": 56279
    }, 
    {
        "accumulated_operating_revenue_yoy": 60.72261747405118, 
        "accumulated_operating_revenue": 305201, 
        "long_term_average": 48640, 
        "date": "2013-06-30", 
        "operating_revenue": 52033, 
        "short_term_average": 55612
    }, 
    {
        "accumulated_operating_revenue_yoy": 52.40815397477818, 
        "accumulated_operating_revenue": 348181, 
        "long_term_average": 49009, 
        "date": "2013-07-31", 
        "operating_revenue": 42980, 
        "short_term_average": 51359
    }, 
    {
        "accumulated_operating_revenue_yoy": 35.469040090126455, 
        "accumulated_operating_revenue": 385996, 
        "long_term_average": 47453, 
        "date": "2013-08-31", 
        "operating_revenue": 37815, 
        "short_term_average": 44276
    }, 
    {
        "accumulated_operating_revenue_yoy": 23.35237523434488, 
        "accumulated_operating_revenue": 419123, 
        "long_term_average": 45643, 
        "date": "2013-09-30", 
        "operating_revenue": 33127, 
        "short_term_average": 37974
    }, 
    {
        "accumulated_operating_revenue_yoy": 19.68422062963911, 
        "accumulated_operating_revenue": 448902, 
        "long_term_average": 45184, 
        "date": "2013-10-31", 
        "operating_revenue": 29779, 
        "short_term_average": 33573
    }, 
    {
        "accumulated_operating_revenue_yoy": 11.356446084893225, 
        "accumulated_operating_revenue": 473060, 
        "long_term_average": 43052, 
        "date": "2013-11-30", 
        "operating_revenue": 24158, 
        "short_term_average": 29021
    }, 
    {
        "accumulated_operating_revenue_yoy": 7.57867543447628, 
        "accumulated_operating_revenue": 503877, 
        "long_term_average": 41989, 
        "date": "2013-12-31", 
        "operating_revenue": 30817, 
        "short_term_average": 28251
    }, 
    {
        "accumulated_operating_revenue_yoy": -31.241601172781692, 
        "accumulated_operating_revenue": 33770, 
        "long_term_average": 40711, 
        "date": "2014-01-31", 
        "operating_revenue": 33770, 
        "short_term_average": 29581
    }, 
    {
        "accumulated_operating_revenue_yoy": -21.23299854146162, 
        "accumulated_operating_revenue": 66425, 
        "long_term_average": 40497, 
        "date": "2014-02-28", 
        "operating_revenue": 32655, 
        "short_term_average": 32414
    }, 
    {
        "accumulated_operating_revenue_yoy": -29.697539117551404, 
        "accumulated_operating_revenue": 97274, 
        "long_term_average": 38565, 
        "date": "2014-03-31", 
        "operating_revenue": 30849, 
        "short_term_average": 32424
    }, 
    {
        "accumulated_operating_revenue_yoy": -26.421918146972757, 
        "accumulated_operating_revenue": 142818, 
        "long_term_average": 37715, 
        "date": "2014-04-30", 
        "operating_revenue": 45544, 
        "short_term_average": 36349
    }, 
    {
        "accumulated_operating_revenue_yoy": -27.823816596094293, 
        "accumulated_operating_revenue": 182727, 
        "long_term_average": 36119, 
        "date": "2014-05-31", 
        "operating_revenue": 39909, 
        "short_term_average": 38767
    }, 
    {
        "accumulated_operating_revenue_yoy": -28.300038335392085, 
        "accumulated_operating_revenue": 218829, 
        "long_term_average": 34792, 
        "date": "2014-06-30", 
        "operating_revenue": 36102, 
        "short_term_average": 40518
    }, 
    {
        "accumulated_operating_revenue_yoy": -27.803642358428522, 
        "accumulated_operating_revenue": 251374, 
        "long_term_average": 33922, 
        "date": "2014-07-31", 
        "operating_revenue": 32545, 
        "short_term_average": 36185
    }, 
    {
        "accumulated_operating_revenue_yoy": -24.079783210188708, 
        "accumulated_operating_revenue": 293049, 
        "long_term_average": 34244, 
        "date": "2014-08-31", 
        "operating_revenue": 41675, 
        "short_term_average": 36774
    }, 
    {
        "accumulated_operating_revenue_yoy": -21.77117457166512, 
        "accumulated_operating_revenue": 327875, 
        "long_term_average": 34385, 
        "date": "2014-09-30", 
        "operating_revenue": 34826, 
        "short_term_average": 36348
    }, 
    {
        "accumulated_operating_revenue_yoy": -17.06318973851754, 
        "accumulated_operating_revenue": 372305, 
        "long_term_average": 35606, 
        "date": "2014-10-31", 
        "operating_revenue": 44430, 
        "short_term_average": 40310
    }, 
    {
        "accumulated_operating_revenue_yoy": -13.995264871263688, 
        "accumulated_operating_revenue": 406854, 
        "long_term_average": 36472, 
        "date": "2014-11-30", 
        "operating_revenue": 34549, 
        "short_term_average": 37935
    }, 
    {
        "accumulated_operating_revenue_yoy": -13.85854087406252, 
        "accumulated_operating_revenue": 434047, 
        "long_term_average": 36170, 
        "date": "2014-12-31", 
        "operating_revenue": 27193, 
        "short_term_average": 35390
    }, 
    {
        "accumulated_operating_revenue_yoy": -23.772579212318625, 
        "accumulated_operating_revenue": 25742, 
        "long_term_average": 35501, 
        "date": "2015-01-31", 
        "operating_revenue": 25742, 
        "short_term_average": 29161
    }, 
    {
        "accumulated_operating_revenue_yoy": -35.18855852465187, 
        "accumulated_operating_revenue": 43051, 
        "long_term_average": 34222, 
        "date": "2015-02-28", 
        "operating_revenue": 17309, 
        "short_term_average": 23414
    }, 
    {
        "accumulated_operating_revenue_yoy": -10.283323395768655, 
        "accumulated_operating_revenue": 87271, 
        "long_term_average": 35337, 
        "date": "2015-03-31", 
        "operating_revenue": 44220, 
        "short_term_average": 29090
    }, 
    {
        "accumulated_operating_revenue_yoy": -24.0641935890434, 
        "accumulated_operating_revenue": 108450, 
        "long_term_average": 33306, 
        "date": "2015-04-30", 
        "operating_revenue": 21179, 
        "short_term_average": 27569
    }, 
    {
        "accumulated_operating_revenue_yoy": -29.940293443224043, 
        "accumulated_operating_revenue": 128018, 
        "long_term_average": 31611, 
        "date": "2015-05-31", 
        "operating_revenue": 19568, 
        "short_term_average": 28322
    }, 
    {
        "accumulated_operating_revenue_yoy": -29.83288321017781, 
        "accumulated_operating_revenue": 153546, 
        "long_term_average": 30730, 
        "date": "2015-06-30", 
        "operating_revenue": 25528, 
        "short_term_average": 22091
    }, 
    {
        "accumulated_operating_revenue_yoy": -27.235115803543724, 
        "accumulated_operating_revenue": 182912, 
        "long_term_average": 30465, 
        "date": "2015-07-31", 
        "operating_revenue": 29366, 
        "short_term_average": 24820
    }, 
    {
        "accumulated_operating_revenue_yoy": -27.450699371094938, 
        "accumulated_operating_revenue": 212605, 
        "long_term_average": 29466, 
        "date": "2015-08-31", 
        "operating_revenue": 29693, 
        "short_term_average": 28195
    }, 
    {
        "accumulated_operating_revenue_yoy": -25.39656881433473, 
        "accumulated_operating_revenue": 244606, 
        "long_term_average": 29231, 
        "date": "2015-09-30", 
        "operating_revenue": 32001, 
        "short_term_average": 30353
    }
]