[
    {
        "date": "2011-09-30", 
        "operating_revenue": 4562374, 
        "accumulated_operating_revenue": 4562374, 
        "long_term_average": 4562374, 
        "short_term_average": 4562374
    }, 
    {
        "date": "2011-10-31", 
        "operating_revenue": 4482054, 
        "accumulated_operating_revenue": 9044428, 
        "long_term_average": 4522214, 
        "short_term_average": 4522214
    }, 
    {
        "date": "2011-11-30", 
        "operating_revenue": 4596338, 
        "accumulated_operating_revenue": 13640766, 
        "long_term_average": 4546922, 
        "short_term_average": 4546922
    }, 
    {
        "date": "2011-12-31", 
        "operating_revenue": 4683565, 
        "accumulated_operating_revenue": 18324331, 
        "long_term_average": 4581082, 
        "short_term_average": 4587319
    }, 
    {
        "date": "2012-01-31", 
        "operating_revenue": 3836592, 
        "accumulated_operating_revenue": 3836592, 
        "long_term_average": 4432184, 
        "short_term_average": 4372165
    }, 
    {
        "date": "2012-02-29", 
        "operating_revenue": 4264299, 
        "accumulated_operating_revenue": 8100891, 
        "long_term_average": 4404203, 
        "short_term_average": 4261485
    }, 
    {
        "date": "2012-03-31", 
        "operating_revenue": 4821648, 
        "accumulated_operating_revenue": 12922539, 
        "long_term_average": 4463838, 
        "short_term_average": 4307513
    }, 
    {
        "date": "2012-04-30", 
        "operating_revenue": 4724314, 
        "accumulated_operating_revenue": 17646853, 
        "long_term_average": 4496398, 
        "short_term_average": 4603420
    }, 
    {
        "date": "2012-05-31", 
        "operating_revenue": 4635094, 
        "accumulated_operating_revenue": 22281947, 
        "long_term_average": 4511808, 
        "short_term_average": 4727018
    }, 
    {
        "date": "2012-06-30", 
        "operating_revenue": 4374990, 
        "accumulated_operating_revenue": 26656937, 
        "long_term_average": 4498126, 
        "short_term_average": 4578132
    }, 
    {
        "date": "2012-07-31", 
        "operating_revenue": 4465487, 
        "accumulated_operating_revenue": 31122424, 
        "long_term_average": 4495159, 
        "short_term_average": 4491857
    }, 
    {
        "date": "2012-08-31", 
        "operating_revenue": 4458416, 
        "accumulated_operating_revenue": 35580840, 
        "long_term_average": 4492097, 
        "short_term_average": 4432964
    }, 
    {
        "accumulated_operating_revenue_yoy": 773.0791688712937, 
        "accumulated_operating_revenue": 39833137, 
        "long_term_average": 4466257, 
        "date": "2012-09-30", 
        "operating_revenue": 4252297, 
        "short_term_average": 4392066
    }, 
    {
        "accumulated_operating_revenue_yoy": 391.8136669339399, 
        "accumulated_operating_revenue": 44481733, 
        "long_term_average": 4480136, 
        "date": "2012-10-31", 
        "operating_revenue": 4648596, 
        "short_term_average": 4453103
    }, 
    {
        "accumulated_operating_revenue_yoy": 260.9547147132353, 
        "accumulated_operating_revenue": 49236988, 
        "long_term_average": 4493379, 
        "date": "2012-11-30", 
        "operating_revenue": 4755255, 
        "short_term_average": 4552049
    }, 
    {
        "accumulated_operating_revenue_yoy": 194.35374748469673, 
        "accumulated_operating_revenue": 53938355, 
        "long_term_average": 4494862, 
        "date": "2012-12-31", 
        "operating_revenue": 4701367, 
        "short_term_average": 4701739
    }, 
    {
        "accumulated_operating_revenue_yoy": 29.895516646023346, 
        "accumulated_operating_revenue": 4983561, 
        "long_term_average": 4590443, 
        "date": "2013-01-31", 
        "operating_revenue": 4983561, 
        "short_term_average": 4813394
    }, 
    {
        "accumulated_operating_revenue_yoy": 7.861221685367696, 
        "accumulated_operating_revenue": 8737720, 
        "long_term_average": 4547932, 
        "date": "2013-02-28", 
        "operating_revenue": 3754159, 
        "short_term_average": 4479695
    }, 
    {
        "accumulated_operating_revenue_yoy": 5.609021570760978, 
        "accumulated_operating_revenue": 13647367, 
        "long_term_average": 4555265, 
        "date": "2013-03-31", 
        "operating_revenue": 4909647, 
        "short_term_average": 4549122
    }, 
    {
        "accumulated_operating_revenue_yoy": 4.423196589216219, 
        "accumulated_operating_revenue": 18427408, 
        "long_term_average": 4559909, 
        "date": "2013-04-30", 
        "operating_revenue": 4780041, 
        "short_term_average": 4481282
    }, 
    {
        "accumulated_operating_revenue_yoy": 3.768117750212762, 
        "accumulated_operating_revenue": 23121557, 
        "long_term_average": 4564830, 
        "date": "2013-05-31", 
        "operating_revenue": 4694149, 
        "short_term_average": 4794612
    }, 
    {
        "accumulated_operating_revenue_yoy": 3.8350392620127365, 
        "accumulated_operating_revenue": 27679241, 
        "long_term_average": 4580054, 
        "date": "2013-06-30", 
        "operating_revenue": 4557684, 
        "short_term_average": 4677291
    }, 
    {
        "accumulated_operating_revenue_yoy": 4.98129258826369, 
        "accumulated_operating_revenue": 32672723, 
        "long_term_average": 4624054, 
        "date": "2013-07-31", 
        "operating_revenue": 4993482, 
        "short_term_average": 4748438
    }, 
    {
        "accumulated_operating_revenue_yoy": 5.0879967982768255, 
        "accumulated_operating_revenue": 37391192, 
        "long_term_average": 4645725, 
        "date": "2013-08-31", 
        "operating_revenue": 4718469, 
        "short_term_average": 4756545
    }, 
    {
        "accumulated_operating_revenue_yoy": 5.725996423530489, 
        "accumulated_operating_revenue": 42113981, 
        "long_term_average": 4684933, 
        "date": "2013-09-30", 
        "operating_revenue": 4722789, 
        "short_term_average": 4811580
    }, 
    {
        "accumulated_operating_revenue_yoy": 5.8078784835114226, 
        "accumulated_operating_revenue": 47065178, 
        "long_term_average": 4710150, 
        "date": "2013-10-31", 
        "operating_revenue": 4951197, 
        "short_term_average": 4797485
    }, 
    {
        "accumulated_operating_revenue_yoy": 5.438992328287831, 
        "accumulated_operating_revenue": 51914984, 
        "long_term_average": 4718029, 
        "date": "2013-11-30", 
        "operating_revenue": 4849806, 
        "short_term_average": 4841264
    }, 
    {
        "accumulated_operating_revenue_yoy": 5.261369205642255, 
        "accumulated_operating_revenue": 56776251, 
        "long_term_average": 4731354, 
        "date": "2013-12-31", 
        "operating_revenue": 4861267, 
        "short_term_average": 4887423
    }, 
    {
        "accumulated_operating_revenue_yoy": -0.5480619179739146, 
        "accumulated_operating_revenue": 4956248, 
        "long_term_average": 4729078, 
        "date": "2014-01-31", 
        "operating_revenue": 4956248, 
        "short_term_average": 4889107
    }, 
    {
        "accumulated_operating_revenue_yoy": 3.830404270221522, 
        "accumulated_operating_revenue": 9072410, 
        "long_term_average": 4759245, 
        "date": "2014-02-28", 
        "operating_revenue": 4116162, 
        "short_term_average": 4644559
    }, 
    {
        "accumulated_operating_revenue_yoy": 3.143734611958483, 
        "accumulated_operating_revenue": 14076404, 
        "long_term_average": 4767107, 
        "date": "2014-03-31", 
        "operating_revenue": 5003994, 
        "short_term_average": 4692134
    }, 
    {
        "accumulated_operating_revenue_yoy": 3.3501835960868727, 
        "accumulated_operating_revenue": 19044760, 
        "long_term_average": 4782800, 
        "date": "2014-04-30", 
        "operating_revenue": 4968356, 
        "short_term_average": 4696170
    }, 
    {
        "accumulated_operating_revenue_yoy": 4.086736027335875, 
        "accumulated_operating_revenue": 24066474, 
        "long_term_average": 4810097, 
        "date": "2014-05-31", 
        "operating_revenue": 5021714, 
        "short_term_average": 4998021
    }, 
    {
        "accumulated_operating_revenue_yoy": 4.858146218677022, 
        "accumulated_operating_revenue": 29023939, 
        "long_term_average": 4843412, 
        "date": "2014-06-30", 
        "operating_revenue": 4957465, 
        "short_term_average": 4982511
    }, 
    {
        "accumulated_operating_revenue_yoy": 4.30376739643035, 
        "accumulated_operating_revenue": 34078881, 
        "long_term_average": 4848534, 
        "date": "2014-07-31", 
        "operating_revenue": 5054942, 
        "short_term_average": 5011373
    }, 
    {
        "accumulated_operating_revenue_yoy": 4.864477174196533, 
        "accumulated_operating_revenue": 39210078, 
        "long_term_average": 4882928, 
        "date": "2014-08-31", 
        "operating_revenue": 5131197, 
        "short_term_average": 5047868
    }, 
    {
        "accumulated_operating_revenue_yoy": 5.488139437589622, 
        "accumulated_operating_revenue": 44425255, 
        "long_term_average": 4923960, 
        "date": "2014-09-30", 
        "operating_revenue": 5215177, 
        "short_term_average": 5133772
    }, 
    {
        "accumulated_operating_revenue_yoy": 5.915645320623243, 
        "accumulated_operating_revenue": 49849387, 
        "long_term_average": 4963371, 
        "date": "2014-10-31", 
        "operating_revenue": 5424132, 
        "short_term_average": 5256835
    }, 
    {
        "accumulated_operating_revenue_yoy": 6.244403349907611, 
        "accumulated_operating_revenue": 55156765, 
        "long_term_average": 5001502, 
        "date": "2014-11-30", 
        "operating_revenue": 5307378, 
        "short_term_average": 5315562
    }, 
    {
        "accumulated_operating_revenue_yoy": 7.256814121101445, 
        "accumulated_operating_revenue": 60896398, 
        "long_term_average": 5074699, 
        "date": "2014-12-31", 
        "operating_revenue": 5739633, 
        "short_term_average": 5490381
    }, 
    {
        "accumulated_operating_revenue_yoy": 13.143672390889238, 
        "accumulated_operating_revenue": 5607681, 
        "long_term_average": 5128985, 
        "date": "2015-01-31", 
        "operating_revenue": 5607681, 
        "short_term_average": 5551564
    }, 
    {
        "accumulated_operating_revenue_yoy": 4.83519814470466, 
        "accumulated_operating_revenue": 9511079, 
        "long_term_average": 5111255, 
        "date": "2015-02-28", 
        "operating_revenue": 3903398, 
        "short_term_average": 5083570
    }, 
    {
        "accumulated_operating_revenue_yoy": 6.292700891506097, 
        "accumulated_operating_revenue": 14962190, 
        "long_term_average": 5148515, 
        "date": "2015-03-31", 
        "operating_revenue": 5451111, 
        "short_term_average": 4987396
    }, 
    {
        "accumulated_operating_revenue_yoy": 7.048101420023145, 
        "accumulated_operating_revenue": 20387054, 
        "long_term_average": 5186557, 
        "date": "2015-04-30", 
        "operating_revenue": 5424864, 
        "short_term_average": 4926457
    }, 
    {
        "accumulated_operating_revenue_yoy": 6.755011141224926, 
        "accumulated_operating_revenue": 25692167, 
        "long_term_average": 5210174, 
        "date": "2015-05-31", 
        "operating_revenue": 5305113, 
        "short_term_average": 5393696
    }, 
    {
        "accumulated_operating_revenue_yoy": 6.573935398637655, 
        "accumulated_operating_revenue": 30931954, 
        "long_term_average": 5233701, 
        "date": "2015-06-30", 
        "operating_revenue": 5239787, 
        "short_term_average": 5323254
    }, 
    {
        "accumulated_operating_revenue_yoy": 6.708154531247666, 
        "accumulated_operating_revenue": 36364945, 
        "long_term_average": 5265205, 
        "date": "2015-07-31", 
        "operating_revenue": 5432991, 
        "short_term_average": 5325963
    }, 
    {
        "accumulated_operating_revenue_yoy": 6.313996620970761, 
        "accumulated_operating_revenue": 41685801, 
        "long_term_average": 5281010, 
        "date": "2015-08-31", 
        "operating_revenue": 5320856, 
        "short_term_average": 5331211
    }, 
    {
        "accumulated_operating_revenue_yoy": 6.168997791909129, 
        "accumulated_operating_revenue": 47165848, 
        "long_term_average": 5303082, 
        "date": "2015-09-30", 
        "operating_revenue": 5480047, 
        "short_term_average": 5411298
    }
]