[
    {
        "date": "2011-09-30", 
        "operating_revenue": 2264634, 
        "accumulated_operating_revenue": 2264634, 
        "long_term_average": 2264634, 
        "short_term_average": 2264634
    }, 
    {
        "date": "2011-10-31", 
        "operating_revenue": 2014982, 
        "accumulated_operating_revenue": 4279616, 
        "long_term_average": 2139808, 
        "short_term_average": 2139808
    }, 
    {
        "date": "2011-11-30", 
        "operating_revenue": 2093851, 
        "accumulated_operating_revenue": 6373467, 
        "long_term_average": 2124489, 
        "short_term_average": 2124489
    }, 
    {
        "date": "2011-12-31", 
        "operating_revenue": 2041084, 
        "accumulated_operating_revenue": 8414551, 
        "long_term_average": 2103637, 
        "short_term_average": 2049972
    }, 
    {
        "date": "2012-01-31", 
        "operating_revenue": 1557668, 
        "accumulated_operating_revenue": 1557668, 
        "long_term_average": 1994443, 
        "short_term_average": 1897534
    }, 
    {
        "date": "2012-02-29", 
        "operating_revenue": 1656608, 
        "accumulated_operating_revenue": 3214276, 
        "long_term_average": 1938137, 
        "short_term_average": 1751786
    }, 
    {
        "date": "2012-03-31", 
        "operating_revenue": 1987297, 
        "accumulated_operating_revenue": 5201573, 
        "long_term_average": 1945160, 
        "short_term_average": 1733857
    }, 
    {
        "date": "2012-04-30", 
        "operating_revenue": 1795899, 
        "accumulated_operating_revenue": 6997472, 
        "long_term_average": 1926502, 
        "short_term_average": 1813268
    }, 
    {
        "date": "2012-05-31", 
        "operating_revenue": 1858436, 
        "accumulated_operating_revenue": 8855908, 
        "long_term_average": 1918939, 
        "short_term_average": 1880544
    }, 
    {
        "date": "2012-06-30", 
        "operating_revenue": 1740648, 
        "accumulated_operating_revenue": 10596556, 
        "long_term_average": 1901110, 
        "short_term_average": 1798327
    }, 
    {
        "date": "2012-07-31", 
        "operating_revenue": 1911278, 
        "accumulated_operating_revenue": 12507834, 
        "long_term_average": 1902035, 
        "short_term_average": 1836787
    }, 
    {
        "date": "2012-08-31", 
        "operating_revenue": 1872057, 
        "accumulated_operating_revenue": 14379891, 
        "long_term_average": 1899536, 
        "short_term_average": 1841327
    }, 
    {
        "accumulated_operating_revenue_yoy": 618.6199182737696, 
        "accumulated_operating_revenue": 16274111, 
        "long_term_average": 1868669, 
        "date": "2012-09-30", 
        "operating_revenue": 1894220, 
        "short_term_average": 1892518
    }, 
    {
        "accumulated_operating_revenue_yoy": 324.5875330870807, 
        "accumulated_operating_revenue": 18170716, 
        "long_term_average": 1858804, 
        "date": "2012-10-31", 
        "operating_revenue": 1896605, 
        "short_term_average": 1887627
    }, 
    {
        "accumulated_operating_revenue_yoy": 216.17118281149018, 
        "accumulated_operating_revenue": 20151066, 
        "long_term_average": 1849345, 
        "date": "2012-11-30", 
        "operating_revenue": 1980350, 
        "short_term_average": 1923725
    }, 
    {
        "accumulated_operating_revenue_yoy": 162.12412284386892, 
        "accumulated_operating_revenue": 22056568, 
        "long_term_average": 1838047, 
        "date": "2012-12-31", 
        "operating_revenue": 1905502, 
        "short_term_average": 1927485
    }, 
    {
        "accumulated_operating_revenue_yoy": 30.34632540438656, 
        "accumulated_operating_revenue": 2030363, 
        "long_term_average": 1877438, 
        "date": "2013-01-31", 
        "operating_revenue": 2030363, 
        "short_term_average": 1972071
    }, 
    {
        "accumulated_operating_revenue_yoy": 6.413543827599123, 
        "accumulated_operating_revenue": 3420425, 
        "long_term_average": 1855226, 
        "date": "2013-02-28", 
        "operating_revenue": 1390062, 
        "short_term_average": 1775309
    }, 
    {
        "accumulated_operating_revenue_yoy": 2.404234257598615, 
        "accumulated_operating_revenue": 5326631, 
        "long_term_average": 1848468, 
        "date": "2013-03-31", 
        "operating_revenue": 1906206, 
        "short_term_average": 1775543
    }, 
    {
        "accumulated_operating_revenue_yoy": 2.512707446346338, 
        "accumulated_operating_revenue": 7173298, 
        "long_term_average": 1852699, 
        "date": "2013-04-30", 
        "operating_revenue": 1846667, 
        "short_term_average": 1714311
    }, 
    {
        "accumulated_operating_revenue_yoy": 2.312219142294613, 
        "accumulated_operating_revenue": 9060676, 
        "long_term_average": 1855111, 
        "date": "2013-05-31", 
        "operating_revenue": 1887378, 
        "short_term_average": 1880083
    }, 
    {
        "accumulated_operating_revenue_yoy": 2.1921367659454636, 
        "accumulated_operating_revenue": 10828847, 
        "long_term_average": 1857404, 
        "date": "2013-06-30", 
        "operating_revenue": 1768171, 
        "short_term_average": 1834072
    }, 
    {
        "accumulated_operating_revenue_yoy": 4.283003755886111, 
        "accumulated_operating_revenue": 13043545, 
        "long_term_average": 1882689, 
        "date": "2013-07-31", 
        "operating_revenue": 2214698, 
        "short_term_average": 1956749
    }, 
    {
        "accumulated_operating_revenue_yoy": 6.619667701236401, 
        "accumulated_operating_revenue": 15331792, 
        "long_term_average": 1917372, 
        "date": "2013-08-31", 
        "operating_revenue": 2288247, 
        "short_term_average": 2090372
    }, 
    {
        "accumulated_operating_revenue_yoy": 7.901089036445677, 
        "accumulated_operating_revenue": 17559943, 
        "long_term_average": 1945200, 
        "date": "2013-09-30", 
        "operating_revenue": 2228151, 
        "short_term_average": 2243698
    }, 
    {
        "accumulated_operating_revenue_yoy": 8.666037155607958, 
        "accumulated_operating_revenue": 19745397, 
        "long_term_average": 1969270, 
        "date": "2013-10-31", 
        "operating_revenue": 2185454, 
        "short_term_average": 2233950
    }, 
    {
        "accumulated_operating_revenue_yoy": 8.850385384078441, 
        "accumulated_operating_revenue": 21934513, 
        "long_term_average": 1986667, 
        "date": "2013-11-30", 
        "operating_revenue": 2189116, 
        "short_term_average": 2200907
    }, 
    {
        "accumulated_operating_revenue_yoy": 10.014962436585781, 
        "accumulated_operating_revenue": 24265525, 
        "long_term_average": 2022127, 
        "date": "2013-12-31", 
        "operating_revenue": 2331012, 
        "short_term_average": 2235194
    }, 
    {
        "accumulated_operating_revenue_yoy": 3.664664889972877, 
        "accumulated_operating_revenue": 2104769, 
        "long_term_average": 2028327, 
        "date": "2014-01-31", 
        "operating_revenue": 2104769, 
        "short_term_average": 2208299
    }, 
    {
        "accumulated_operating_revenue_yoy": 22.49197102699226, 
        "accumulated_operating_revenue": 4189746, 
        "long_term_average": 2086237, 
        "date": "2014-02-28", 
        "operating_revenue": 2084977, 
        "short_term_average": 2173586
    }, 
    {
        "accumulated_operating_revenue_yoy": 20.822842806269104, 
        "accumulated_operating_revenue": 6435787, 
        "long_term_average": 2114556, 
        "date": "2014-03-31", 
        "operating_revenue": 2246041, 
        "short_term_average": 2145262
    }, 
    {
        "accumulated_operating_revenue_yoy": 22.00283607344906, 
        "accumulated_operating_revenue": 8751627, 
        "long_term_average": 2153654, 
        "date": "2014-04-30", 
        "operating_revenue": 2315840, 
        "short_term_average": 2215619
    }, 
    {
        "accumulated_operating_revenue_yoy": 21.794941128012965, 
        "accumulated_operating_revenue": 11035445, 
        "long_term_average": 2186691, 
        "date": "2014-05-31", 
        "operating_revenue": 2283818, 
        "short_term_average": 2281899
    }, 
    {
        "accumulated_operating_revenue_yoy": 22.901311653955403, 
        "accumulated_operating_revenue": 13308795, 
        "long_term_average": 2228789, 
        "date": "2014-06-30", 
        "operating_revenue": 2273350, 
        "short_term_average": 2291002
    }, 
    {
        "accumulated_operating_revenue_yoy": 20.798103583036667, 
        "accumulated_operating_revenue": 15756355, 
        "long_term_average": 2248194, 
        "date": "2014-07-31", 
        "operating_revenue": 2447560, 
        "short_term_average": 2334909
    }, 
    {
        "accumulated_operating_revenue_yoy": 18.210969728783173, 
        "accumulated_operating_revenue": 18123860, 
        "long_term_average": 2254799, 
        "date": "2014-08-31", 
        "operating_revenue": 2367505, 
        "short_term_average": 2362805
    }, 
    {
        "accumulated_operating_revenue_yoy": 16.48404553477195, 
        "accumulated_operating_revenue": 20454532, 
        "long_term_average": 2263342, 
        "date": "2014-09-30", 
        "operating_revenue": 2330672, 
        "short_term_average": 2381912
    }, 
    {
        "accumulated_operating_revenue_yoy": 15.213885038624445, 
        "accumulated_operating_revenue": 22749439, 
        "long_term_average": 2272463, 
        "date": "2014-10-31", 
        "operating_revenue": 2294907, 
        "short_term_average": 2331028
    }, 
    {
        "accumulated_operating_revenue_yoy": 14.142689194877498, 
        "accumulated_operating_revenue": 25036643, 
        "long_term_average": 2280637, 
        "date": "2014-11-30", 
        "operating_revenue": 2287204, 
        "short_term_average": 2304261
    }, 
    {
        "accumulated_operating_revenue_yoy": 13.08098217532899, 
        "accumulated_operating_revenue": 27439694, 
        "long_term_average": 2286641, 
        "date": "2014-12-31", 
        "operating_revenue": 2403051, 
        "short_term_average": 2328387
    }, 
    {
        "accumulated_operating_revenue_yoy": 14.803429735044556, 
        "accumulated_operating_revenue": 2416347, 
        "long_term_average": 2312606, 
        "date": "2015-01-31", 
        "operating_revenue": 2416347, 
        "short_term_average": 2368867
    }, 
    {
        "accumulated_operating_revenue_yoy": -0.9880789909459906, 
        "accumulated_operating_revenue": 4148348, 
        "long_term_average": 2283191, 
        "date": "2015-02-28", 
        "operating_revenue": 1732001, 
        "short_term_average": 2183799
    }, 
    {
        "accumulated_operating_revenue_yoy": 2.0570910752639886, 
        "accumulated_operating_revenue": 6568177, 
        "long_term_average": 2297673, 
        "date": "2015-03-31", 
        "operating_revenue": 2419829, 
        "short_term_average": 2189392
    }, 
    {
        "accumulated_operating_revenue_yoy": 1.349200554365491, 
        "accumulated_operating_revenue": 8869704, 
        "long_term_average": 2296480, 
        "date": "2015-04-30", 
        "operating_revenue": 2301527, 
        "short_term_average": 2151119
    }, 
    {
        "accumulated_operating_revenue_yoy": 1.6888308536719636, 
        "accumulated_operating_revenue": 11221815, 
        "long_term_average": 2302172, 
        "date": "2015-05-31", 
        "operating_revenue": 2352111, 
        "short_term_average": 2357822
    }, 
    {
        "accumulated_operating_revenue_yoy": 1.0106099011969154, 
        "accumulated_operating_revenue": 13443295, 
        "long_term_average": 2297849, 
        "date": "2015-06-30", 
        "operating_revenue": 2221480, 
        "short_term_average": 2291706
    }, 
    {
        "accumulated_operating_revenue_yoy": 0.3870311375949577, 
        "accumulated_operating_revenue": 15817337, 
        "long_term_average": 2291723, 
        "date": "2015-07-31", 
        "operating_revenue": 2374042, 
        "short_term_average": 2315877
    }, 
    {
        "accumulated_operating_revenue_yoy": -0.2197765818098352, 
        "accumulated_operating_revenue": 18084028, 
        "long_term_average": 2283321, 
        "date": "2015-08-31", 
        "operating_revenue": 2266691, 
        "short_term_average": 2287404
    }, 
    {
        "accumulated_operating_revenue_yoy": -0.23431482079374877, 
        "accumulated_operating_revenue": 20406604, 
        "long_term_average": 2282647, 
        "date": "2015-09-30", 
        "operating_revenue": 2322576, 
        "short_term_average": 2321103
    }
]