[
    {
        "date": "2012-01-31", 
        "operating_revenue": 30254143, 
        "accumulated_operating_revenue": 30254143, 
        "long_term_average": 30254143, 
        "short_term_average": 30254143
    }, 
    {
        "date": "2012-02-29", 
        "operating_revenue": 29715757, 
        "accumulated_operating_revenue": 59969900, 
        "long_term_average": 29984950, 
        "short_term_average": 29984950
    }, 
    {
        "date": "2012-03-31", 
        "operating_revenue": 33892567, 
        "accumulated_operating_revenue": 93862467, 
        "long_term_average": 31287489, 
        "short_term_average": 31287489
    }, 
    {
        "date": "2012-04-30", 
        "operating_revenue": 33415983, 
        "accumulated_operating_revenue": 127278450, 
        "long_term_average": 31819612, 
        "short_term_average": 32341435
    }, 
    {
        "date": "2012-05-31", 
        "operating_revenue": 34413693, 
        "accumulated_operating_revenue": 161692143, 
        "long_term_average": 32338428, 
        "short_term_average": 33907414
    }, 
    {
        "date": "2012-06-30", 
        "operating_revenue": 28917618, 
        "accumulated_operating_revenue": 190609761, 
        "long_term_average": 31768293, 
        "short_term_average": 32249098
    }, 
    {
        "date": "2012-07-31", 
        "operating_revenue": 30697680, 
        "accumulated_operating_revenue": 221307441, 
        "long_term_average": 31615348, 
        "short_term_average": 31342997
    }, 
    {
        "date": "2012-08-31", 
        "operating_revenue": 28285973, 
        "accumulated_operating_revenue": 249593414, 
        "long_term_average": 31199176, 
        "short_term_average": 29300423
    }, 
    {
        "date": "2012-09-30", 
        "operating_revenue": 24827997, 
        "accumulated_operating_revenue": 274421411, 
        "long_term_average": 30491267, 
        "short_term_average": 27937216
    }, 
    {
        "date": "2012-10-31", 
        "operating_revenue": 27722249, 
        "accumulated_operating_revenue": 302143660, 
        "long_term_average": 30214366, 
        "short_term_average": 26945406
    }, 
    {
        "date": "2012-11-30", 
        "operating_revenue": 27847235, 
        "accumulated_operating_revenue": 329990895, 
        "long_term_average": 29999172, 
        "short_term_average": 26799160
    }, 
    {
        "date": "2012-12-31", 
        "operating_revenue": 28345605, 
        "accumulated_operating_revenue": 358336500, 
        "long_term_average": 29861375, 
        "short_term_average": 27971696
    }, 
    {
        "accumulated_operating_revenue_yoy": 7.457005144716875, 
        "accumulated_operating_revenue": 32510196, 
        "long_term_average": 30049379, 
        "date": "2013-01-31", 
        "operating_revenue": 32510196, 
        "short_term_average": 29567678
    }, 
    {
        "accumulated_operating_revenue_yoy": -4.5863308092893265, 
        "accumulated_operating_revenue": 57219482, 
        "long_term_average": 29632173, 
        "date": "2013-02-28", 
        "operating_revenue": 24709286, 
        "short_term_average": 28521695
    }, 
    {
        "accumulated_operating_revenue_yoy": -5.755177945621225, 
        "accumulated_operating_revenue": 88460515, 
        "long_term_average": 29411212, 
        "date": "2013-03-31", 
        "operating_revenue": 31241033, 
        "short_term_average": 29486838
    }, 
    {
        "accumulated_operating_revenue_yoy": -7.2203063440826, 
        "accumulated_operating_revenue": 118088556, 
        "long_term_average": 29095550, 
        "date": "2013-04-30", 
        "operating_revenue": 29628041, 
        "short_term_average": 28526120
    }, 
    {
        "accumulated_operating_revenue_yoy": -8.912935243860304, 
        "accumulated_operating_revenue": 147280627, 
        "long_term_average": 28660415, 
        "date": "2013-05-31", 
        "operating_revenue": 29192071, 
        "short_term_average": 30020381
    }, 
    {
        "accumulated_operating_revenue_yoy": -9.156907237295156, 
        "accumulated_operating_revenue": 173155802, 
        "long_term_average": 28406878, 
        "date": "2013-06-30", 
        "operating_revenue": 25875175, 
        "short_term_average": 28231762
    }, 
    {
        "accumulated_operating_revenue_yoy": -8.452419365329881, 
        "accumulated_operating_revenue": 202601608, 
        "long_term_average": 28302555, 
        "date": "2013-07-31", 
        "operating_revenue": 29445806, 
        "short_term_average": 28171017
    }, 
    {
        "accumulated_operating_revenue_yoy": -7.166407844399291, 
        "accumulated_operating_revenue": 231706532, 
        "long_term_average": 28370801, 
        "date": "2013-08-31", 
        "operating_revenue": 29104924, 
        "short_term_average": 28141968
    }, 
    {
        "accumulated_operating_revenue_yoy": -5.103672103777646, 
        "accumulated_operating_revenue": 260415842, 
        "long_term_average": 28694244, 
        "date": "2013-09-30", 
        "operating_revenue": 28709310, 
        "short_term_average": 29086680
    }, 
    {
        "accumulated_operating_revenue_yoy": -3.983874094859379, 
        "accumulated_operating_revenue": 290106637, 
        "long_term_average": 28858289, 
        "date": "2013-10-31", 
        "operating_revenue": 29690795, 
        "short_term_average": 29168343
    }, 
    {
        "accumulated_operating_revenue_yoy": -3.4166809359997643, 
        "accumulated_operating_revenue": 318716159, 
        "long_term_average": 28921813, 
        "date": "2013-11-30", 
        "operating_revenue": 28609522, 
        "short_term_average": 29003209
    }, 
    {
        "accumulated_operating_revenue_yoy": -2.9323448769522504, 
        "accumulated_operating_revenue": 347828838, 
        "long_term_average": 28985736, 
        "date": "2013-12-31", 
        "operating_revenue": 29112679, 
        "short_term_average": 29137665
    }, 
    {
        "accumulated_operating_revenue_yoy": -0.6059668173024857, 
        "accumulated_operating_revenue": 32313195, 
        "long_term_average": 28969319, 
        "date": "2014-01-31", 
        "operating_revenue": 32313195, 
        "short_term_average": 30011798
    }, 
    {
        "accumulated_operating_revenue_yoy": 6.3841472734758415, 
        "accumulated_operating_revenue": 60872458, 
        "long_term_average": 29290151, 
        "date": "2014-02-28", 
        "operating_revenue": 28559263, 
        "short_term_average": 29995045
    }, 
    {
        "accumulated_operating_revenue_yoy": 4.471203903798209, 
        "accumulated_operating_revenue": 92415765, 
        "long_term_average": 29315340, 
        "date": "2014-03-31", 
        "operating_revenue": 31543307, 
        "short_term_average": 30805255
    }, 
    {
        "accumulated_operating_revenue_yoy": 4.30970804656126, 
        "accumulated_operating_revenue": 123177828, 
        "long_term_average": 29409842, 
        "date": "2014-04-30", 
        "operating_revenue": 30762063, 
        "short_term_average": 30288211
    }, 
    {
        "accumulated_operating_revenue_yoy": 4.691644882799148, 
        "accumulated_operating_revenue": 154190511, 
        "long_term_average": 29561560, 
        "date": "2014-05-31", 
        "operating_revenue": 31012683, 
        "short_term_average": 31106017
    }, 
    {
        "accumulated_operating_revenue_yoy": 6.596009991048408, 
        "accumulated_operating_revenue": 184577176, 
        "long_term_average": 29937517, 
        "date": "2014-06-30", 
        "operating_revenue": 30386665, 
        "short_term_average": 30720470
    }, 
    {
        "accumulated_operating_revenue_yoy": 6.228118386898489, 
        "accumulated_operating_revenue": 215219876, 
        "long_term_average": 30037258, 
        "date": "2014-07-31", 
        "operating_revenue": 30642700, 
        "short_term_average": 30680682
    }, 
    {
        "accumulated_operating_revenue_yoy": 6.163769694675677, 
        "accumulated_operating_revenue": 245988389, 
        "long_term_average": 30175891, 
        "date": "2014-08-31", 
        "operating_revenue": 30768513, 
        "short_term_average": 30599292
    }, 
    {
        "accumulated_operating_revenue_yoy": 6.309037066953861, 
        "accumulated_operating_revenue": 276845574, 
        "long_term_average": 30354880, 
        "date": "2014-09-30", 
        "operating_revenue": 30857185, 
        "short_term_average": 30756132
    }, 
    {
        "accumulated_operating_revenue_yoy": 6.006935994366789, 
        "accumulated_operating_revenue": 307533157, 
        "long_term_average": 30437946, 
        "date": "2014-10-31", 
        "operating_revenue": 30687583, 
        "short_term_average": 30771093
    }, 
    {
        "accumulated_operating_revenue_yoy": 5.537146925769773, 
        "accumulated_operating_revenue": 336363941, 
        "long_term_average": 30456385, 
        "date": "2014-11-30", 
        "operating_revenue": 28830784, 
        "short_term_average": 30125184
    }, 
    {
        "accumulated_operating_revenue_yoy": 5.374950825670182, 
        "accumulated_operating_revenue": 366524467, 
        "long_term_average": 30543705, 
        "date": "2014-12-31", 
        "operating_revenue": 30160526, 
        "short_term_average": 29892964
    }, 
    {
        "accumulated_operating_revenue_yoy": -9.005887532941264, 
        "accumulated_operating_revenue": 29403105, 
        "long_term_average": 30301198, 
        "date": "2015-01-31", 
        "operating_revenue": 29403105, 
        "short_term_average": 29464805
    }, 
    {
        "accumulated_operating_revenue_yoy": -12.954155720145225, 
        "accumulated_operating_revenue": 52986945, 
        "long_term_average": 29886579, 
        "date": "2015-02-28", 
        "operating_revenue": 23583840, 
        "short_term_average": 27715823
    }, 
    {
        "accumulated_operating_revenue_yoy": -12.565023943696186, 
        "accumulated_operating_revenue": 80803702, 
        "long_term_average": 29576033, 
        "date": "2015-03-31", 
        "operating_revenue": 27816757, 
        "short_term_average": 26934567
    }, 
    {
        "accumulated_operating_revenue_yoy": -13.818633821015256, 
        "accumulated_operating_revenue": 106156335, 
        "long_term_average": 29125247, 
        "date": "2015-04-30", 
        "operating_revenue": 25352633, 
        "short_term_average": 25584410
    }, 
    {
        "accumulated_operating_revenue_yoy": -15.46321679937879, 
        "accumulated_operating_revenue": 130347698, 
        "long_term_average": 28556804, 
        "date": "2015-05-31", 
        "operating_revenue": 24191363, 
        "short_term_average": 25786917
    }, 
    {
        "accumulated_operating_revenue_yoy": -16.367571362127677, 
        "accumulated_operating_revenue": 154366375, 
        "long_term_average": 28026138, 
        "date": "2015-06-30", 
        "operating_revenue": 24018677, 
        "short_term_average": 24520891
    }, 
    {
        "accumulated_operating_revenue_yoy": -17.1513131993441, 
        "accumulated_operating_revenue": 178306841, 
        "long_term_average": 27467619, 
        "date": "2015-07-31", 
        "operating_revenue": 23940466, 
        "short_term_average": 24050168
    }, 
    {
        "accumulated_operating_revenue_yoy": -18.315164460872175, 
        "accumulated_operating_revenue": 200935211, 
        "long_term_average": 26789274, 
        "date": "2015-08-31", 
        "operating_revenue": 22628370, 
        "short_term_average": 23529171
    }, 
    {
        "accumulated_operating_revenue_yoy": -19.78919807473606, 
        "accumulated_operating_revenue": 222060055, 
        "long_term_average": 25978245, 
        "date": "2015-09-30", 
        "operating_revenue": 21124844, 
        "short_term_average": 22564560
    }
]