[
    {
        "date": "2012-01-31", 
        "operating_revenue": 2937663, 
        "accumulated_operating_revenue": 2937663, 
        "long_term_average": 2937663, 
        "short_term_average": 2937663
    }, 
    {
        "date": "2012-02-29", 
        "operating_revenue": 2950983, 
        "accumulated_operating_revenue": 5888646, 
        "long_term_average": 2944323, 
        "short_term_average": 2944323
    }, 
    {
        "date": "2012-03-31", 
        "operating_revenue": 4503973, 
        "accumulated_operating_revenue": 10392619, 
        "long_term_average": 3464206, 
        "short_term_average": 3464206
    }, 
    {
        "date": "2012-04-30", 
        "operating_revenue": 4171206, 
        "accumulated_operating_revenue": 14563825, 
        "long_term_average": 3640956, 
        "short_term_average": 3875387
    }, 
    {
        "date": "2012-05-31", 
        "operating_revenue": 3662697, 
        "accumulated_operating_revenue": 18226522, 
        "long_term_average": 3645304, 
        "short_term_average": 4112625
    }, 
    {
        "date": "2012-06-30", 
        "operating_revenue": 3074676, 
        "accumulated_operating_revenue": 21301198, 
        "long_term_average": 3550199, 
        "short_term_average": 3636193
    }, 
    {
        "date": "2012-07-31", 
        "operating_revenue": 3387809, 
        "accumulated_operating_revenue": 24689007, 
        "long_term_average": 3527001, 
        "short_term_average": 3375060
    }, 
    {
        "date": "2012-08-31", 
        "operating_revenue": 2856591, 
        "accumulated_operating_revenue": 27545598, 
        "long_term_average": 3443199, 
        "short_term_average": 3106358
    }, 
    {
        "date": "2012-09-30", 
        "operating_revenue": 2897248, 
        "accumulated_operating_revenue": 30442846, 
        "long_term_average": 3382538, 
        "short_term_average": 3047216
    }, 
    {
        "date": "2012-10-31", 
        "operating_revenue": 3107940, 
        "accumulated_operating_revenue": 33550786, 
        "long_term_average": 3355078, 
        "short_term_average": 2953926
    }, 
    {
        "date": "2012-11-30", 
        "operating_revenue": 2938413, 
        "accumulated_operating_revenue": 36489199, 
        "long_term_average": 3317199, 
        "short_term_average": 2981200
    }, 
    {
        "date": "2012-12-31", 
        "operating_revenue": 3455641, 
        "accumulated_operating_revenue": 39944840, 
        "long_term_average": 3328736, 
        "short_term_average": 3167331
    }, 
    {
        "accumulated_operating_revenue_yoy": 2.8976775075970256, 
        "accumulated_operating_revenue": 3022787, 
        "long_term_average": 3335830, 
        "date": "2013-01-31", 
        "operating_revenue": 3022787, 
        "short_term_average": 3138947
    }, 
    {
        "accumulated_operating_revenue_yoy": -5.853128206382248, 
        "accumulated_operating_revenue": 5543976, 
        "long_term_average": 3300014, 
        "date": "2013-02-28", 
        "operating_revenue": 2521189, 
        "short_term_average": 2999872
    }, 
    {
        "accumulated_operating_revenue_yoy": -13.647272164985555, 
        "accumulated_operating_revenue": 8974310, 
        "long_term_average": 3210544, 
        "date": "2013-03-31", 
        "operating_revenue": 3430334, 
        "short_term_average": 2991436
    }, 
    {
        "accumulated_operating_revenue_yoy": -17.193223620855097, 
        "accumulated_operating_revenue": 12059834, 
        "long_term_average": 3120070, 
        "date": "2013-04-30", 
        "operating_revenue": 3085524, 
        "short_term_average": 3012349
    }, 
    {
        "accumulated_operating_revenue_yoy": -17.062344642603783, 
        "accumulated_operating_revenue": 15116650, 
        "long_term_average": 3069580, 
        "date": "2013-05-31", 
        "operating_revenue": 3056816, 
        "short_term_average": 3190891
    }, 
    {
        "accumulated_operating_revenue_yoy": -16.376693930547944, 
        "accumulated_operating_revenue": 17812766, 
        "long_term_average": 3038034, 
        "date": "2013-06-30", 
        "operating_revenue": 2696116, 
        "short_term_average": 2946152
    }, 
    {
        "accumulated_operating_revenue_yoy": -17.758174721243343, 
        "accumulated_operating_revenue": 20304690, 
        "long_term_average": 2963376, 
        "date": "2013-07-31", 
        "operating_revenue": 2491924, 
        "short_term_average": 2748285
    }, 
    {
        "accumulated_operating_revenue_yoy": -16.68258209533153, 
        "accumulated_operating_revenue": 22950281, 
        "long_term_average": 2945793, 
        "date": "2013-08-31", 
        "operating_revenue": 2645591, 
        "short_term_average": 2611210
    }, 
    {
        "accumulated_operating_revenue_yoy": -15.495785118119375, 
        "accumulated_operating_revenue": 25725488, 
        "long_term_average": 2935623, 
        "date": "2013-09-30", 
        "operating_revenue": 2775207, 
        "short_term_average": 2637574
    }, 
    {
        "accumulated_operating_revenue_yoy": -14.594164798404424, 
        "accumulated_operating_revenue": 28654329, 
        "long_term_average": 2920698, 
        "date": "2013-10-31", 
        "operating_revenue": 2928841, 
        "short_term_average": 2783213
    }, 
    {
        "accumulated_operating_revenue_yoy": -13.012116270351672, 
        "accumulated_operating_revenue": 31741182, 
        "long_term_average": 2933068, 
        "date": "2013-11-30", 
        "operating_revenue": 3086853, 
        "short_term_average": 2930300
    }, 
    {
        "accumulated_operating_revenue_yoy": -12.104574708523053, 
        "accumulated_operating_revenue": 35109687, 
        "long_term_average": 2925807, 
        "date": "2013-12-31", 
        "operating_revenue": 3368505, 
        "short_term_average": 3128066
    }, 
    {
        "accumulated_operating_revenue_yoy": -6.1285164981852835, 
        "accumulated_operating_revenue": 2837535, 
        "long_term_average": 2910369, 
        "date": "2014-01-31", 
        "operating_revenue": 2837535, 
        "short_term_average": 3097631
    }, 
    {
        "accumulated_operating_revenue_yoy": -8.531873153852036, 
        "accumulated_operating_revenue": 5070971, 
        "long_term_average": 2886390, 
        "date": "2014-02-28", 
        "operating_revenue": 2233436, 
        "short_term_average": 2813158
    }, 
    {
        "accumulated_operating_revenue_yoy": -6.820724935956079, 
        "accumulated_operating_revenue": 8362197, 
        "long_term_average": 2874797, 
        "date": "2014-03-31", 
        "operating_revenue": 3291226, 
        "short_term_average": 2787399
    }, 
    {
        "accumulated_operating_revenue_yoy": -3.6617336523869235, 
        "accumulated_operating_revenue": 11618235, 
        "long_term_average": 2889007, 
        "date": "2014-04-30", 
        "operating_revenue": 3256038, 
        "short_term_average": 2926900
    }, 
    {
        "accumulated_operating_revenue_yoy": -2.172822682274181, 
        "accumulated_operating_revenue": 14788192, 
        "long_term_average": 2898435, 
        "date": "2014-05-31", 
        "operating_revenue": 3169957, 
        "short_term_average": 3239073
    }, 
    {
        "accumulated_operating_revenue_yoy": 0.7407215701368333, 
        "accumulated_operating_revenue": 17944709, 
        "long_term_average": 2936802, 
        "date": "2014-06-30", 
        "operating_revenue": 3156517, 
        "short_term_average": 3194170
    }, 
    {
        "accumulated_operating_revenue_yoy": 2.3805534583389356, 
        "accumulated_operating_revenue": 20788054, 
        "long_term_average": 2966087, 
        "date": "2014-07-31", 
        "operating_revenue": 2843345, 
        "short_term_average": 3056606
    }, 
    {
        "accumulated_operating_revenue_yoy": 2.8231941909556575, 
        "accumulated_operating_revenue": 23598212, 
        "long_term_average": 2979801, 
        "date": "2014-08-31", 
        "operating_revenue": 2810158, 
        "short_term_average": 2936673
    }, 
    {
        "accumulated_operating_revenue_yoy": 2.773836593498246, 
        "accumulated_operating_revenue": 26439071, 
        "long_term_average": 2985272, 
        "date": "2014-09-30", 
        "operating_revenue": 2840859, 
        "short_term_average": 2831454
    }, 
    {
        "accumulated_operating_revenue_yoy": 3.108737950206407, 
        "accumulated_operating_revenue": 29545117, 
        "long_term_average": 3000039, 
        "date": "2014-10-31", 
        "operating_revenue": 3106046, 
        "short_term_average": 2919021
    }, 
    {
        "accumulated_operating_revenue_yoy": 2.458912840737941, 
        "accumulated_operating_revenue": 32521670, 
        "long_term_average": 2990847, 
        "date": "2014-11-30", 
        "operating_revenue": 2976553, 
        "short_term_average": 2974486
    }, 
    {
        "accumulated_operating_revenue_yoy": 2.2394987457450135, 
        "accumulated_operating_revenue": 35895968, 
        "long_term_average": 2991330, 
        "date": "2014-12-31", 
        "operating_revenue": 3374298, 
        "short_term_average": 3152299
    }, 
    {
        "accumulated_operating_revenue_yoy": 17.69105931733001, 
        "accumulated_operating_revenue": 3339525, 
        "long_term_average": 3033163, 
        "date": "2015-01-31", 
        "operating_revenue": 3339525, 
        "short_term_average": 3230125
    }, 
    {
        "accumulated_operating_revenue_yoy": 4.5851573594090755, 
        "accumulated_operating_revenue": 5303483, 
        "long_term_average": 3010706, 
        "date": "2015-02-28", 
        "operating_revenue": 1963958, 
        "short_term_average": 2892593
    }, 
    {
        "accumulated_operating_revenue_yoy": 0.5353975755414516, 
        "accumulated_operating_revenue": 8406968, 
        "long_term_average": 2995061, 
        "date": "2015-03-31", 
        "operating_revenue": 3103485, 
        "short_term_average": 2802322
    }, 
    {
        "accumulated_operating_revenue_yoy": -4.088065011595996, 
        "accumulated_operating_revenue": 11143274, 
        "long_term_average": 2951750, 
        "date": "2015-04-30", 
        "operating_revenue": 2736306, 
        "short_term_average": 2601249
    }, 
    {
        "accumulated_operating_revenue_yoy": -7.1710050829743075, 
        "accumulated_operating_revenue": 13727730, 
        "long_term_average": 2902958, 
        "date": "2015-05-31", 
        "operating_revenue": 2584456, 
        "short_term_average": 2808082
    }, 
    {
        "accumulated_operating_revenue_yoy": -7.443068594759603, 
        "accumulated_operating_revenue": 16609072, 
        "long_term_average": 2880027, 
        "date": "2015-06-30", 
        "operating_revenue": 2881342, 
        "short_term_average": 2734034
    }, 
    {
        "accumulated_operating_revenue_yoy": -8.35091153794386, 
        "accumulated_operating_revenue": 19052062, 
        "long_term_average": 2846664, 
        "date": "2015-07-31", 
        "operating_revenue": 2442990, 
        "short_term_average": 2636262
    }, 
    {
        "accumulated_operating_revenue_yoy": -9.971327488709738, 
        "accumulated_operating_revenue": 21245157, 
        "long_term_average": 2795242, 
        "date": "2015-08-31", 
        "operating_revenue": 2193095, 
        "short_term_average": 2505809
    }, 
    {
        "accumulated_operating_revenue_yoy": -11.68578880854021, 
        "accumulated_operating_revenue": 23349457, 
        "long_term_average": 2733862, 
        "date": "2015-09-30", 
        "operating_revenue": 2104300, 
        "short_term_average": 2246795
    }, 
    {
        "accumulated_operating_revenue_yoy": -12.4748735975559, 
        "accumulated_operating_revenue": 25859401, 
        "long_term_average": 2684187, 
        "date": "2015-10-31", 
        "operating_revenue": 2509944, 
        "short_term_average": 2269113
    }
]