[
    {
        "date": "2012-01-31", 
        "operating_revenue": 575348, 
        "accumulated_operating_revenue": 575348, 
        "long_term_average": 575348, 
        "short_term_average": 575348
    }, 
    {
        "date": "2012-02-29", 
        "operating_revenue": 739285, 
        "accumulated_operating_revenue": 1314633, 
        "long_term_average": 657316, 
        "short_term_average": 657316
    }, 
    {
        "date": "2012-03-31", 
        "operating_revenue": 777242, 
        "accumulated_operating_revenue": 2091875, 
        "long_term_average": 697291, 
        "short_term_average": 697291
    }, 
    {
        "date": "2012-04-30", 
        "operating_revenue": 728060, 
        "accumulated_operating_revenue": 2819935, 
        "long_term_average": 704983, 
        "short_term_average": 748195
    }, 
    {
        "date": "2012-05-31", 
        "operating_revenue": 843654, 
        "accumulated_operating_revenue": 3663589, 
        "long_term_average": 732717, 
        "short_term_average": 782985
    }, 
    {
        "date": "2012-06-30", 
        "operating_revenue": 738659, 
        "accumulated_operating_revenue": 4402248, 
        "long_term_average": 733708, 
        "short_term_average": 770124
    }, 
    {
        "date": "2012-07-31", 
        "operating_revenue": 722479, 
        "accumulated_operating_revenue": 5124727, 
        "long_term_average": 732103, 
        "short_term_average": 768264
    }, 
    {
        "date": "2012-08-31", 
        "operating_revenue": 656671, 
        "accumulated_operating_revenue": 5781398, 
        "long_term_average": 722674, 
        "short_term_average": 705936
    }, 
    {
        "date": "2012-09-30", 
        "operating_revenue": 577373, 
        "accumulated_operating_revenue": 6358771, 
        "long_term_average": 706530, 
        "short_term_average": 652174
    }, 
    {
        "date": "2012-10-31", 
        "operating_revenue": 557357, 
        "accumulated_operating_revenue": 6916128, 
        "long_term_average": 691612, 
        "short_term_average": 597133
    }, 
    {
        "date": "2012-11-30", 
        "operating_revenue": 442591, 
        "accumulated_operating_revenue": 7358719, 
        "long_term_average": 668974, 
        "short_term_average": 525773
    }, 
    {
        "date": "2012-12-31", 
        "operating_revenue": 576920, 
        "accumulated_operating_revenue": 7935639, 
        "long_term_average": 661303, 
        "short_term_average": 525622
    }, 
    {
        "accumulated_operating_revenue_yoy": 5.7662492960781995, 
        "accumulated_operating_revenue": 608524, 
        "long_term_average": 664067, 
        "date": "2013-01-31", 
        "operating_revenue": 608524, 
        "short_term_average": 542678
    }, 
    {
        "accumulated_operating_revenue_yoy": -18.475802752555275, 
        "accumulated_operating_revenue": 1071744, 
        "long_term_average": 641062, 
        "date": "2013-02-28", 
        "operating_revenue": 463220, 
        "short_term_average": 549554
    }, 
    {
        "accumulated_operating_revenue_yoy": -16.66997311024798, 
        "accumulated_operating_revenue": 1743160, 
        "long_term_average": 632243, 
        "date": "2013-03-31", 
        "operating_revenue": 671416, 
        "short_term_average": 581053
    }, 
    {
        "accumulated_operating_revenue_yoy": -20.584304248147564, 
        "accumulated_operating_revenue": 2239471, 
        "long_term_average": 612931, 
        "date": "2013-04-30", 
        "operating_revenue": 496311, 
        "short_term_average": 543649
    }, 
    {
        "accumulated_operating_revenue_yoy": -24.13070898509631, 
        "accumulated_operating_revenue": 2779539, 
        "long_term_average": 587632, 
        "date": "2013-05-31", 
        "operating_revenue": 540068, 
        "short_term_average": 569265
    }, 
    {
        "accumulated_operating_revenue_yoy": -27.021240057352514, 
        "accumulated_operating_revenue": 3212706, 
        "long_term_average": 562174, 
        "date": "2013-06-30", 
        "operating_revenue": 433167, 
        "short_term_average": 489848
    }, 
    {
        "accumulated_operating_revenue_yoy": -27.955850136017002, 
        "accumulated_operating_revenue": 3692066, 
        "long_term_average": 541914, 
        "date": "2013-07-31", 
        "operating_revenue": 479360, 
        "short_term_average": 484198
    }, 
    {
        "accumulated_operating_revenue_yoy": -27.500528418904906, 
        "accumulated_operating_revenue": 4191483, 
        "long_term_average": 528810, 
        "date": "2013-08-31", 
        "operating_revenue": 499417, 
        "short_term_average": 470648
    }, 
    {
        "accumulated_operating_revenue_yoy": -27.812103942727294, 
        "accumulated_operating_revenue": 4590263, 
        "long_term_average": 513927, 
        "date": "2013-09-30", 
        "operating_revenue": 398780, 
        "short_term_average": 459185
    }, 
    {
        "accumulated_operating_revenue_yoy": -26.562377098862257, 
        "accumulated_operating_revenue": 5079040, 
        "long_term_average": 508212, 
        "date": "2013-10-31", 
        "operating_revenue": 488777, 
        "short_term_average": 462324
    }, 
    {
        "accumulated_operating_revenue_yoy": -25.4072617802093, 
        "accumulated_operating_revenue": 5489070, 
        "long_term_average": 505499, 
        "date": "2013-11-30", 
        "operating_revenue": 410030, 
        "short_term_average": 432529
    }, 
    {
        "accumulated_operating_revenue_yoy": -23.92888587799924, 
        "accumulated_operating_revenue": 6036729, 
        "long_term_average": 503060, 
        "date": "2013-12-31", 
        "operating_revenue": 547659, 
        "short_term_average": 482155
    }, 
    {
        "accumulated_operating_revenue_yoy": -25.710078813654018, 
        "accumulated_operating_revenue": 452072, 
        "long_term_average": 490023, 
        "date": "2014-01-31", 
        "operating_revenue": 452072, 
        "short_term_average": 469920
    }, 
    {
        "accumulated_operating_revenue_yoy": -18.143231965842592, 
        "accumulated_operating_revenue": 877295, 
        "long_term_average": 486856, 
        "date": "2014-02-28", 
        "operating_revenue": 425223, 
        "short_term_average": 474984
    }, 
    {
        "accumulated_operating_revenue_yoy": -21.552238463480116, 
        "accumulated_operating_revenue": 1367470, 
        "long_term_average": 471753, 
        "date": "2014-03-31", 
        "operating_revenue": 490175, 
        "short_term_average": 455823
    }, 
    {
        "accumulated_operating_revenue_yoy": -16.901268201285035, 
        "accumulated_operating_revenue": 1860972, 
        "long_term_average": 471519, 
        "date": "2014-04-30", 
        "operating_revenue": 493502, 
        "short_term_average": 469633
    }, 
    {
        "accumulated_operating_revenue_yoy": -6.887760884089052, 
        "accumulated_operating_revenue": 2588091, 
        "long_term_average": 487106, 
        "date": "2014-05-31", 
        "operating_revenue": 727119, 
        "short_term_average": 570265
    }, 
    {
        "accumulated_operating_revenue_yoy": 4.9832135277862335, 
        "accumulated_operating_revenue": 3372802, 
        "long_term_average": 516402, 
        "date": "2014-06-30", 
        "operating_revenue": 784711, 
        "short_term_average": 668444
    }, 
    {
        "accumulated_operating_revenue_yoy": 11.577826615233855, 
        "accumulated_operating_revenue": 4119527, 
        "long_term_average": 538682, 
        "date": "2014-07-31", 
        "operating_revenue": 746725, 
        "short_term_average": 752851
    }, 
    {
        "accumulated_operating_revenue_yoy": 15.513459078803374, 
        "accumulated_operating_revenue": 4841727, 
        "long_term_average": 557247, 
        "date": "2014-08-31", 
        "operating_revenue": 722200, 
        "short_term_average": 751212
    }, 
    {
        "accumulated_operating_revenue_yoy": 18.491097351066813, 
        "accumulated_operating_revenue": 5439053, 
        "long_term_average": 573793, 
        "date": "2014-09-30", 
        "operating_revenue": 597326, 
        "short_term_average": 688750
    }, 
    {
        "accumulated_operating_revenue_yoy": 19.066299930695564, 
        "accumulated_operating_revenue": 6047425, 
        "long_term_average": 583759, 
        "date": "2014-10-31", 
        "operating_revenue": 608372, 
        "short_term_average": 642632
    }, 
    {
        "accumulated_operating_revenue_yoy": 20.20161885346698, 
        "accumulated_operating_revenue": 6597951, 
        "long_term_average": 595467, 
        "date": "2014-11-30", 
        "operating_revenue": 550526, 
        "short_term_average": 585408
    }, 
    {
        "accumulated_operating_revenue_yoy": 19.79482597280746, 
        "accumulated_operating_revenue": 7231689, 
        "long_term_average": 602640, 
        "date": "2014-12-31", 
        "operating_revenue": 633738, 
        "short_term_average": 597545
    }, 
    {
        "accumulated_operating_revenue_yoy": 46.07230706613106, 
        "accumulated_operating_revenue": 660352, 
        "long_term_average": 619997, 
        "date": "2015-01-31", 
        "operating_revenue": 660352, 
        "short_term_average": 614872
    }, 
    {
        "accumulated_operating_revenue_yoy": 32.891216751491804, 
        "accumulated_operating_revenue": 1165848, 
        "long_term_average": 626686, 
        "date": "2015-02-28", 
        "operating_revenue": 505496, 
        "short_term_average": 599862
    }, 
    {
        "accumulated_operating_revenue_yoy": 32.969644672278, 
        "accumulated_operating_revenue": 1818320, 
        "long_term_average": 640211, 
        "date": "2015-03-31", 
        "operating_revenue": 652472, 
        "short_term_average": 606106
    }, 
    {
        "accumulated_operating_revenue_yoy": 30.93867075915167, 
        "accumulated_operating_revenue": 2436732, 
        "long_term_average": 650620, 
        "date": "2015-04-30", 
        "operating_revenue": 618412, 
        "short_term_average": 592126
    }, 
    {
        "accumulated_operating_revenue_yoy": 17.858529703940086, 
        "accumulated_operating_revenue": 3050286, 
        "long_term_average": 641157, 
        "date": "2015-05-31", 
        "operating_revenue": 613554, 
        "short_term_average": 628146
    }, 
    {
        "accumulated_operating_revenue_yoy": 8.854270129109269, 
        "accumulated_operating_revenue": 3671439, 
        "long_term_average": 627527, 
        "date": "2015-06-30", 
        "operating_revenue": 621153, 
        "short_term_average": 617706
    }, 
    {
        "accumulated_operating_revenue_yoy": 4.860072527744083, 
        "accumulated_operating_revenue": 4319739, 
        "long_term_average": 619325, 
        "date": "2015-07-31", 
        "operating_revenue": 648300, 
        "short_term_average": 627669
    }, 
    {
        "accumulated_operating_revenue_yoy": 1.9054771159133919, 
        "accumulated_operating_revenue": 4933985, 
        "long_term_average": 610328, 
        "date": "2015-08-31", 
        "operating_revenue": 614246, 
        "short_term_average": 627899
    }
]