[
    {
        "date": "2012-01-31", 
        "operating_revenue": 342900, 
        "accumulated_operating_revenue": 342900, 
        "long_term_average": 342900, 
        "short_term_average": 342900
    }, 
    {
        "date": "2012-02-29", 
        "operating_revenue": 415116, 
        "accumulated_operating_revenue": 758016, 
        "long_term_average": 379008, 
        "short_term_average": 379008
    }, 
    {
        "date": "2012-03-31", 
        "operating_revenue": 325655, 
        "accumulated_operating_revenue": 1083671, 
        "long_term_average": 361223, 
        "short_term_average": 361223
    }, 
    {
        "date": "2012-04-30", 
        "operating_revenue": 262749, 
        "accumulated_operating_revenue": 1346420, 
        "long_term_average": 336605, 
        "short_term_average": 334506
    }, 
    {
        "date": "2012-05-31", 
        "operating_revenue": 185271, 
        "accumulated_operating_revenue": 1531691, 
        "long_term_average": 306338, 
        "short_term_average": 257891
    }, 
    {
        "date": "2012-06-30", 
        "operating_revenue": 91907, 
        "accumulated_operating_revenue": 1623598, 
        "long_term_average": 270599, 
        "short_term_average": 179975
    }, 
    {
        "date": "2012-07-31", 
        "operating_revenue": 68970, 
        "accumulated_operating_revenue": 1692568, 
        "long_term_average": 241795, 
        "short_term_average": 115382
    }, 
    {
        "date": "2012-08-31", 
        "operating_revenue": 90341, 
        "accumulated_operating_revenue": 1782909, 
        "long_term_average": 222863, 
        "short_term_average": 83739
    }, 
    {
        "date": "2012-09-30", 
        "operating_revenue": 78561, 
        "accumulated_operating_revenue": 1861470, 
        "long_term_average": 206830, 
        "short_term_average": 79290
    }, 
    {
        "date": "2012-10-31", 
        "operating_revenue": 97616, 
        "accumulated_operating_revenue": 1959086, 
        "long_term_average": 195908, 
        "short_term_average": 88839
    }, 
    {
        "date": "2012-11-30", 
        "operating_revenue": 125682, 
        "accumulated_operating_revenue": 2084768, 
        "long_term_average": 189524, 
        "short_term_average": 100619
    }, 
    {
        "date": "2012-12-31", 
        "operating_revenue": 127390, 
        "accumulated_operating_revenue": 2212158, 
        "long_term_average": 184346, 
        "short_term_average": 116896
    }, 
    {
        "accumulated_operating_revenue_yoy": -66.00845727617381, 
        "accumulated_operating_revenue": 116557, 
        "long_term_average": 165484, 
        "date": "2013-01-31", 
        "operating_revenue": 116557, 
        "short_term_average": 123209
    }, 
    {
        "accumulated_operating_revenue_yoy": -75.3606784025667, 
        "accumulated_operating_revenue": 186770, 
        "long_term_average": 136742, 
        "date": "2013-02-28", 
        "operating_revenue": 70213, 
        "short_term_average": 104720
    }, 
    {
        "accumulated_operating_revenue_yoy": -75.05848177168163, 
        "accumulated_operating_revenue": 270284, 
        "long_term_average": 116564, 
        "date": "2013-03-31", 
        "operating_revenue": 83514, 
        "short_term_average": 90094
    }, 
    {
        "accumulated_operating_revenue_yoy": -71.5323598877022, 
        "accumulated_operating_revenue": 383294, 
        "long_term_average": 104086, 
        "date": "2013-04-30", 
        "operating_revenue": 113010, 
        "short_term_average": 88912
    }, 
    {
        "accumulated_operating_revenue_yoy": -68.91331214977433, 
        "accumulated_operating_revenue": 476152, 
        "long_term_average": 96384, 
        "date": "2013-05-31", 
        "operating_revenue": 92858, 
        "short_term_average": 96460
    }, 
    {
        "accumulated_operating_revenue_yoy": -63.96127612869689, 
        "accumulated_operating_revenue": 585124, 
        "long_term_average": 97807, 
        "date": "2013-06-30", 
        "operating_revenue": 108972, 
        "short_term_average": 104946
    }, 
    {
        "accumulated_operating_revenue_yoy": -58.85666041187119, 
        "accumulated_operating_revenue": 696379, 
        "long_term_average": 101330, 
        "date": "2013-07-31", 
        "operating_revenue": 111255, 
        "short_term_average": 104361
    }, 
    {
        "accumulated_operating_revenue_yoy": -53.86932255095465, 
        "accumulated_operating_revenue": 822468, 
        "long_term_average": 104309, 
        "date": "2013-08-31", 
        "operating_revenue": 126089, 
        "short_term_average": 115438
    }, 
    {
        "accumulated_operating_revenue_yoy": -50.047005860959345, 
        "accumulated_operating_revenue": 929860, 
        "long_term_average": 106712, 
        "date": "2013-09-30", 
        "operating_revenue": 107392, 
        "short_term_average": 114912
    }, 
    {
        "accumulated_operating_revenue_yoy": -46.450793890620425, 
        "accumulated_operating_revenue": 1049075, 
        "long_term_average": 108512, 
        "date": "2013-10-31", 
        "operating_revenue": 119215, 
        "short_term_average": 117565
    }, 
    {
        "accumulated_operating_revenue_yoy": -44.547594744355244, 
        "accumulated_operating_revenue": 1156054, 
        "long_term_average": 106953, 
        "date": "2013-11-30", 
        "operating_revenue": 106979, 
        "short_term_average": 111195
    }, 
    {
        "accumulated_operating_revenue_yoy": -41.39080481593087, 
        "accumulated_operating_revenue": 1296528, 
        "long_term_average": 108044, 
        "date": "2013-12-31", 
        "operating_revenue": 140474, 
        "short_term_average": 122222
    }, 
    {
        "accumulated_operating_revenue_yoy": -2.05993634015975, 
        "accumulated_operating_revenue": 114156, 
        "long_term_average": 107843, 
        "date": "2014-01-31", 
        "operating_revenue": 114156, 
        "short_term_average": 120536
    }, 
    {
        "accumulated_operating_revenue_yoy": 17.931680676768217, 
        "accumulated_operating_revenue": 220261, 
        "long_term_average": 110834, 
        "date": "2014-02-28", 
        "operating_revenue": 106105, 
        "short_term_average": 120245
    }, 
    {
        "accumulated_operating_revenue_yoy": 29.515990587678147, 
        "accumulated_operating_revenue": 350061, 
        "long_term_average": 114692, 
        "date": "2014-03-31", 
        "operating_revenue": 129800, 
        "short_term_average": 116687
    }, 
    {
        "accumulated_operating_revenue_yoy": 21.827109216423946, 
        "accumulated_operating_revenue": 466956, 
        "long_term_average": 115015, 
        "date": "2014-04-30", 
        "operating_revenue": 116895, 
        "short_term_average": 117600
    }, 
    {
        "accumulated_operating_revenue_yoy": 21.78022984257128, 
        "accumulated_operating_revenue": 579859, 
        "long_term_average": 116686, 
        "date": "2014-05-31", 
        "operating_revenue": 112903, 
        "short_term_average": 119866
    }, 
    {
        "accumulated_operating_revenue_yoy": 14.500687033859489, 
        "accumulated_operating_revenue": 669971, 
        "long_term_average": 115114, 
        "date": "2014-06-30", 
        "operating_revenue": 90112, 
        "short_term_average": 106636
    }, 
    {
        "accumulated_operating_revenue_yoy": 13.126903597035522, 
        "accumulated_operating_revenue": 787792, 
        "long_term_average": 115661, 
        "date": "2014-07-31", 
        "operating_revenue": 117821, 
        "short_term_average": 106945
    }, 
    {
        "accumulated_operating_revenue_yoy": 12.86396552814213, 
        "accumulated_operating_revenue": 928270, 
        "long_term_average": 116860, 
        "date": "2014-08-31", 
        "operating_revenue": 140478, 
        "short_term_average": 116137
    }, 
    {
        "accumulated_operating_revenue_yoy": 10.258103370399844, 
        "accumulated_operating_revenue": 1025246, 
        "long_term_average": 115992, 
        "date": "2014-09-30", 
        "operating_revenue": 96976, 
        "short_term_average": 118425
    }, 
    {
        "accumulated_operating_revenue_yoy": 13.498367609560805, 
        "accumulated_operating_revenue": 1190683, 
        "long_term_average": 119844, 
        "date": "2014-10-31", 
        "operating_revenue": 165437, 
        "short_term_average": 134297
    }, 
    {
        "accumulated_operating_revenue_yoy": 16.74783357870826, 
        "accumulated_operating_revenue": 1349668, 
        "long_term_average": 124178, 
        "date": "2014-11-30", 
        "operating_revenue": 158985, 
        "short_term_average": 140466
    }, 
    {
        "accumulated_operating_revenue_yoy": 14.862771957103895, 
        "accumulated_operating_revenue": 1489228, 
        "long_term_average": 124102, 
        "date": "2014-12-31", 
        "operating_revenue": 139560, 
        "short_term_average": 154660
    }, 
    {
        "accumulated_operating_revenue_yoy": 6.159115596201689, 
        "accumulated_operating_revenue": 121187, 
        "long_term_average": 124688, 
        "date": "2015-01-31", 
        "operating_revenue": 121187, 
        "short_term_average": 139910
    }, 
    {
        "accumulated_operating_revenue_yoy": -6.221709698948066, 
        "accumulated_operating_revenue": 206557, 
        "long_term_average": 122960, 
        "date": "2015-02-28", 
        "operating_revenue": 85370, 
        "short_term_average": 115372
    }, 
    {
        "accumulated_operating_revenue_yoy": -3.8124783966223026, 
        "accumulated_operating_revenue": 336715, 
        "long_term_average": 122990, 
        "date": "2015-03-31", 
        "operating_revenue": 130158, 
        "short_term_average": 112238
    }, 
    {
        "accumulated_operating_revenue_yoy": 7.798593443493605, 
        "accumulated_operating_revenue": 503372, 
        "long_term_average": 127137, 
        "date": "2015-04-30", 
        "operating_revenue": 166657, 
        "short_term_average": 127395
    }, 
    {
        "accumulated_operating_revenue_yoy": 6.971349931621308, 
        "accumulated_operating_revenue": 620283, 
        "long_term_average": 127471, 
        "date": "2015-05-31", 
        "operating_revenue": 116911, 
        "short_term_average": 137908
    }, 
    {
        "accumulated_operating_revenue_yoy": 5.240823856554985, 
        "accumulated_operating_revenue": 705083, 
        "long_term_average": 127028, 
        "date": "2015-06-30", 
        "operating_revenue": 84800, 
        "short_term_average": 122789
    }, 
    {
        "accumulated_operating_revenue_yoy": 2.828157686292829, 
        "accumulated_operating_revenue": 810072, 
        "long_term_average": 125959, 
        "date": "2015-07-31", 
        "operating_revenue": 104989, 
        "short_term_average": 102233
    }, 
    {
        "accumulated_operating_revenue_yoy": -1.7556314434377929, 
        "accumulated_operating_revenue": 911973, 
        "long_term_average": 122744, 
        "date": "2015-08-31", 
        "operating_revenue": 101901, 
        "short_term_average": 97230
    }, 
    {
        "accumulated_operating_revenue_yoy": -3.566070972234956, 
        "accumulated_operating_revenue": 988685, 
        "long_term_average": 121055, 
        "date": "2015-09-30", 
        "operating_revenue": 76712, 
        "short_term_average": 94534
    }
]