[
    {
        "date": "2012-01-31", 
        "operating_revenue": 270447, 
        "accumulated_operating_revenue": 270447, 
        "long_term_average": 270447, 
        "short_term_average": 270447
    }, 
    {
        "date": "2012-02-29", 
        "operating_revenue": 341666, 
        "accumulated_operating_revenue": 612113, 
        "long_term_average": 306056, 
        "short_term_average": 306056
    }, 
    {
        "date": "2012-03-31", 
        "operating_revenue": 396140, 
        "accumulated_operating_revenue": 1008253, 
        "long_term_average": 336084, 
        "short_term_average": 336084
    }, 
    {
        "date": "2012-04-30", 
        "operating_revenue": 404538, 
        "accumulated_operating_revenue": 1412791, 
        "long_term_average": 353197, 
        "short_term_average": 380781
    }, 
    {
        "date": "2012-05-31", 
        "operating_revenue": 408307, 
        "accumulated_operating_revenue": 1821098, 
        "long_term_average": 364219, 
        "short_term_average": 402995
    }, 
    {
        "date": "2012-06-30", 
        "operating_revenue": 365880, 
        "accumulated_operating_revenue": 2186978, 
        "long_term_average": 364496, 
        "short_term_average": 392908
    }, 
    {
        "date": "2012-07-31", 
        "operating_revenue": 437790, 
        "accumulated_operating_revenue": 2624768, 
        "long_term_average": 374966, 
        "short_term_average": 403992
    }, 
    {
        "date": "2012-08-31", 
        "operating_revenue": 364578, 
        "accumulated_operating_revenue": 2989346, 
        "long_term_average": 373668, 
        "short_term_average": 389416
    }, 
    {
        "date": "2012-09-30", 
        "operating_revenue": 290484, 
        "accumulated_operating_revenue": 3279830, 
        "long_term_average": 364425, 
        "short_term_average": 364284
    }, 
    {
        "date": "2012-10-31", 
        "operating_revenue": 328745, 
        "accumulated_operating_revenue": 3608575, 
        "long_term_average": 360857, 
        "short_term_average": 327935
    }, 
    {
        "date": "2012-11-30", 
        "operating_revenue": 272789, 
        "accumulated_operating_revenue": 3881364, 
        "long_term_average": 352851, 
        "short_term_average": 297339
    }, 
    {
        "date": "2012-12-31", 
        "operating_revenue": 285605, 
        "accumulated_operating_revenue": 4166969, 
        "long_term_average": 347247, 
        "short_term_average": 295713
    }, 
    {
        "accumulated_operating_revenue_yoy": 26.564169689440075, 
        "accumulated_operating_revenue": 342289, 
        "long_term_average": 353234, 
        "date": "2013-01-31", 
        "operating_revenue": 342289, 
        "short_term_average": 300227
    }, 
    {
        "accumulated_operating_revenue_yoy": -13.100685657713527, 
        "accumulated_operating_revenue": 531922, 
        "long_term_average": 340564, 
        "date": "2013-02-28", 
        "operating_revenue": 189633, 
        "short_term_average": 272509
    }, 
    {
        "accumulated_operating_revenue_yoy": -11.557912547743474, 
        "accumulated_operating_revenue": 891720, 
        "long_term_average": 337536, 
        "date": "2013-03-31", 
        "operating_revenue": 359798, 
        "short_term_average": 297240
    }, 
    {
        "accumulated_operating_revenue_yoy": -14.143705615338718, 
        "accumulated_operating_revenue": 1212970, 
        "long_term_average": 330595, 
        "date": "2013-04-30", 
        "operating_revenue": 321250, 
        "short_term_average": 290227
    }, 
    {
        "accumulated_operating_revenue_yoy": -15.852029929196561, 
        "accumulated_operating_revenue": 1532417, 
        "long_term_average": 323190, 
        "date": "2013-05-31", 
        "operating_revenue": 319447, 
        "short_term_average": 333498
    }, 
    {
        "accumulated_operating_revenue_yoy": -14.478563570369706, 
        "accumulated_operating_revenue": 1870335, 
        "long_term_average": 320860, 
        "date": "2013-06-30", 
        "operating_revenue": 337918, 
        "short_term_average": 326205
    }, 
    {
        "accumulated_operating_revenue_yoy": -17.815441212328096, 
        "accumulated_operating_revenue": 2157154, 
        "long_term_average": 308279, 
        "date": "2013-07-31", 
        "operating_revenue": 286819, 
        "short_term_average": 314728
    }, 
    {
        "accumulated_operating_revenue_yoy": -17.64218661874537, 
        "accumulated_operating_revenue": 2461960, 
        "long_term_average": 303298, 
        "date": "2013-08-31", 
        "operating_revenue": 304806, 
        "short_term_average": 309847
    }, 
    {
        "accumulated_operating_revenue_yoy": -15.341709783738791, 
        "accumulated_operating_revenue": 2776648, 
        "long_term_average": 305315, 
        "date": "2013-09-30", 
        "operating_revenue": 314688, 
        "short_term_average": 302104
    }, 
    {
        "accumulated_operating_revenue_yoy": -14.517752852580312, 
        "accumulated_operating_revenue": 3084691, 
        "long_term_average": 303590, 
        "date": "2013-10-31", 
        "operating_revenue": 308043, 
        "short_term_average": 309179
    }, 
    {
        "accumulated_operating_revenue_yoy": -12.21302614235614, 
        "accumulated_operating_revenue": 3407332, 
        "long_term_average": 307744, 
        "date": "2013-11-30", 
        "operating_revenue": 322641, 
        "short_term_average": 315124
    }, 
    {
        "accumulated_operating_revenue_yoy": -9.333714745658055, 
        "accumulated_operating_revenue": 3778036, 
        "long_term_average": 314836, 
        "date": "2013-12-31", 
        "operating_revenue": 370704, 
        "short_term_average": 333796
    }, 
    {
        "accumulated_operating_revenue_yoy": -18.451951421167493, 
        "accumulated_operating_revenue": 279130, 
        "long_term_average": 309573, 
        "date": "2014-01-31", 
        "operating_revenue": 279130, 
        "short_term_average": 324158
    }, 
    {
        "accumulated_operating_revenue_yoy": 12.635123194754119, 
        "accumulated_operating_revenue": 599131, 
        "long_term_average": 320437, 
        "date": "2014-02-28", 
        "operating_revenue": 320001, 
        "short_term_average": 323278
    }, 
    {
        "accumulated_operating_revenue_yoy": 10.101601399542458, 
        "accumulated_operating_revenue": 981798, 
        "long_term_average": 322342, 
        "date": "2014-03-31", 
        "operating_revenue": 382667, 
        "short_term_average": 327266
    }, 
    {
        "accumulated_operating_revenue_yoy": 9.620188463028764, 
        "accumulated_operating_revenue": 1329660, 
        "long_term_average": 324560, 
        "date": "2014-04-30", 
        "operating_revenue": 347862, 
        "short_term_average": 350176
    }, 
    {
        "accumulated_operating_revenue_yoy": 7.453911043795521, 
        "accumulated_operating_revenue": 1646642, 
        "long_term_average": 324355, 
        "date": "2014-05-31", 
        "operating_revenue": 316982, 
        "short_term_average": 349170
    }, 
    {
        "accumulated_operating_revenue_yoy": 4.228654225045246, 
        "accumulated_operating_revenue": 1949425, 
        "long_term_average": 321427, 
        "date": "2014-06-30", 
        "operating_revenue": 302783, 
        "short_term_average": 322542
    }, 
    {
        "accumulated_operating_revenue_yoy": 8.591737075795237, 
        "accumulated_operating_revenue": 2342491, 
        "long_term_average": 330281, 
        "date": "2014-07-31", 
        "operating_revenue": 393066, 
        "short_term_average": 337610
    }, 
    {
        "accumulated_operating_revenue_yoy": 11.391411720742822, 
        "accumulated_operating_revenue": 2742412, 
        "long_term_average": 338207, 
        "date": "2014-08-31", 
        "operating_revenue": 399921, 
        "short_term_average": 365256
    }, 
    {
        "accumulated_operating_revenue_yoy": 11.428060020571566, 
        "accumulated_operating_revenue": 3093965, 
        "long_term_average": 341279, 
        "date": "2014-09-30", 
        "operating_revenue": 351553, 
        "short_term_average": 381513
    }, 
    {
        "accumulated_operating_revenue_yoy": 11.957858988145004, 
        "accumulated_operating_revenue": 3453554, 
        "long_term_average": 345574, 
        "date": "2014-10-31", 
        "operating_revenue": 359589, 
        "short_term_average": 370354
    }, 
    {
        "accumulated_operating_revenue_yoy": 10.977180973265886, 
        "accumulated_operating_revenue": 3781361, 
        "long_term_average": 346005, 
        "date": "2014-11-30", 
        "operating_revenue": 327807, 
        "short_term_average": 346316
    }, 
    {
        "accumulated_operating_revenue_yoy": 8.19796317451713, 
        "accumulated_operating_revenue": 4087758, 
        "long_term_average": 340646, 
        "date": "2014-12-31", 
        "operating_revenue": 306397, 
        "short_term_average": 331264
    }, 
    {
        "accumulated_operating_revenue_yoy": 30.93970551355999, 
        "accumulated_operating_revenue": 365492, 
        "long_term_average": 347843, 
        "date": "2015-01-31", 
        "operating_revenue": 365492, 
        "short_term_average": 333232
    }, 
    {
        "accumulated_operating_revenue_yoy": -2.1367614094413407, 
        "accumulated_operating_revenue": 586329, 
        "long_term_average": 339579, 
        "date": "2015-02-28", 
        "operating_revenue": 220837, 
        "short_term_average": 297575
    }, 
    {
        "accumulated_operating_revenue_yoy": -3.2464926593861465, 
        "accumulated_operating_revenue": 949924, 
        "long_term_average": 337990, 
        "date": "2015-03-31", 
        "operating_revenue": 363595, 
        "short_term_average": 316641
    }, 
    {
        "accumulated_operating_revenue_yoy": -7.888407562835612, 
        "accumulated_operating_revenue": 1224771, 
        "long_term_average": 331905, 
        "date": "2015-04-30", 
        "operating_revenue": 274847, 
        "short_term_average": 286426
    }, 
    {
        "accumulated_operating_revenue_yoy": -6.863908487697993, 
        "accumulated_operating_revenue": 1533618, 
        "long_term_average": 331227, 
        "date": "2015-05-31", 
        "operating_revenue": 308847, 
        "short_term_average": 315763
    }, 
    {
        "accumulated_operating_revenue_yoy": -8.31542634366544, 
        "accumulated_operating_revenue": 1787322, 
        "long_term_average": 327137, 
        "date": "2015-06-30", 
        "operating_revenue": 253704, 
        "short_term_average": 279132
    }, 
    {
        "accumulated_operating_revenue_yoy": -11.744804996049078, 
        "accumulated_operating_revenue": 2067370, 
        "long_term_average": 317719, 
        "date": "2015-07-31", 
        "operating_revenue": 280048, 
        "short_term_average": 280866
    }, 
    {
        "accumulated_operating_revenue_yoy": -17.078068503200832, 
        "accumulated_operating_revenue": 2274061, 
        "long_term_average": 301617, 
        "date": "2015-08-31", 
        "operating_revenue": 206691, 
        "short_term_average": 246814
    }, 
    {
        "accumulated_operating_revenue_yoy": -19.30154348869493, 
        "accumulated_operating_revenue": 2496782, 
        "long_term_average": 290881, 
        "date": "2015-09-30", 
        "operating_revenue": 222721, 
        "short_term_average": 236486
    }, 
    {
        "accumulated_operating_revenue_yoy": -21.290820991940475, 
        "accumulated_operating_revenue": 2718264, 
        "long_term_average": 279372, 
        "date": "2015-10-31", 
        "operating_revenue": 221482, 
        "short_term_average": 216964
    }
]