[
    {
        "date": "2012-01-31", 
        "operating_revenue": 1564523, 
        "accumulated_operating_revenue": 1564523, 
        "long_term_average": 1564523, 
        "short_term_average": 1564523
    }, 
    {
        "date": "2012-02-29", 
        "operating_revenue": 1971687, 
        "accumulated_operating_revenue": 3536210, 
        "long_term_average": 1768105, 
        "short_term_average": 1768105
    }, 
    {
        "date": "2012-03-31", 
        "operating_revenue": 2294363, 
        "accumulated_operating_revenue": 5830573, 
        "long_term_average": 1943524, 
        "short_term_average": 1943524
    }, 
    {
        "date": "2012-04-30", 
        "operating_revenue": 2329017, 
        "accumulated_operating_revenue": 8159590, 
        "long_term_average": 2039897, 
        "short_term_average": 2198355
    }, 
    {
        "date": "2012-05-31", 
        "operating_revenue": 2298842, 
        "accumulated_operating_revenue": 10458432, 
        "long_term_average": 2091686, 
        "short_term_average": 2307407
    }, 
    {
        "date": "2012-06-30", 
        "operating_revenue": 2026253, 
        "accumulated_operating_revenue": 12484685, 
        "long_term_average": 2080780, 
        "short_term_average": 2218037
    }, 
    {
        "date": "2012-07-31", 
        "operating_revenue": 1969367, 
        "accumulated_operating_revenue": 14454052, 
        "long_term_average": 2064864, 
        "short_term_average": 2098154
    }, 
    {
        "date": "2012-08-31", 
        "operating_revenue": 1818316, 
        "accumulated_operating_revenue": 16272368, 
        "long_term_average": 2034046, 
        "short_term_average": 1937978
    }, 
    {
        "date": "2012-09-30", 
        "operating_revenue": 1837347, 
        "accumulated_operating_revenue": 18109715, 
        "long_term_average": 2012190, 
        "short_term_average": 1875010
    }, 
    {
        "date": "2012-10-31", 
        "operating_revenue": 1725953, 
        "accumulated_operating_revenue": 19835668, 
        "long_term_average": 1983566, 
        "short_term_average": 1793872
    }, 
    {
        "date": "2012-11-30", 
        "operating_revenue": 1782028, 
        "accumulated_operating_revenue": 21617696, 
        "long_term_average": 1965245, 
        "short_term_average": 1781776
    }, 
    {
        "date": "2012-12-31", 
        "operating_revenue": 1696568, 
        "accumulated_operating_revenue": 23314264, 
        "long_term_average": 1942855, 
        "short_term_average": 1734849
    }, 
    {
        "accumulated_operating_revenue_yoy": 9.957475856858608, 
        "accumulated_operating_revenue": 1720310, 
        "long_term_average": 1955837, 
        "date": "2013-01-31", 
        "operating_revenue": 1720310, 
        "short_term_average": 1732968
    }, 
    {
        "accumulated_operating_revenue_yoy": -16.61886596101476, 
        "accumulated_operating_revenue": 2948532, 
        "long_term_average": 1893882, 
        "date": "2013-02-28", 
        "operating_revenue": 1228222, 
        "short_term_average": 1548366
    }, 
    {
        "accumulated_operating_revenue_yoy": -20.137574814688026, 
        "accumulated_operating_revenue": 4656437, 
        "long_term_average": 1845010, 
        "date": "2013-03-31", 
        "operating_revenue": 1707905, 
        "short_term_average": 1552145
    }, 
    {
        "accumulated_operating_revenue_yoy": -22.787615554212895, 
        "accumulated_operating_revenue": 6300214, 
        "long_term_average": 1787907, 
        "date": "2013-04-30", 
        "operating_revenue": 1643777, 
        "short_term_average": 1526634
    }, 
    {
        "accumulated_operating_revenue_yoy": -22.902085130925936, 
        "accumulated_operating_revenue": 8063233, 
        "long_term_average": 1743255, 
        "date": "2013-05-31", 
        "operating_revenue": 1763019, 
        "short_term_average": 1704900
    }, 
    {
        "accumulated_operating_revenue_yoy": -22.09958841572695, 
        "accumulated_operating_revenue": 9725621, 
        "long_term_average": 1712933, 
        "date": "2013-06-30", 
        "operating_revenue": 1662388, 
        "short_term_average": 1689728
    }, 
    {
        "accumulated_operating_revenue_yoy": -20.819047835167606, 
        "accumulated_operating_revenue": 11444856, 
        "long_term_average": 1692089, 
        "date": "2013-07-31", 
        "operating_revenue": 1719235, 
        "short_term_average": 1714880
    }, 
    {
        "accumulated_operating_revenue_yoy": -19.51695659783505, 
        "accumulated_operating_revenue": 13096497, 
        "long_term_average": 1678199, 
        "date": "2013-08-31", 
        "operating_revenue": 1651641, 
        "short_term_average": 1677754
    }, 
    {
        "accumulated_operating_revenue_yoy": -18.9413693147573, 
        "accumulated_operating_revenue": 14679487, 
        "long_term_average": 1657003, 
        "date": "2013-09-30", 
        "operating_revenue": 1582990, 
        "short_term_average": 1651288
    }, 
    {
        "accumulated_operating_revenue_yoy": -17.610422799978302, 
        "accumulated_operating_revenue": 16342523, 
        "long_term_average": 1651759, 
        "date": "2013-10-31", 
        "operating_revenue": 1663036, 
        "short_term_average": 1632555
    }, 
    {
        "accumulated_operating_revenue_yoy": -16.506962629134946, 
        "accumulated_operating_revenue": 18049271, 
        "long_term_average": 1645486, 
        "date": "2013-11-30", 
        "operating_revenue": 1706748, 
        "short_term_average": 1650924
    }, 
    {
        "accumulated_operating_revenue_yoy": -15.424364243280422, 
        "accumulated_operating_revenue": 19718187, 
        "long_term_average": 1643182, 
        "date": "2013-12-31", 
        "operating_revenue": 1668916, 
        "short_term_average": 1679566
    }, 
    {
        "accumulated_operating_revenue_yoy": -11.213444088565433, 
        "accumulated_operating_revenue": 1527404, 
        "long_term_average": 1627106, 
        "date": "2014-01-31", 
        "operating_revenue": 1527404, 
        "short_term_average": 1634356
    }, 
    {
        "accumulated_operating_revenue_yoy": -2.7343437344414103, 
        "accumulated_operating_revenue": 2867909, 
        "long_term_average": 1636463, 
        "date": "2014-02-28", 
        "operating_revenue": 1340505, 
        "short_term_average": 1512275
    }, 
    {
        "accumulated_operating_revenue_yoy": -1.6017826505544903, 
        "accumulated_operating_revenue": 4581851, 
        "long_term_average": 1636966, 
        "date": "2014-03-31", 
        "operating_revenue": 1713942, 
        "short_term_average": 1527283
    }, 
    {
        "accumulated_operating_revenue_yoy": 1.627738359363666, 
        "accumulated_operating_revenue": 6402765, 
        "long_term_average": 1651728, 
        "date": "2014-04-30", 
        "operating_revenue": 1820914, 
        "short_term_average": 1625120
    }, 
    {
        "accumulated_operating_revenue_yoy": 2.6436170206169165, 
        "accumulated_operating_revenue": 8276394, 
        "long_term_average": 1660945, 
        "date": "2014-05-31", 
        "operating_revenue": 1873629, 
        "short_term_average": 1802828
    }, 
    {
        "accumulated_operating_revenue_yoy": 4.251029317305291, 
        "accumulated_operating_revenue": 10139060, 
        "long_term_average": 1677635, 
        "date": "2014-06-30", 
        "operating_revenue": 1862666, 
        "short_term_average": 1852403
    }, 
    {
        "accumulated_operating_revenue_yoy": 3.795198471697678, 
        "accumulated_operating_revenue": 11879211, 
        "long_term_average": 1679378, 
        "date": "2014-07-31", 
        "operating_revenue": 1740151, 
        "short_term_average": 1825482
    }, 
    {
        "accumulated_operating_revenue_yoy": 3.568816913408219, 
        "accumulated_operating_revenue": 13563887, 
        "long_term_average": 1682131, 
        "date": "2014-08-31", 
        "operating_revenue": 1684676, 
        "short_term_average": 1762497
    }, 
    {
        "accumulated_operating_revenue_yoy": 4.560472719516697, 
        "accumulated_operating_revenue": 15348941, 
        "long_term_average": 1698970, 
        "date": "2014-09-30", 
        "operating_revenue": 1785054, 
        "short_term_average": 1736627
    }, 
    {
        "accumulated_operating_revenue_yoy": 4.12011046274801, 
        "accumulated_operating_revenue": 17015853, 
        "long_term_average": 1699293, 
        "date": "2014-10-31", 
        "operating_revenue": 1666912, 
        "short_term_average": 1712214
    }, 
    {
        "accumulated_operating_revenue_yoy": 3.4031845385888437, 
        "accumulated_operating_revenue": 18663521, 
        "long_term_average": 1694369, 
        "date": "2014-11-30", 
        "operating_revenue": 1647668, 
        "short_term_average": 1699878
    }, 
    {
        "accumulated_operating_revenue_yoy": 2.510550285378671, 
        "accumulated_operating_revenue": 20213222, 
        "long_term_average": 1684435, 
        "date": "2014-12-31", 
        "operating_revenue": 1549701, 
        "short_term_average": 1621427
    }, 
    {
        "accumulated_operating_revenue_yoy": 2.718599663219423, 
        "accumulated_operating_revenue": 1568928, 
        "long_term_average": 1687895, 
        "date": "2015-01-31", 
        "operating_revenue": 1568928, 
        "short_term_average": 1588765
    }, 
    {
        "accumulated_operating_revenue_yoy": -7.748537348988409, 
        "accumulated_operating_revenue": 2645688, 
        "long_term_average": 1665916, 
        "date": "2015-02-28", 
        "operating_revenue": 1076760, 
        "short_term_average": 1398463
    }, 
    {
        "accumulated_operating_revenue_yoy": -9.756864638330667, 
        "accumulated_operating_revenue": 4134806, 
        "long_term_average": 1647181, 
        "date": "2015-03-31", 
        "operating_revenue": 1489118, 
        "short_term_average": 1378268
    }, 
    {
        "accumulated_operating_revenue_yoy": -14.573360103017993, 
        "accumulated_operating_revenue": 5469667, 
        "long_term_average": 1606677, 
        "date": "2015-04-30", 
        "operating_revenue": 1334861, 
        "short_term_average": 1300246
    }, 
    {
        "accumulated_operating_revenue_yoy": -16.85753481528308, 
        "accumulated_operating_revenue": 6881198, 
        "long_term_average": 1568168, 
        "date": "2015-05-31", 
        "operating_revenue": 1411531, 
        "short_term_average": 1411836
    }, 
    {
        "accumulated_operating_revenue_yoy": -17.907202442830005, 
        "accumulated_operating_revenue": 8323438, 
        "long_term_average": 1533133, 
        "date": "2015-06-30", 
        "operating_revenue": 1442240, 
        "short_term_average": 1396210
    }, 
    {
        "accumulated_operating_revenue_yoy": -18.373425642494272, 
        "accumulated_operating_revenue": 9696593, 
        "long_term_average": 1502550, 
        "date": "2015-07-31", 
        "operating_revenue": 1373155, 
        "short_term_average": 1408975
    }, 
    {
        "accumulated_operating_revenue_yoy": -19.516522070701413, 
        "accumulated_operating_revenue": 10916688, 
        "long_term_average": 1463835, 
        "date": "2015-08-31", 
        "operating_revenue": 1220095, 
        "short_term_average": 1345163
    }
]