[
    {
        "date": "2012-01-31", 
        "operating_revenue": 643254, 
        "accumulated_operating_revenue": 643254, 
        "long_term_average": 643254, 
        "short_term_average": 643254
    }, 
    {
        "date": "2012-02-29", 
        "operating_revenue": 648562, 
        "accumulated_operating_revenue": 1291816, 
        "long_term_average": 645908, 
        "short_term_average": 645908
    }, 
    {
        "date": "2012-03-31", 
        "operating_revenue": 737855, 
        "accumulated_operating_revenue": 2029671, 
        "long_term_average": 676557, 
        "short_term_average": 676557
    }, 
    {
        "date": "2012-04-30", 
        "operating_revenue": 825909, 
        "accumulated_operating_revenue": 2855580, 
        "long_term_average": 713895, 
        "short_term_average": 737442
    }, 
    {
        "date": "2012-05-31", 
        "operating_revenue": 893267, 
        "accumulated_operating_revenue": 3748847, 
        "long_term_average": 749769, 
        "short_term_average": 819010
    }, 
    {
        "date": "2012-06-30", 
        "operating_revenue": 727318, 
        "accumulated_operating_revenue": 4476165, 
        "long_term_average": 746027, 
        "short_term_average": 815498
    }, 
    {
        "date": "2012-07-31", 
        "operating_revenue": 768672, 
        "accumulated_operating_revenue": 5244837, 
        "long_term_average": 749262, 
        "short_term_average": 796419
    }, 
    {
        "date": "2012-08-31", 
        "operating_revenue": 699245, 
        "accumulated_operating_revenue": 5944082, 
        "long_term_average": 743010, 
        "short_term_average": 731745
    }, 
    {
        "date": "2012-09-30", 
        "operating_revenue": 699059, 
        "accumulated_operating_revenue": 6643141, 
        "long_term_average": 738126, 
        "short_term_average": 722325
    }, 
    {
        "date": "2012-10-31", 
        "operating_revenue": 720361, 
        "accumulated_operating_revenue": 7363502, 
        "long_term_average": 736350, 
        "short_term_average": 706221
    }, 
    {
        "date": "2012-11-30", 
        "operating_revenue": 670898, 
        "accumulated_operating_revenue": 8034400, 
        "long_term_average": 730400, 
        "short_term_average": 696772
    }, 
    {
        "date": "2012-12-31", 
        "operating_revenue": 709514, 
        "accumulated_operating_revenue": 8743914, 
        "long_term_average": 728659, 
        "short_term_average": 700257
    }, 
    {
        "accumulated_operating_revenue_yoy": 11.250454719286628, 
        "accumulated_operating_revenue": 715623, 
        "long_term_average": 734690, 
        "date": "2013-01-31", 
        "operating_revenue": 715623, 
        "short_term_average": 698678
    }, 
    {
        "accumulated_operating_revenue_yoy": -5.622008087839135, 
        "accumulated_operating_revenue": 1219190, 
        "long_term_average": 722607, 
        "date": "2013-02-28", 
        "operating_revenue": 503567, 
        "short_term_average": 642901
    }, 
    {
        "accumulated_operating_revenue_yoy": -6.491544688769755, 
        "accumulated_operating_revenue": 1897914, 
        "long_term_average": 717679, 
        "date": "2013-03-31", 
        "operating_revenue": 678724, 
        "short_term_average": 632638
    }, 
    {
        "accumulated_operating_revenue_yoy": -9.394203629385274, 
        "accumulated_operating_revenue": 2587321, 
        "long_term_average": 706304, 
        "date": "2013-04-30", 
        "operating_revenue": 689407, 
        "short_term_average": 623899
    }, 
    {
        "accumulated_operating_revenue_yoy": -10.394662678951688, 
        "accumulated_operating_revenue": 3359167, 
        "long_term_average": 696186, 
        "date": "2013-05-31", 
        "operating_revenue": 771846, 
        "short_term_average": 713325
    }, 
    {
        "accumulated_operating_revenue_yoy": -7.752149440425006, 
        "accumulated_operating_revenue": 4129166, 
        "long_term_average": 699742, 
        "date": "2013-06-30", 
        "operating_revenue": 769999, 
        "short_term_average": 743750
    }, 
    {
        "accumulated_operating_revenue_yoy": -7.334832331300286, 
        "accumulated_operating_revenue": 4860137, 
        "long_term_average": 696601, 
        "date": "2013-07-31", 
        "operating_revenue": 730971, 
        "short_term_average": 757605
    }, 
    {
        "accumulated_operating_revenue_yoy": -7.5796733625141774, 
        "accumulated_operating_revenue": 5493540, 
        "long_term_average": 691114, 
        "date": "2013-08-31", 
        "operating_revenue": 633403, 
        "short_term_average": 711457
    }, 
    {
        "accumulated_operating_revenue_yoy": -6.900034185635981, 
        "accumulated_operating_revenue": 6184762, 
        "long_term_average": 690461, 
        "date": "2013-09-30", 
        "operating_revenue": 691222, 
        "short_term_average": 685198
    }, 
    {
        "accumulated_operating_revenue_yoy": -6.216403553635214, 
        "accumulated_operating_revenue": 6905757, 
        "long_term_average": 690514, 
        "date": "2013-10-31", 
        "operating_revenue": 720995, 
        "short_term_average": 681873
    }, 
    {
        "accumulated_operating_revenue_yoy": -5.883861893856417, 
        "accumulated_operating_revenue": 7561667, 
        "long_term_average": 689265, 
        "date": "2013-11-30", 
        "operating_revenue": 655910, 
        "short_term_average": 689375
    }, 
    {
        "accumulated_operating_revenue_yoy": -3.9600801197267033, 
        "accumulated_operating_revenue": 8397648, 
        "long_term_average": 699804, 
        "date": "2013-12-31", 
        "operating_revenue": 835981, 
        "short_term_average": 737628
    }, 
    {
        "accumulated_operating_revenue_yoy": -1.9187477205176466, 
        "accumulated_operating_revenue": 701892, 
        "long_term_average": 698659, 
        "date": "2014-01-31", 
        "operating_revenue": 701892, 
        "short_term_average": 731261
    }, 
    {
        "accumulated_operating_revenue_yoy": 7.9337100862047745, 
        "accumulated_operating_revenue": 1315917, 
        "long_term_average": 707864, 
        "date": "2014-02-28", 
        "operating_revenue": 614025, 
        "short_term_average": 717299
    }, 
    {
        "accumulated_operating_revenue_yoy": 9.31074853760497, 
        "accumulated_operating_revenue": 2074624, 
        "long_term_average": 714529, 
        "date": "2014-03-31", 
        "operating_revenue": 758707, 
        "short_term_average": 691541
    }, 
    {
        "accumulated_operating_revenue_yoy": 10.382554000837159, 
        "accumulated_operating_revenue": 2855951, 
        "long_term_average": 722189, 
        "date": "2014-04-30", 
        "operating_revenue": 781327, 
        "short_term_average": 718019
    }, 
    {
        "accumulated_operating_revenue_yoy": 9.077905325933482, 
        "accumulated_operating_revenue": 3664109, 
        "long_term_average": 725215, 
        "date": "2014-05-31", 
        "operating_revenue": 808158, 
        "short_term_average": 782730
    }, 
    {
        "accumulated_operating_revenue_yoy": 8.290415062024632, 
        "accumulated_operating_revenue": 4471491, 
        "long_term_average": 728331, 
        "date": "2014-06-30", 
        "operating_revenue": 807382, 
        "short_term_average": 798955
    }, 
    {
        "accumulated_operating_revenue_yoy": 8.65341861762333, 
        "accumulated_operating_revenue": 5280705, 
        "long_term_average": 734851, 
        "date": "2014-07-31", 
        "operating_revenue": 809214, 
        "short_term_average": 808251
    }, 
    {
        "accumulated_operating_revenue_yoy": 9.754912133160039, 
        "accumulated_operating_revenue": 6029430, 
        "long_term_average": 744461, 
        "date": "2014-08-31", 
        "operating_revenue": 748725, 
        "short_term_average": 788440
    }, 
    {
        "accumulated_operating_revenue_yoy": 10.100679702792121, 
        "accumulated_operating_revenue": 6809465, 
        "long_term_average": 751862, 
        "date": "2014-09-30", 
        "operating_revenue": 780035, 
        "short_term_average": 779324
    }, 
    {
        "accumulated_operating_revenue_yoy": 10.346439934101358, 
        "accumulated_operating_revenue": 7620257, 
        "long_term_average": 759345, 
        "date": "2014-10-31", 
        "operating_revenue": 810792, 
        "short_term_average": 779850
    }, 
    {
        "accumulated_operating_revenue_yoy": 10.437513315516274, 
        "accumulated_operating_revenue": 8350917, 
        "long_term_average": 765574, 
        "date": "2014-11-30", 
        "operating_revenue": 730660, 
        "short_term_average": 773829
    }, 
    {
        "accumulated_operating_revenue_yoy": 9.270571950622365, 
        "accumulated_operating_revenue": 9176158, 
        "long_term_average": 764679, 
        "date": "2014-12-31", 
        "operating_revenue": 825241, 
        "short_term_average": 788897
    }, 
    {
        "accumulated_operating_revenue_yoy": 11.473417562815932, 
        "accumulated_operating_revenue": 782423, 
        "long_term_average": 771390, 
        "date": "2015-01-31", 
        "operating_revenue": 782423, 
        "short_term_average": 779441
    }, 
    {
        "accumulated_operating_revenue_yoy": 0.25913488464698003, 
        "accumulated_operating_revenue": 1319327, 
        "long_term_average": 764964, 
        "date": "2015-02-28", 
        "operating_revenue": 536904, 
        "short_term_average": 714856
    }, 
    {
        "accumulated_operating_revenue_yoy": -0.38199693052813427, 
        "accumulated_operating_revenue": 2066699, 
        "long_term_average": 764019, 
        "date": "2015-03-31", 
        "operating_revenue": 747372, 
        "short_term_average": 688899
    }, 
    {
        "accumulated_operating_revenue_yoy": 0.17458282722637747, 
        "accumulated_operating_revenue": 2860937, 
        "long_term_average": 765095, 
        "date": "2015-04-30", 
        "operating_revenue": 794238, 
        "short_term_average": 692838
    }, 
    {
        "accumulated_operating_revenue_yoy": -2.570884217691122, 
        "accumulated_operating_revenue": 3569909, 
        "long_term_average": 756829, 
        "date": "2015-05-31", 
        "operating_revenue": 708972, 
        "short_term_average": 750194
    }, 
    {
        "accumulated_operating_revenue_yoy": -3.829326727930348, 
        "accumulated_operating_revenue": 4300263, 
        "long_term_average": 750410, 
        "date": "2015-06-30", 
        "operating_revenue": 730354, 
        "short_term_average": 744521
    }, 
    {
        "accumulated_operating_revenue_yoy": -4.6718383246176405, 
        "accumulated_operating_revenue": 5033999, 
        "long_term_average": 744121, 
        "date": "2015-07-31", 
        "operating_revenue": 733736, 
        "short_term_average": 724354
    }, 
    {
        "accumulated_operating_revenue_yoy": -5.3698940032474045, 
        "accumulated_operating_revenue": 5705656, 
        "long_term_average": 737698, 
        "date": "2015-08-31", 
        "operating_revenue": 671657, 
        "short_term_average": 711915
    }, 
    {
        "accumulated_operating_revenue_yoy": -5.949821314890377, 
        "accumulated_operating_revenue": 6404314, 
        "long_term_average": 730917, 
        "date": "2015-09-30", 
        "operating_revenue": 698658, 
        "short_term_average": 701350
    }
]