[
    {
        "date": "2012-01-31", 
        "operating_revenue": 1825659, 
        "accumulated_operating_revenue": 1825659, 
        "long_term_average": 1825659, 
        "short_term_average": 1825659
    }, 
    {
        "date": "2012-02-29", 
        "operating_revenue": 1142898, 
        "accumulated_operating_revenue": 2968557, 
        "long_term_average": 1484278, 
        "short_term_average": 1484278
    }, 
    {
        "date": "2012-03-31", 
        "operating_revenue": 1793525, 
        "accumulated_operating_revenue": 4762082, 
        "long_term_average": 1587360, 
        "short_term_average": 1587360
    }, 
    {
        "date": "2012-04-30", 
        "operating_revenue": 1706273, 
        "accumulated_operating_revenue": 6468355, 
        "long_term_average": 1617088, 
        "short_term_average": 1547565
    }, 
    {
        "date": "2012-05-31", 
        "operating_revenue": 1649673, 
        "accumulated_operating_revenue": 8118028, 
        "long_term_average": 1623605, 
        "short_term_average": 1716490
    }, 
    {
        "date": "2012-06-30", 
        "operating_revenue": 1393200, 
        "accumulated_operating_revenue": 9511228, 
        "long_term_average": 1585204, 
        "short_term_average": 1583048
    }, 
    {
        "date": "2012-07-31", 
        "operating_revenue": 1530824, 
        "accumulated_operating_revenue": 11042052, 
        "long_term_average": 1577436, 
        "short_term_average": 1524565
    }, 
    {
        "date": "2012-08-31", 
        "operating_revenue": 1568828, 
        "accumulated_operating_revenue": 12610880, 
        "long_term_average": 1576360, 
        "short_term_average": 1497617
    }, 
    {
        "date": "2012-09-30", 
        "operating_revenue": 1502652, 
        "accumulated_operating_revenue": 14113532, 
        "long_term_average": 1568170, 
        "short_term_average": 1534101
    }, 
    {
        "date": "2012-10-31", 
        "operating_revenue": 1683693, 
        "accumulated_operating_revenue": 15797225, 
        "long_term_average": 1579722, 
        "short_term_average": 1585057
    }, 
    {
        "date": "2012-11-30", 
        "operating_revenue": 2069665, 
        "accumulated_operating_revenue": 17866890, 
        "long_term_average": 1624262, 
        "short_term_average": 1752003
    }, 
    {
        "date": "2012-12-31", 
        "operating_revenue": 2182082, 
        "accumulated_operating_revenue": 20048972, 
        "long_term_average": 1670747, 
        "short_term_average": 1978480
    }, 
    {
        "accumulated_operating_revenue_yoy": 5.561060417087747, 
        "accumulated_operating_revenue": 1927185, 
        "long_term_average": 1679208, 
        "date": "2013-01-31", 
        "operating_revenue": 1927185, 
        "short_term_average": 2059644
    }, 
    {
        "accumulated_operating_revenue_yoy": 4.740619769133623, 
        "accumulated_operating_revenue": 3109285, 
        "long_term_average": 1682475, 
        "date": "2013-02-28", 
        "operating_revenue": 1182100, 
        "short_term_average": 1763789
    }, 
    {
        "accumulated_operating_revenue_yoy": -1.0756009661320405, 
        "accumulated_operating_revenue": 4710861, 
        "long_term_average": 1666479, 
        "date": "2013-03-31", 
        "operating_revenue": 1601576, 
        "short_term_average": 1570287
    }, 
    {
        "accumulated_operating_revenue_yoy": -0.8358384782529716, 
        "accumulated_operating_revenue": 6414290, 
        "long_term_average": 1666242, 
        "date": "2013-04-30", 
        "operating_revenue": 1703429, 
        "short_term_average": 1495701
    }, 
    {
        "accumulated_operating_revenue_yoy": 0.3008735619044428, 
        "accumulated_operating_revenue": 8142453, 
        "long_term_average": 1672783, 
        "date": "2013-05-31", 
        "operating_revenue": 1728163, 
        "short_term_average": 1677722
    }, 
    {
        "accumulated_operating_revenue_yoy": 5.017280628747413, 
        "accumulated_operating_revenue": 9988433, 
        "long_term_average": 1710514, 
        "date": "2013-06-30", 
        "operating_revenue": 1845980, 
        "short_term_average": 1759190
    }, 
    {
        "accumulated_operating_revenue_yoy": 7.721898067496874, 
        "accumulated_operating_revenue": 11894708, 
        "long_term_average": 1741802, 
        "date": "2013-07-31", 
        "operating_revenue": 1906275, 
        "short_term_average": 1826806
    }, 
    {
        "accumulated_operating_revenue_yoy": 7.029279479306758, 
        "accumulated_operating_revenue": 13497334, 
        "long_term_average": 1744618, 
        "date": "2013-08-31", 
        "operating_revenue": 1602626, 
        "short_term_average": 1784960
    }, 
    {
        "accumulated_operating_revenue_yoy": 7.45117522672567, 
        "accumulated_operating_revenue": 15165156, 
        "long_term_average": 1758383, 
        "date": "2013-09-30", 
        "operating_revenue": 1667822, 
        "short_term_average": 1725574
    }, 
    {
        "accumulated_operating_revenue_yoy": 5.643845675427171, 
        "accumulated_operating_revenue": 16688796, 
        "long_term_average": 1745045, 
        "date": "2013-10-31", 
        "operating_revenue": 1523640, 
        "short_term_average": 1598029
    }, 
    {
        "accumulated_operating_revenue_yoy": 1.5704915628853147, 
        "accumulated_operating_revenue": 18147488, 
        "long_term_average": 1694130, 
        "date": "2013-11-30", 
        "operating_revenue": 1458692, 
        "short_term_average": 1550051
    }, 
    {
        "accumulated_operating_revenue_yoy": -2.401399932126196, 
        "accumulated_operating_revenue": 19567516, 
        "long_term_average": 1630626, 
        "date": "2013-12-31", 
        "operating_revenue": 1420028, 
        "short_term_average": 1467453
    }, 
    {
        "accumulated_operating_revenue_yoy": -15.030056792679478, 
        "accumulated_operating_revenue": 1637528, 
        "long_term_average": 1606488, 
        "date": "2014-01-31", 
        "operating_revenue": 1637528, 
        "short_term_average": 1505416
    }, 
    {
        "accumulated_operating_revenue_yoy": -5.474988622786268, 
        "accumulated_operating_revenue": 2939052, 
        "long_term_average": 1616440, 
        "date": "2014-02-28", 
        "operating_revenue": 1301524, 
        "short_term_average": 1453026
    }, 
    {
        "accumulated_operating_revenue_yoy": -7.760577100449366, 
        "accumulated_operating_revenue": 4345271, 
        "long_term_average": 1600160, 
        "date": "2014-03-31", 
        "operating_revenue": 1406219, 
        "short_term_average": 1448423
    }, 
    {
        "accumulated_operating_revenue_yoy": -6.505131511047988, 
        "accumulated_operating_revenue": 5997032, 
        "long_term_average": 1595854, 
        "date": "2014-04-30", 
        "operating_revenue": 1651761, 
        "short_term_average": 1453168
    }, 
    {
        "accumulated_operating_revenue_yoy": -8.900475077964835, 
        "accumulated_operating_revenue": 7417736, 
        "long_term_average": 1570233, 
        "date": "2014-05-31", 
        "operating_revenue": 1420704, 
        "short_term_average": 1492894
    }, 
    {
        "accumulated_operating_revenue_yoy": -10.4612505284863, 
        "accumulated_operating_revenue": 8943518, 
        "long_term_average": 1543550, 
        "date": "2014-06-30", 
        "operating_revenue": 1525782, 
        "short_term_average": 1532749
    }, 
    {
        "accumulated_operating_revenue_yoy": -13.256466657273133, 
        "accumulated_operating_revenue": 10317890, 
        "long_term_average": 1499224, 
        "date": "2014-07-31", 
        "operating_revenue": 1374372, 
        "short_term_average": 1440286
    }, 
    {
        "accumulated_operating_revenue_yoy": -13.40483239134484, 
        "accumulated_operating_revenue": 11688039, 
        "long_term_average": 1479851, 
        "date": "2014-08-31", 
        "operating_revenue": 1370149, 
        "short_term_average": 1423434
    }, 
    {
        "accumulated_operating_revenue_yoy": -14.49904636655238, 
        "accumulated_operating_revenue": 12966353, 
        "long_term_average": 1447392, 
        "date": "2014-09-30", 
        "operating_revenue": 1278314, 
        "short_term_average": 1340945
    }, 
    {
        "accumulated_operating_revenue_yoy": -14.442659614270555, 
        "accumulated_operating_revenue": 14278490, 
        "long_term_average": 1429767, 
        "date": "2014-10-31", 
        "operating_revenue": 1312137, 
        "short_term_average": 1320200
    }, 
    {
        "accumulated_operating_revenue_yoy": -14.174937049138702, 
        "accumulated_operating_revenue": 15575093, 
        "long_term_average": 1416260, 
        "date": "2014-11-30", 
        "operating_revenue": 1296603, 
        "short_term_average": 1295684
    }, 
    {
        "accumulated_operating_revenue_yoy": -11.676208671555449, 
        "accumulated_operating_revenue": 17282772, 
        "long_term_average": 1440231, 
        "date": "2014-12-31", 
        "operating_revenue": 1707679, 
        "short_term_average": 1438806
    }, 
    {
        "accumulated_operating_revenue_yoy": -5.969119306662237, 
        "accumulated_operating_revenue": 1539782, 
        "long_term_average": 1432085, 
        "date": "2015-01-31", 
        "operating_revenue": 1539782, 
        "short_term_average": 1514688
    }, 
    {
        "accumulated_operating_revenue_yoy": -3.7306927539900623, 
        "accumulated_operating_revenue": 2829405, 
        "long_term_average": 1431093, 
        "date": "2015-02-28", 
        "operating_revenue": 1289623, 
        "short_term_average": 1512361
    }, 
    {
        "accumulated_operating_revenue_yoy": -4.410035645647878, 
        "accumulated_operating_revenue": 4153643, 
        "long_term_average": 1424262, 
        "date": "2015-03-31", 
        "operating_revenue": 1324238, 
        "short_term_average": 1384547
    }, 
    {
        "accumulated_operating_revenue_yoy": -8.007210900325362, 
        "accumulated_operating_revenue": 5516837, 
        "long_term_average": 1400214, 
        "date": "2015-04-30", 
        "operating_revenue": 1363194, 
        "short_term_average": 1325685
    }, 
    {
        "accumulated_operating_revenue_yoy": -7.402406879942883, 
        "accumulated_operating_revenue": 6868645, 
        "long_term_average": 1394473, 
        "date": "2015-05-31", 
        "operating_revenue": 1351808, 
        "short_term_average": 1346413
    }, 
    {
        "accumulated_operating_revenue_yoy": -12.998956339105035, 
        "accumulated_operating_revenue": 7780954, 
        "long_term_average": 1343350, 
        "date": "2015-06-30", 
        "operating_revenue": 912309, 
        "short_term_average": 1209103
    }, 
    {
        "accumulated_operating_revenue_yoy": -12.94752124707668, 
        "accumulated_operating_revenue": 8981979, 
        "long_term_average": 1328905, 
        "date": "2015-07-31", 
        "operating_revenue": 1201025, 
        "short_term_average": 1155047
    }, 
    {
        "accumulated_operating_revenue_yoy": -13.900449853050628, 
        "accumulated_operating_revenue": 10063349, 
        "long_term_average": 1304840, 
        "date": "2015-08-31", 
        "operating_revenue": 1081370, 
        "short_term_average": 1064901
    }, 
    {
        "accumulated_operating_revenue_yoy": -14.083266127337424, 
        "accumulated_operating_revenue": 11140267, 
        "long_term_average": 1288057, 
        "date": "2015-09-30", 
        "operating_revenue": 1076918, 
        "short_term_average": 1119771
    }, 
    {
        "accumulated_operating_revenue_yoy": -12.795169517224862, 
        "accumulated_operating_revenue": 12451533, 
        "long_term_average": 1287984, 
        "date": "2015-10-31", 
        "operating_revenue": 1311266, 
        "short_term_average": 1156518
    }
]