[
    {
        "date": "2011-09-30", 
        "operating_revenue": 4589462, 
        "accumulated_operating_revenue": 4589462, 
        "long_term_average": 4589462, 
        "short_term_average": 4589462
    }, 
    {
        "date": "2011-10-31", 
        "operating_revenue": 4270448, 
        "accumulated_operating_revenue": 8859910, 
        "long_term_average": 4429955, 
        "short_term_average": 4429955
    }, 
    {
        "date": "2011-11-30", 
        "operating_revenue": 2793294, 
        "accumulated_operating_revenue": 11653204, 
        "long_term_average": 3884401, 
        "short_term_average": 3884401
    }, 
    {
        "date": "2011-12-31", 
        "operating_revenue": 3231167, 
        "accumulated_operating_revenue": 14884371, 
        "long_term_average": 3721092, 
        "short_term_average": 3431636
    }, 
    {
        "date": "2012-01-31", 
        "operating_revenue": 3788840, 
        "accumulated_operating_revenue": 3788840, 
        "long_term_average": 3734642, 
        "short_term_average": 3271100
    }, 
    {
        "date": "2012-02-29", 
        "operating_revenue": 4336942, 
        "accumulated_operating_revenue": 8125782, 
        "long_term_average": 3835025, 
        "short_term_average": 3785649
    }, 
    {
        "date": "2012-03-31", 
        "operating_revenue": 4301163, 
        "accumulated_operating_revenue": 12426945, 
        "long_term_average": 3901616, 
        "short_term_average": 4142315
    }, 
    {
        "date": "2012-04-30", 
        "operating_revenue": 4025827, 
        "accumulated_operating_revenue": 16452772, 
        "long_term_average": 3917142, 
        "short_term_average": 4221310
    }, 
    {
        "date": "2012-05-31", 
        "operating_revenue": 3679605, 
        "accumulated_operating_revenue": 20132377, 
        "long_term_average": 3890749, 
        "short_term_average": 4002198
    }, 
    {
        "date": "2012-06-30", 
        "operating_revenue": 3243466, 
        "accumulated_operating_revenue": 23375843, 
        "long_term_average": 3826021, 
        "short_term_average": 3649632
    }, 
    {
        "date": "2012-07-31", 
        "operating_revenue": 3147165, 
        "accumulated_operating_revenue": 26523008, 
        "long_term_average": 3764307, 
        "short_term_average": 3356745
    }, 
    {
        "date": "2012-08-31", 
        "operating_revenue": 2903312, 
        "accumulated_operating_revenue": 29426320, 
        "long_term_average": 3692557, 
        "short_term_average": 3097981
    }, 
    {
        "accumulated_operating_revenue_yoy": 609.2984101404478, 
        "accumulated_operating_revenue": 32552981, 
        "long_term_average": 3570657, 
        "date": "2012-09-30", 
        "operating_revenue": 3126661, 
        "short_term_average": 3059046
    }, 
    {
        "accumulated_operating_revenue_yoy": 304.86462052097596, 
        "accumulated_operating_revenue": 35870641, 
        "long_term_average": 3491258, 
        "date": "2012-10-31", 
        "operating_revenue": 3317660, 
        "short_term_average": 3115877
    }, 
    {
        "accumulated_operating_revenue_yoy": 235.32107564580525, 
        "accumulated_operating_revenue": 39075649, 
        "long_term_average": 3525568, 
        "date": "2012-11-30", 
        "operating_revenue": 3205008, 
        "short_term_average": 3216443
    }, 
    {
        "accumulated_operating_revenue_yoy": 190.4497005617503, 
        "accumulated_operating_revenue": 43231611, 
        "long_term_average": 3602634, 
        "date": "2012-12-31", 
        "operating_revenue": 4155962, 
        "short_term_average": 3559543
    }, 
    {
        "accumulated_operating_revenue_yoy": 9.985800403289662, 
        "accumulated_operating_revenue": 4167186, 
        "long_term_average": 3634163, 
        "date": "2013-01-31", 
        "operating_revenue": 4167186, 
        "short_term_average": 3842718
    }, 
    {
        "accumulated_operating_revenue_yoy": -2.0485043777940386, 
        "accumulated_operating_revenue": 7959325, 
        "long_term_average": 3588762, 
        "date": "2013-02-28", 
        "operating_revenue": 3792139, 
        "short_term_average": 4038429
    }, 
    {
        "accumulated_operating_revenue_yoy": -2.5726435580104363, 
        "accumulated_operating_revenue": 12107244, 
        "long_term_average": 3575992, 
        "date": "2013-03-31", 
        "operating_revenue": 4147919, 
        "short_term_average": 4035748
    }, 
    {
        "accumulated_operating_revenue_yoy": -8.559870640643412, 
        "accumulated_operating_revenue": 15044436, 
        "long_term_average": 3485272, 
        "date": "2013-04-30", 
        "operating_revenue": 2937192, 
        "short_term_average": 3625750
    }, 
    {
        "accumulated_operating_revenue_yoy": -11.165561821140146, 
        "accumulated_operating_revenue": 17884484, 
        "long_term_average": 3415309, 
        "date": "2013-05-31", 
        "operating_revenue": 2840048, 
        "short_term_average": 3308386
    }, 
    {
        "accumulated_operating_revenue_yoy": -12.462866045087658, 
        "accumulated_operating_revenue": 20462543, 
        "long_term_average": 3359859, 
        "date": "2013-06-30", 
        "operating_revenue": 2578059, 
        "short_term_average": 2785099
    }, 
    {
        "accumulated_operating_revenue_yoy": -10.845357359165295, 
        "accumulated_operating_revenue": 23646493, 
        "long_term_average": 3362924, 
        "date": "2013-07-31", 
        "operating_revenue": 3183950, 
        "short_term_average": 2867352
    }, 
    {
        "accumulated_operating_revenue_yoy": -8.732155430920347, 
        "accumulated_operating_revenue": 26856768, 
        "long_term_average": 3388504, 
        "date": "2013-08-31", 
        "operating_revenue": 3210275, 
        "short_term_average": 2990761
    }, 
    {
        "accumulated_operating_revenue_yoy": -6.70500806055212, 
        "accumulated_operating_revenue": 30370301, 
        "long_term_average": 3420744, 
        "date": "2013-09-30", 
        "operating_revenue": 3513533, 
        "short_term_average": 3302586
    }, 
    {
        "accumulated_operating_revenue_yoy": -6.842325454959113, 
        "accumulated_operating_revenue": 33416255, 
        "long_term_average": 3398102, 
        "date": "2013-10-31", 
        "operating_revenue": 3045954, 
        "short_term_average": 3256587
    }, 
    {
        "accumulated_operating_revenue_yoy": -7.278361518704399, 
        "accumulated_operating_revenue": 36231582, 
        "long_term_average": 3365628, 
        "date": "2013-11-30", 
        "operating_revenue": 2815327, 
        "short_term_average": 3124938
    }, 
    {
        "accumulated_operating_revenue_yoy": -10.123104133223256, 
        "accumulated_operating_revenue": 38855230, 
        "long_term_average": 3237935, 
        "date": "2013-12-31", 
        "operating_revenue": 2623648, 
        "short_term_average": 2828309
    }, 
    {
        "accumulated_operating_revenue_yoy": -11.478513318100033, 
        "accumulated_operating_revenue": 3688855, 
        "long_term_average": 3198074, 
        "date": "2014-01-31", 
        "operating_revenue": 3688855, 
        "short_term_average": 3042610
    }, 
    {
        "accumulated_operating_revenue_yoy": -14.691321186155863, 
        "accumulated_operating_revenue": 6789995, 
        "long_term_average": 3140491, 
        "date": "2014-02-28", 
        "operating_revenue": 3101140, 
        "short_term_average": 3137881
    }, 
    {
        "accumulated_operating_revenue_yoy": -17.48789402443694, 
        "accumulated_operating_revenue": 9989942, 
        "long_term_average": 3061494, 
        "date": "2014-03-31", 
        "operating_revenue": 3199947, 
        "short_term_average": 3329980
    }, 
    {
        "accumulated_operating_revenue_yoy": -16.203791222216637, 
        "accumulated_operating_revenue": 12606667, 
        "long_term_average": 3034788, 
        "date": "2014-04-30", 
        "operating_revenue": 2616725, 
        "short_term_average": 2972604
    }, 
    {
        "accumulated_operating_revenue_yoy": -9.49915580455103, 
        "accumulated_operating_revenue": 16185609, 
        "long_term_average": 3096362, 
        "date": "2014-05-31", 
        "operating_revenue": 3578942, 
        "short_term_average": 3131871
    }, 
    {
        "accumulated_operating_revenue_yoy": -4.894934124267937, 
        "accumulated_operating_revenue": 19460915, 
        "long_term_average": 3154466, 
        "date": "2014-06-30", 
        "operating_revenue": 3275306, 
        "short_term_average": 3156991
    }, 
    {
        "accumulated_operating_revenue_yoy": -3.2691993692257033, 
        "accumulated_operating_revenue": 22873442, 
        "long_term_average": 3173514, 
        "date": "2014-07-31", 
        "operating_revenue": 3412527, 
        "short_term_average": 3422258
    }, 
    {
        "accumulated_operating_revenue_yoy": -4.265520705991131, 
        "accumulated_operating_revenue": 25711187, 
        "long_term_average": 3142470, 
        "date": "2014-08-31", 
        "operating_revenue": 2837745, 
        "short_term_average": 3175192
    }, 
    {
        "accumulated_operating_revenue_yoy": -4.505325778628273, 
        "accumulated_operating_revenue": 29002020, 
        "long_term_average": 3123912, 
        "date": "2014-09-30", 
        "operating_revenue": 3290833, 
        "short_term_average": 3180368
    }, 
    {
        "accumulated_operating_revenue_yoy": -5.022974597243168, 
        "accumulated_operating_revenue": 31737765, 
        "long_term_average": 3098061, 
        "date": "2014-10-31", 
        "operating_revenue": 2735745, 
        "short_term_average": 2954774
    }, 
    {
        "accumulated_operating_revenue_yoy": -5.371780343458368, 
        "accumulated_operating_revenue": 34285301, 
        "long_term_average": 3075745, 
        "date": "2014-11-30", 
        "operating_revenue": 2547536, 
        "short_term_average": 2858038
    }, 
    {
        "accumulated_operating_revenue_yoy": -4.433277064631969, 
        "accumulated_operating_revenue": 37132670, 
        "long_term_average": 3094389, 
        "date": "2014-12-31", 
        "operating_revenue": 2847369, 
        "short_term_average": 2710216
    }, 
    {
        "accumulated_operating_revenue_yoy": -25.904867499535765, 
        "accumulated_operating_revenue": 2733262, 
        "long_term_average": 3014756, 
        "date": "2015-01-31", 
        "operating_revenue": 2733262, 
        "short_term_average": 2709389
    }, 
    {
        "accumulated_operating_revenue_yoy": -23.99237407391316, 
        "accumulated_operating_revenue": 5160914, 
        "long_term_average": 2958632, 
        "date": "2015-02-28", 
        "operating_revenue": 2427652, 
        "short_term_average": 2669427
    }, 
    {
        "accumulated_operating_revenue_yoy": -22.5721630816275, 
        "accumulated_operating_revenue": 7734996, 
        "long_term_average": 2906477, 
        "date": "2015-03-31", 
        "operating_revenue": 2574082, 
        "short_term_average": 2578332
    }, 
    {
        "accumulated_operating_revenue_yoy": -18.7250127254095, 
        "accumulated_operating_revenue": 10246067, 
        "long_term_average": 2897672, 
        "date": "2015-04-30", 
        "operating_revenue": 2511071, 
        "short_term_average": 2504268
    }, 
    {
        "accumulated_operating_revenue_yoy": -21.505894526427767, 
        "accumulated_operating_revenue": 12704749, 
        "long_term_average": 2804317, 
        "date": "2015-05-31", 
        "operating_revenue": 2458682, 
        "short_term_average": 2514611
    }, 
    {
        "accumulated_operating_revenue_yoy": -21.027721461195426, 
        "accumulated_operating_revenue": 15368728, 
        "long_term_average": 2753373, 
        "date": "2015-06-30", 
        "operating_revenue": 2663979, 
        "short_term_average": 2544577
    }, 
    {
        "accumulated_operating_revenue_yoy": -19.96394770843846, 
        "accumulated_operating_revenue": 18307000, 
        "long_term_average": 2713852, 
        "date": "2015-07-31", 
        "operating_revenue": 2938272, 
        "short_term_average": 2686977
    }, 
    {
        "accumulated_operating_revenue_yoy": -19.459478864200243, 
        "accumulated_operating_revenue": 20707924, 
        "long_term_average": 2677450, 
        "date": "2015-08-31", 
        "operating_revenue": 2400924, 
        "short_term_average": 2667725
    }, 
    {
        "accumulated_operating_revenue_yoy": -20.66228145487797, 
        "accumulated_operating_revenue": 23009541, 
        "long_term_average": 2595015, 
        "date": "2015-09-30", 
        "operating_revenue": 2301617, 
        "short_term_average": 2546937
    }, 
    {
        "accumulated_operating_revenue_yoy": -20.12984531204387, 
        "accumulated_operating_revenue": 25349002, 
        "long_term_average": 2561992, 
        "date": "2015-10-31", 
        "operating_revenue": 2339461, 
        "short_term_average": 2347334
    }
]