[
    {
        "date": "2011-09-30", 
        "operating_revenue": 3153801, 
        "accumulated_operating_revenue": 3153801, 
        "long_term_average": 3153801, 
        "short_term_average": 3153801
    }, 
    {
        "date": "2011-10-31", 
        "operating_revenue": 3424357, 
        "accumulated_operating_revenue": 6578158, 
        "long_term_average": 3289079, 
        "short_term_average": 3289079
    }, 
    {
        "date": "2011-11-30", 
        "operating_revenue": 3355053, 
        "accumulated_operating_revenue": 9933211, 
        "long_term_average": 3311070, 
        "short_term_average": 3311070
    }, 
    {
        "date": "2011-12-31", 
        "operating_revenue": 3333594, 
        "accumulated_operating_revenue": 13266805, 
        "long_term_average": 3316701, 
        "short_term_average": 3371001
    }, 
    {
        "date": "2012-01-31", 
        "operating_revenue": 2286147, 
        "accumulated_operating_revenue": 2286147, 
        "long_term_average": 3110590, 
        "short_term_average": 2991598
    }, 
    {
        "date": "2012-02-29", 
        "operating_revenue": 3047778, 
        "accumulated_operating_revenue": 5333925, 
        "long_term_average": 3100121, 
        "short_term_average": 2889173
    }, 
    {
        "date": "2012-03-31", 
        "operating_revenue": 3452340, 
        "accumulated_operating_revenue": 8786265, 
        "long_term_average": 3150438, 
        "short_term_average": 2928755
    }, 
    {
        "date": "2012-04-30", 
        "operating_revenue": 3327449, 
        "accumulated_operating_revenue": 12113714, 
        "long_term_average": 3172564, 
        "short_term_average": 3275855
    }, 
    {
        "date": "2012-05-31", 
        "operating_revenue": 3317042, 
        "accumulated_operating_revenue": 15430756, 
        "long_term_average": 3188617, 
        "short_term_average": 3365610
    }, 
    {
        "date": "2012-06-30", 
        "operating_revenue": 2577389, 
        "accumulated_operating_revenue": 18008145, 
        "long_term_average": 3127495, 
        "short_term_average": 3073960
    }, 
    {
        "date": "2012-07-31", 
        "operating_revenue": 2827903, 
        "accumulated_operating_revenue": 20836048, 
        "long_term_average": 3100259, 
        "short_term_average": 2907444
    }, 
    {
        "date": "2012-08-31", 
        "operating_revenue": 2411221, 
        "accumulated_operating_revenue": 23247269, 
        "long_term_average": 3042839, 
        "short_term_average": 2605504
    }, 
    {
        "accumulated_operating_revenue_yoy": 704.3464061302536, 
        "accumulated_operating_revenue": 25367485, 
        "long_term_average": 2956707, 
        "date": "2012-09-30", 
        "operating_revenue": 2120216, 
        "short_term_average": 2453113
    }, 
    {
        "accumulated_operating_revenue_yoy": 324.10440734321065, 
        "accumulated_operating_revenue": 27898258, 
        "long_term_average": 2882242, 
        "date": "2012-10-31", 
        "operating_revenue": 2530773, 
        "short_term_average": 2354070
    }, 
    {
        "accumulated_operating_revenue_yoy": 209.47649254606594, 
        "accumulated_operating_revenue": 30740953, 
        "long_term_average": 2839545, 
        "date": "2012-11-30", 
        "operating_revenue": 2842695, 
        "short_term_average": 2497894
    }, 
    {
        "accumulated_operating_revenue_yoy": 152.00174420291847, 
        "accumulated_operating_revenue": 33432580, 
        "long_term_average": 2786048, 
        "date": "2012-12-31", 
        "operating_revenue": 2691627, 
        "short_term_average": 2688365
    }, 
    {
        "accumulated_operating_revenue_yoy": 39.23194790186283, 
        "accumulated_operating_revenue": 3183047, 
        "long_term_average": 2860790, 
        "date": "2013-01-31", 
        "operating_revenue": 3183047, 
        "short_term_average": 2905789
    }, 
    {
        "accumulated_operating_revenue_yoy": -9.278083212643597, 
        "accumulated_operating_revenue": 4839039, 
        "long_term_average": 2744807, 
        "date": "2013-02-28", 
        "operating_revenue": 1655992, 
        "short_term_average": 2510222
    }, 
    {
        "accumulated_operating_revenue_yoy": -13.493458255584143, 
        "accumulated_operating_revenue": 7600694, 
        "long_term_average": 2687250, 
        "date": "2013-03-31", 
        "operating_revenue": 2761655, 
        "short_term_average": 2533564
    }, 
    {
        "accumulated_operating_revenue_yoy": -15.281374481847598, 
        "accumulated_operating_revenue": 10262572, 
        "long_term_average": 2631786, 
        "date": "2013-04-30", 
        "operating_revenue": 2661878, 
        "short_term_average": 2359841
    }, 
    {
        "accumulated_operating_revenue_yoy": -17.50028320064163, 
        "accumulated_operating_revenue": 12730330, 
        "long_term_average": 2561012, 
        "date": "2013-05-31", 
        "operating_revenue": 2467758, 
        "short_term_average": 2630430
    }, 
    {
        "accumulated_operating_revenue_yoy": -17.283767983876185, 
        "accumulated_operating_revenue": 14895659, 
        "long_term_average": 2526674, 
        "date": "2013-06-30", 
        "operating_revenue": 2165329, 
        "short_term_average": 2431655
    }, 
    {
        "accumulated_operating_revenue_yoy": -16.01348297911389, 
        "accumulated_operating_revenue": 17499471, 
        "long_term_average": 2508000, 
        "date": "2013-07-31", 
        "operating_revenue": 2603812, 
        "short_term_average": 2412299
    }, 
    {
        "accumulated_operating_revenue_yoy": -14.02738102269131, 
        "accumulated_operating_revenue": 19986286, 
        "long_term_average": 2514299, 
        "date": "2013-08-31", 
        "operating_revenue": 2486815, 
        "short_term_average": 2418652
    }, 
    {
        "accumulated_operating_revenue_yoy": -12.742670390856642, 
        "accumulated_operating_revenue": 22134990, 
        "long_term_average": 2516673, 
        "date": "2013-09-30", 
        "operating_revenue": 2148704, 
        "short_term_average": 2413110
    }, 
    {
        "accumulated_operating_revenue_yoy": -11.573643773743866, 
        "accumulated_operating_revenue": 24669413, 
        "long_term_average": 2516977, 
        "date": "2013-10-31", 
        "operating_revenue": 2534423, 
        "short_term_average": 2389980
    }, 
    {
        "accumulated_operating_revenue_yoy": -11.106441625280777, 
        "accumulated_operating_revenue": 27326727, 
        "long_term_average": 2501529, 
        "date": "2013-11-30", 
        "operating_revenue": 2657314, 
        "short_term_average": 2446813
    }, 
    {
        "accumulated_operating_revenue_yoy": -10.567512288910997, 
        "accumulated_operating_revenue": 29899588, 
        "long_term_average": 2491632, 
        "date": "2013-12-31", 
        "operating_revenue": 2572861, 
        "short_term_average": 2588199
    }, 
    {
        "accumulated_operating_revenue_yoy": -20.150754921306536, 
        "accumulated_operating_revenue": 2541639, 
        "long_term_average": 2438181, 
        "date": "2014-01-31", 
        "operating_revenue": 2541639, 
        "short_term_average": 2590604
    }, 
    {
        "accumulated_operating_revenue_yoy": -5.056520519880084, 
        "accumulated_operating_revenue": 4594352, 
        "long_term_average": 2471241, 
        "date": "2014-02-28", 
        "operating_revenue": 2052713, 
        "short_term_average": 2389071
    }, 
    {
        "accumulated_operating_revenue_yoy": -2.9059846377186083, 
        "accumulated_operating_revenue": 7379819, 
        "long_term_average": 2473226, 
        "date": "2014-03-31", 
        "operating_revenue": 2785467, 
        "short_term_average": 2459939
    }, 
    {
        "accumulated_operating_revenue_yoy": -1.8742280200324053, 
        "accumulated_operating_revenue": 10070228, 
        "long_term_average": 2475603, 
        "date": "2014-04-30", 
        "operating_revenue": 2690409, 
        "short_term_average": 2509529
    }, 
    {
        "accumulated_operating_revenue_yoy": -0.39965185505796, 
        "accumulated_operating_revenue": 12679453, 
        "long_term_average": 2487392, 
        "date": "2014-05-31", 
        "operating_revenue": 2609225, 
        "short_term_average": 2695033
    }, 
    {
        "accumulated_operating_revenue_yoy": 4.056349571375124, 
        "accumulated_operating_revenue": 15499879, 
        "long_term_average": 2541984, 
        "date": "2014-06-30", 
        "operating_revenue": 2820426, 
        "short_term_average": 2706686
    }, 
    {
        "accumulated_operating_revenue_yoy": 4.208521503307157, 
        "accumulated_operating_revenue": 18235940, 
        "long_term_average": 2553004, 
        "date": "2014-07-31", 
        "operating_revenue": 2736061, 
        "short_term_average": 2721904
    }, 
    {
        "accumulated_operating_revenue_yoy": 2.877368011245311, 
        "accumulated_operating_revenue": 20561365, 
        "long_term_average": 2539555, 
        "date": "2014-08-31", 
        "operating_revenue": 2325425, 
        "short_term_average": 2627304
    }, 
    {
        "accumulated_operating_revenue_yoy": 2.497516375656822, 
        "accumulated_operating_revenue": 22687815, 
        "long_term_average": 2537701, 
        "date": "2014-09-30", 
        "operating_revenue": 2126450, 
        "short_term_average": 2395978
    }, 
    {
        "accumulated_operating_revenue_yoy": 1.423159116108681, 
        "accumulated_operating_revenue": 25020498, 
        "long_term_average": 2520889, 
        "date": "2014-10-31", 
        "operating_revenue": 2332683, 
        "short_term_average": 2261519
    }, 
    {
        "accumulated_operating_revenue_yoy": 1.0235400675682822, 
        "accumulated_operating_revenue": 27606427, 
        "long_term_average": 2514940, 
        "date": "2014-11-30", 
        "operating_revenue": 2585929, 
        "short_term_average": 2348354
    }, 
    {
        "accumulated_operating_revenue_yoy": 0.909310188488216, 
        "accumulated_operating_revenue": 30171468, 
        "long_term_average": 2514289, 
        "date": "2014-12-31", 
        "operating_revenue": 2565041, 
        "short_term_average": 2494551
    }, 
    {
        "accumulated_operating_revenue_yoy": 5.96725184024954, 
        "accumulated_operating_revenue": 2693305, 
        "long_term_average": 2526927, 
        "date": "2015-01-31", 
        "operating_revenue": 2693305, 
        "short_term_average": 2614758
    }, 
    {
        "accumulated_operating_revenue_yoy": -10.979023810104232, 
        "accumulated_operating_revenue": 4089937, 
        "long_term_average": 2472254, 
        "date": "2015-02-28", 
        "operating_revenue": 1396632, 
        "short_term_average": 2218326
    }, 
    {
        "accumulated_operating_revenue_yoy": -5.923194051236216, 
        "accumulated_operating_revenue": 6942698, 
        "long_term_average": 2477862, 
        "date": "2015-03-31", 
        "operating_revenue": 2852761, 
        "short_term_average": 2314232
    }, 
    {
        "accumulated_operating_revenue_yoy": -10.732289278852475, 
        "accumulated_operating_revenue": 8989462, 
        "long_term_average": 2424225, 
        "date": "2015-04-30", 
        "operating_revenue": 2046764, 
        "short_term_average": 2098719
    }, 
    {
        "accumulated_operating_revenue_yoy": -13.60526357091272, 
        "accumulated_operating_revenue": 10954380, 
        "long_term_average": 2370532, 
        "date": "2015-05-31", 
        "operating_revenue": 1964918, 
        "short_term_average": 2288147
    }, 
    {
        "accumulated_operating_revenue_yoy": -17.299270529789297, 
        "accumulated_operating_revenue": 12818513, 
        "long_term_average": 2290841, 
        "date": "2015-06-30", 
        "operating_revenue": 1864133, 
        "short_term_average": 1958605
    }, 
    {
        "accumulated_operating_revenue_yoy": -19.072436079522088, 
        "accumulated_operating_revenue": 14757902, 
        "long_term_average": 2224452, 
        "date": "2015-07-31", 
        "operating_revenue": 1939389, 
        "short_term_average": 1922813
    }, 
    {
        "accumulated_operating_revenue_yoy": -20.087547689562438, 
        "accumulated_operating_revenue": 16431091, 
        "long_term_average": 2170099, 
        "date": "2015-08-31", 
        "operating_revenue": 1673189, 
        "short_term_average": 1825570
    }, 
    {
        "accumulated_operating_revenue_yoy": -20.945547202319837, 
        "accumulated_operating_revenue": 17935728, 
        "long_term_average": 2118281, 
        "date": "2015-09-30", 
        "operating_revenue": 1504637, 
        "short_term_average": 1705738
    }
]