[
    {
        "date": "2012-01-31", 
        "operating_revenue": 372623, 
        "accumulated_operating_revenue": 372623, 
        "long_term_average": 372623, 
        "short_term_average": 372623
    }, 
    {
        "date": "2012-02-29", 
        "operating_revenue": 505052, 
        "accumulated_operating_revenue": 877675, 
        "long_term_average": 438837, 
        "short_term_average": 438837
    }, 
    {
        "date": "2012-03-31", 
        "operating_revenue": 508435, 
        "accumulated_operating_revenue": 1386110, 
        "long_term_average": 462036, 
        "short_term_average": 462036
    }, 
    {
        "date": "2012-04-30", 
        "operating_revenue": 493107, 
        "accumulated_operating_revenue": 1879217, 
        "long_term_average": 469804, 
        "short_term_average": 502198
    }, 
    {
        "date": "2012-05-31", 
        "operating_revenue": 523506, 
        "accumulated_operating_revenue": 2402723, 
        "long_term_average": 480544, 
        "short_term_average": 508349
    }, 
    {
        "date": "2012-06-30", 
        "operating_revenue": 430785, 
        "accumulated_operating_revenue": 2833508, 
        "long_term_average": 472251, 
        "short_term_average": 482466
    }, 
    {
        "date": "2012-07-31", 
        "operating_revenue": 458093, 
        "accumulated_operating_revenue": 3291601, 
        "long_term_average": 470228, 
        "short_term_average": 470794
    }, 
    {
        "date": "2012-08-31", 
        "operating_revenue": 445665, 
        "accumulated_operating_revenue": 3737266, 
        "long_term_average": 467158, 
        "short_term_average": 444847
    }, 
    {
        "date": "2012-09-30", 
        "operating_revenue": 484398, 
        "accumulated_operating_revenue": 4221664, 
        "long_term_average": 469073, 
        "short_term_average": 462718
    }, 
    {
        "date": "2012-10-31", 
        "operating_revenue": 498834, 
        "accumulated_operating_revenue": 4720498, 
        "long_term_average": 472049, 
        "short_term_average": 476299
    }, 
    {
        "date": "2012-11-30", 
        "operating_revenue": 513111, 
        "accumulated_operating_revenue": 5233609, 
        "long_term_average": 475782, 
        "short_term_average": 498781
    }, 
    {
        "date": "2012-12-31", 
        "operating_revenue": 473968, 
        "accumulated_operating_revenue": 5707577, 
        "long_term_average": 475631, 
        "short_term_average": 495304
    }, 
    {
        "accumulated_operating_revenue_yoy": 34.87975782493298, 
        "accumulated_operating_revenue": 502593, 
        "long_term_average": 486462, 
        "date": "2013-01-31", 
        "operating_revenue": 502593, 
        "short_term_average": 496557
    }, 
    {
        "accumulated_operating_revenue_yoy": -4.0028484347850855, 
        "accumulated_operating_revenue": 842543, 
        "long_term_average": 472703, 
        "date": "2013-02-28", 
        "operating_revenue": 339950, 
        "short_term_average": 438837
    }, 
    {
        "accumulated_operating_revenue_yoy": -8.519670156048221, 
        "accumulated_operating_revenue": 1268018, 
        "long_term_average": 465790, 
        "date": "2013-03-31", 
        "operating_revenue": 425475, 
        "short_term_average": 422672
    }, 
    {
        "accumulated_operating_revenue_yoy": -12.19374877941185, 
        "accumulated_operating_revenue": 1650070, 
        "long_term_average": 456535, 
        "date": "2013-04-30", 
        "operating_revenue": 382052, 
        "short_term_average": 382492
    }, 
    {
        "accumulated_operating_revenue_yoy": -13.100594617024102, 
        "accumulated_operating_revenue": 2087952, 
        "long_term_average": 449400, 
        "date": "2013-05-31", 
        "operating_revenue": 437882, 
        "short_term_average": 415136
    }, 
    {
        "accumulated_operating_revenue_yoy": -11.466669584133871, 
        "accumulated_operating_revenue": 2508599, 
        "long_term_average": 448555, 
        "date": "2013-06-30", 
        "operating_revenue": 420647, 
        "short_term_average": 413527
    }, 
    {
        "accumulated_operating_revenue_yoy": -9.889260575628699, 
        "accumulated_operating_revenue": 2966086, 
        "long_term_average": 448505, 
        "date": "2013-07-31", 
        "operating_revenue": 457487, 
        "short_term_average": 438672
    }, 
    {
        "accumulated_operating_revenue_yoy": -6.248846081600828, 
        "accumulated_operating_revenue": 3503730, 
        "long_term_average": 456170, 
        "date": "2013-08-31", 
        "operating_revenue": 537644, 
        "short_term_average": 471926
    }, 
    {
        "accumulated_operating_revenue_yoy": -6.528018335897882, 
        "accumulated_operating_revenue": 3946073, 
        "long_term_average": 452665, 
        "date": "2013-09-30", 
        "operating_revenue": 442343, 
        "short_term_average": 479158
    }, 
    {
        "accumulated_operating_revenue_yoy": -5.600849740853613, 
        "accumulated_operating_revenue": 4456110, 
        "long_term_average": 453599, 
        "date": "2013-10-31", 
        "operating_revenue": 510037, 
        "short_term_average": 496674
    }, 
    {
        "accumulated_operating_revenue_yoy": -6.469990402416383, 
        "accumulated_operating_revenue": 4894995, 
        "long_term_average": 447413, 
        "date": "2013-11-30", 
        "operating_revenue": 438885, 
        "short_term_average": 463755
    }, 
    {
        "accumulated_operating_revenue_yoy": -6.647234018919061, 
        "accumulated_operating_revenue": 5328181, 
        "long_term_average": 444015, 
        "date": "2013-12-31", 
        "operating_revenue": 433186, 
        "short_term_average": 460702
    }, 
    {
        "accumulated_operating_revenue_yoy": -9.874590374318784, 
        "accumulated_operating_revenue": 452964, 
        "long_term_average": 439879, 
        "date": "2014-01-31", 
        "operating_revenue": 452964, 
        "short_term_average": 441678
    }, 
    {
        "accumulated_operating_revenue_yoy": -1.3911456151199404, 
        "accumulated_operating_revenue": 830822, 
        "long_term_average": 443038, 
        "date": "2014-02-28", 
        "operating_revenue": 377858, 
        "short_term_average": 421336
    }, 
    {
        "accumulated_operating_revenue_yoy": 5.217985864553974, 
        "accumulated_operating_revenue": 1334183, 
        "long_term_average": 449528, 
        "date": "2014-03-31", 
        "operating_revenue": 503361, 
        "short_term_average": 444727
    }, 
    {
        "accumulated_operating_revenue_yoy": 8.551152375353773, 
        "accumulated_operating_revenue": 1791170, 
        "long_term_average": 455773, 
        "date": "2014-04-30", 
        "operating_revenue": 456987, 
        "short_term_average": 446068
    }, 
    {
        "accumulated_operating_revenue_yoy": 7.329670413879247, 
        "accumulated_operating_revenue": 2240992, 
        "long_term_average": 456768, 
        "date": "2014-05-31", 
        "operating_revenue": 449822, 
        "short_term_average": 470056
    }, 
    {
        "accumulated_operating_revenue_yoy": 17.887274929153683, 
        "accumulated_operating_revenue": 2957319, 
        "long_term_average": 481408, 
        "date": "2014-06-30", 
        "operating_revenue": 716327, 
        "short_term_average": 541045
    }, 
    {
        "accumulated_operating_revenue_yoy": 15.236274335943056, 
        "accumulated_operating_revenue": 3418007, 
        "long_term_average": 481675, 
        "date": "2014-07-31", 
        "operating_revenue": 460688, 
        "short_term_average": 542279
    }, 
    {
        "accumulated_operating_revenue_yoy": 9.43831288369823, 
        "accumulated_operating_revenue": 3834423, 
        "long_term_average": 471572, 
        "date": "2014-08-31", 
        "operating_revenue": 416416, 
        "short_term_average": 531143
    }, 
    {
        "accumulated_operating_revenue_yoy": 8.84882261428007, 
        "accumulated_operating_revenue": 4295254, 
        "long_term_average": 473113, 
        "date": "2014-09-30", 
        "operating_revenue": 460831, 
        "short_term_average": 445978
    }, 
    {
        "accumulated_operating_revenue_yoy": 6.994418898994863, 
        "accumulated_operating_revenue": 4767789, 
        "long_term_average": 469988, 
        "date": "2014-10-31", 
        "operating_revenue": 472535, 
        "short_term_average": 449927
    }, 
    {
        "accumulated_operating_revenue_yoy": 6.642642127315758, 
        "accumulated_operating_revenue": 5220152, 
        "long_term_average": 471111, 
        "date": "2014-11-30", 
        "operating_revenue": 452363, 
        "short_term_average": 461909
    }, 
    {
        "accumulated_operating_revenue_yoy": 6.895411398374042, 
        "accumulated_operating_revenue": 5695581, 
        "long_term_average": 474631, 
        "date": "2014-12-31", 
        "operating_revenue": 475429, 
        "short_term_average": 466775
    }, 
    {
        "accumulated_operating_revenue_yoy": -6.085472576187071, 
        "accumulated_operating_revenue": 425399, 
        "long_term_average": 472334, 
        "date": "2015-01-31", 
        "operating_revenue": 425399, 
        "short_term_average": 451063
    }, 
    {
        "accumulated_operating_revenue_yoy": -18.83508140131099, 
        "accumulated_operating_revenue": 674336, 
        "long_term_average": 461591, 
        "date": "2015-02-28", 
        "operating_revenue": 248937, 
        "short_term_average": 383255
    }, 
    {
        "accumulated_operating_revenue_yoy": -16.856608126471407, 
        "accumulated_operating_revenue": 1109285, 
        "long_term_average": 455890, 
        "date": "2015-03-31", 
        "operating_revenue": 434949, 
        "short_term_average": 369761
    }, 
    {
        "accumulated_operating_revenue_yoy": -16.907440388126197, 
        "accumulated_operating_revenue": 1488329, 
        "long_term_average": 449395, 
        "date": "2015-04-30", 
        "operating_revenue": 379044, 
        "short_term_average": 354310
    }, 
    {
        "accumulated_operating_revenue_yoy": -14.550743599263182, 
        "accumulated_operating_revenue": 1914911, 
        "long_term_average": 447458, 
        "date": "2015-05-31", 
        "operating_revenue": 426582, 
        "short_term_average": 413525
    }, 
    {
        "accumulated_operating_revenue_yoy": -22.648452872348233, 
        "accumulated_operating_revenue": 2287532, 
        "long_term_average": 418816, 
        "date": "2015-06-30", 
        "operating_revenue": 372621, 
        "short_term_average": 392749
    }, 
    {
        "accumulated_operating_revenue_yoy": -22.64094251416103, 
        "accumulated_operating_revenue": 2644138, 
        "long_term_average": 410142, 
        "date": "2015-07-31", 
        "operating_revenue": 356606, 
        "short_term_average": 385269
    }, 
    {
        "accumulated_operating_revenue_yoy": -22.12426745823296, 
        "accumulated_operating_revenue": 2986085, 
        "long_term_average": 403936, 
        "date": "2015-08-31", 
        "operating_revenue": 341947, 
        "short_term_average": 357058
    }
]