[
    {
        "date": "2011-09-30", 
        "operating_revenue": 854382, 
        "accumulated_operating_revenue": 854382, 
        "long_term_average": 854382, 
        "short_term_average": 854382
    }, 
    {
        "date": "2011-10-31", 
        "operating_revenue": 892583, 
        "accumulated_operating_revenue": 1746965, 
        "long_term_average": 873482, 
        "short_term_average": 873482
    }, 
    {
        "date": "2011-11-30", 
        "operating_revenue": 869956, 
        "accumulated_operating_revenue": 2616921, 
        "long_term_average": 872307, 
        "short_term_average": 872307
    }, 
    {
        "date": "2011-12-31", 
        "operating_revenue": 875187, 
        "accumulated_operating_revenue": 3492108, 
        "long_term_average": 873027, 
        "short_term_average": 879242
    }, 
    {
        "date": "2012-01-31", 
        "operating_revenue": 891532, 
        "accumulated_operating_revenue": 891532, 
        "long_term_average": 876728, 
        "short_term_average": 878891
    }, 
    {
        "date": "2012-02-29", 
        "operating_revenue": 1125564, 
        "accumulated_operating_revenue": 2017096, 
        "long_term_average": 918200, 
        "short_term_average": 964094
    }, 
    {
        "date": "2012-03-31", 
        "operating_revenue": 910613, 
        "accumulated_operating_revenue": 2927709, 
        "long_term_average": 917116, 
        "short_term_average": 975903
    }, 
    {
        "date": "2012-04-30", 
        "operating_revenue": 730941, 
        "accumulated_operating_revenue": 3658650, 
        "long_term_average": 893844, 
        "short_term_average": 922372
    }, 
    {
        "date": "2012-05-31", 
        "operating_revenue": 962890, 
        "accumulated_operating_revenue": 4621540, 
        "long_term_average": 901516, 
        "short_term_average": 868148
    }, 
    {
        "date": "2012-06-30", 
        "operating_revenue": 730323, 
        "accumulated_operating_revenue": 5351863, 
        "long_term_average": 884397, 
        "short_term_average": 808051
    }, 
    {
        "date": "2012-07-31", 
        "operating_revenue": 1305312, 
        "accumulated_operating_revenue": 6657175, 
        "long_term_average": 922662, 
        "short_term_average": 999508
    }, 
    {
        "date": "2012-08-31", 
        "operating_revenue": 673316, 
        "accumulated_operating_revenue": 7330491, 
        "long_term_average": 901883, 
        "short_term_average": 902983
    }, 
    {
        "accumulated_operating_revenue_yoy": 845.8461203536592, 
        "accumulated_operating_revenue": 8081139, 
        "long_term_average": 893238, 
        "date": "2012-09-30", 
        "operating_revenue": 750648, 
        "short_term_average": 909758
    }, 
    {
        "accumulated_operating_revenue_yoy": 408.40892633796324, 
        "accumulated_operating_revenue": 8881726, 
        "long_term_average": 885572, 
        "date": "2012-10-31", 
        "operating_revenue": 800587, 
        "short_term_average": 741517
    }, 
    {
        "accumulated_operating_revenue_yoy": 278.88388682730584, 
        "accumulated_operating_revenue": 9915092, 
        "long_term_average": 899189, 
        "date": "2012-11-30", 
        "operating_revenue": 1033366, 
        "short_term_average": 861533
    }, 
    {
        "accumulated_operating_revenue_yoy": 206.26716012219552, 
        "accumulated_operating_revenue": 10695180, 
        "long_term_average": 891265, 
        "date": "2012-12-31", 
        "operating_revenue": 780088, 
        "short_term_average": 871347
    }, 
    {
        "accumulated_operating_revenue_yoy": 11.486407666802762, 
        "accumulated_operating_revenue": 993937, 
        "long_term_average": 899798, 
        "date": "2013-01-31", 
        "operating_revenue": 993937, 
        "short_term_average": 935797
    }, 
    {
        "accumulated_operating_revenue_yoy": -1.4524345891320989, 
        "accumulated_operating_revenue": 1987799, 
        "long_term_average": 888823, 
        "date": "2013-02-28", 
        "operating_revenue": 993862, 
        "short_term_average": 922629
    }, 
    {
        "accumulated_operating_revenue_yoy": 2.8971800134507903, 
        "accumulated_operating_revenue": 3012530, 
        "long_term_average": 898333, 
        "date": "2013-03-31", 
        "operating_revenue": 1024731, 
        "short_term_average": 1004176
    }, 
    {
        "accumulated_operating_revenue_yoy": 6.249190275101472, 
        "accumulated_operating_revenue": 3887286, 
        "long_term_average": 910318, 
        "date": "2013-04-30", 
        "operating_revenue": 874756, 
        "short_term_average": 964449
    }, 
    {
        "accumulated_operating_revenue_yoy": 6.435993197072837, 
        "accumulated_operating_revenue": 4918982, 
        "long_term_average": 916051, 
        "date": "2013-05-31", 
        "operating_revenue": 1031696, 
        "short_term_average": 977061
    }, 
    {
        "accumulated_operating_revenue_yoy": 2.883500567933073, 
        "accumulated_operating_revenue": 5506184, 
        "long_term_average": 904125, 
        "date": "2013-06-30", 
        "operating_revenue": 587202, 
        "short_term_average": 831218
    }, 
    {
        "accumulated_operating_revenue_yoy": -3.6185769489310404, 
        "accumulated_operating_revenue": 6416280, 
        "long_term_average": 871190, 
        "date": "2013-07-31", 
        "operating_revenue": 910096, 
        "short_term_average": 842998
    }, 
    {
        "accumulated_operating_revenue_yoy": -0.18697246882916846, 
        "accumulated_operating_revenue": 7316785, 
        "long_term_average": 890122, 
        "date": "2013-08-31", 
        "operating_revenue": 900505, 
        "short_term_average": 799267
    }, 
    {
        "accumulated_operating_revenue_yoy": -0.04861938397545198, 
        "accumulated_operating_revenue": 8077210, 
        "long_term_average": 890937, 
        "date": "2013-09-30", 
        "operating_revenue": 760425, 
        "short_term_average": 857008
    }, 
    {
        "accumulated_operating_revenue_yoy": -1.3506608963167746, 
        "accumulated_operating_revenue": 8761764, 
        "long_term_average": 881268, 
        "date": "2013-10-31", 
        "operating_revenue": 684554, 
        "short_term_average": 781828
    }, 
    {
        "accumulated_operating_revenue_yoy": -4.221766172215044, 
        "accumulated_operating_revenue": 9496500, 
        "long_term_average": 856382, 
        "date": "2013-11-30", 
        "operating_revenue": 734736, 
        "short_term_average": 726571
    }, 
    {
        "accumulated_operating_revenue_yoy": -4.8375249411417105, 
        "accumulated_operating_revenue": 10177798, 
        "long_term_average": 848149, 
        "date": "2013-12-31", 
        "operating_revenue": 681298, 
        "short_term_average": 700196
    }, 
    {
        "accumulated_operating_revenue_yoy": -32.58184371846505, 
        "accumulated_operating_revenue": 670094, 
        "long_term_average": 821162, 
        "date": "2014-01-31", 
        "operating_revenue": 670094, 
        "short_term_average": 695376
    }, 
    {
        "accumulated_operating_revenue_yoy": -22.492867739645707, 
        "accumulated_operating_revenue": 1540686, 
        "long_term_average": 810890, 
        "date": "2014-02-28", 
        "operating_revenue": 870592, 
        "short_term_average": 740661
    }, 
    {
        "accumulated_operating_revenue_yoy": -25.266802322300524, 
        "accumulated_operating_revenue": 2251360, 
        "long_term_average": 784719, 
        "date": "2014-03-31", 
        "operating_revenue": 710674, 
        "short_term_average": 750453
    }, 
    {
        "accumulated_operating_revenue_yoy": -19.02520164454069, 
        "accumulated_operating_revenue": 3147722, 
        "long_term_average": 786519, 
        "date": "2014-04-30", 
        "operating_revenue": 896362, 
        "short_term_average": 825876
    }, 
    {
        "accumulated_operating_revenue_yoy": -19.76618332817644, 
        "accumulated_operating_revenue": 3946687, 
        "long_term_average": 767125, 
        "date": "2014-05-31", 
        "operating_revenue": 798965, 
        "short_term_average": 802000
    }, 
    {
        "accumulated_operating_revenue_yoy": -15.763766703037893, 
        "accumulated_operating_revenue": 4638202, 
        "long_term_average": 775818, 
        "date": "2014-06-30", 
        "operating_revenue": 691515, 
        "short_term_average": 795614
    }, 
    {
        "accumulated_operating_revenue_yoy": -15.226813667732705, 
        "accumulated_operating_revenue": 5439285, 
        "long_term_average": 766733, 
        "date": "2014-07-31", 
        "operating_revenue": 801083, 
        "short_term_average": 763854
    }, 
    {
        "accumulated_operating_revenue_yoy": -16.093871830318918, 
        "accumulated_operating_revenue": 6139231, 
        "long_term_average": 750020, 
        "date": "2014-08-31", 
        "operating_revenue": 699946, 
        "short_term_average": 730848
    }, 
    {
        "accumulated_operating_revenue_yoy": -17.401194224243273, 
        "accumulated_operating_revenue": 6671679, 
        "long_term_average": 731022, 
        "date": "2014-09-30", 
        "operating_revenue": 532448, 
        "short_term_average": 677825
    }, 
    {
        "accumulated_operating_revenue_yoy": -16.031760271105224, 
        "accumulated_operating_revenue": 7357099, 
        "long_term_average": 731094, 
        "date": "2014-10-31", 
        "operating_revenue": 685420, 
        "short_term_average": 639271
    }, 
    {
        "accumulated_operating_revenue_yoy": -14.152066550834519, 
        "accumulated_operating_revenue": 8152549, 
        "long_term_average": 736153, 
        "date": "2014-11-30", 
        "operating_revenue": 795450, 
        "short_term_average": 671106
    }, 
    {
        "accumulated_operating_revenue_yoy": -11.246489663088225, 
        "accumulated_operating_revenue": 9033153, 
        "long_term_average": 752762, 
        "date": "2014-12-31", 
        "operating_revenue": 880604, 
        "short_term_average": 787158
    }, 
    {
        "accumulated_operating_revenue_yoy": 4.622187334911222, 
        "accumulated_operating_revenue": 701067, 
        "long_term_average": 755343, 
        "date": "2015-01-31", 
        "operating_revenue": 701067, 
        "short_term_average": 792373
    }, 
    {
        "accumulated_operating_revenue_yoy": -7.839170343600188, 
        "accumulated_operating_revenue": 1419909, 
        "long_term_average": 742698, 
        "date": "2015-02-28", 
        "operating_revenue": 718842, 
        "short_term_average": 766837
    }, 
    {
        "accumulated_operating_revenue_yoy": -8.38666406083434, 
        "accumulated_operating_revenue": 2062546, 
        "long_term_average": 737028, 
        "date": "2015-03-31", 
        "operating_revenue": 642637, 
        "short_term_average": 687515
    }, 
    {
        "accumulated_operating_revenue_yoy": -15.481830987615805, 
        "accumulated_operating_revenue": 2660397, 
        "long_term_average": 712152, 
        "date": "2015-04-30", 
        "operating_revenue": 597851, 
        "short_term_average": 653110
    }, 
    {
        "accumulated_operating_revenue_yoy": -15.319861950035563, 
        "accumulated_operating_revenue": 3342060, 
        "long_term_average": 702377, 
        "date": "2015-05-31", 
        "operating_revenue": 681663, 
        "short_term_average": 640717
    }, 
    {
        "accumulated_operating_revenue_yoy": -13.18847260209883, 
        "accumulated_operating_revenue": 4026494, 
        "long_term_average": 701787, 
        "date": "2015-06-30", 
        "operating_revenue": 684434, 
        "short_term_average": 654649
    }, 
    {
        "accumulated_operating_revenue_yoy": -15.027214054788452, 
        "accumulated_operating_revenue": 4621912, 
        "long_term_average": 684648, 
        "date": "2015-07-31", 
        "operating_revenue": 595418, 
        "short_term_average": 653838
    }, 
    {
        "accumulated_operating_revenue_yoy": -14.410941696117966, 
        "accumulated_operating_revenue": 5254510, 
        "long_term_average": 679036, 
        "date": "2015-08-31", 
        "operating_revenue": 632598, 
        "short_term_average": 637483
    }, 
    {
        "accumulated_operating_revenue_yoy": -10.877216964425298, 
        "accumulated_operating_revenue": 5945986, 
        "long_term_average": 692288, 
        "date": "2015-09-30", 
        "operating_revenue": 691476, 
        "short_term_average": 639830
    }
]