[
    {
        "date": "2012-01-31", 
        "operating_revenue": 4457372, 
        "accumulated_operating_revenue": 4457372, 
        "long_term_average": 4457372, 
        "short_term_average": 4457372
    }, 
    {
        "date": "2012-02-29", 
        "operating_revenue": 5170680, 
        "accumulated_operating_revenue": 9628052, 
        "long_term_average": 4814026, 
        "short_term_average": 4814026
    }, 
    {
        "date": "2012-03-31", 
        "operating_revenue": 5089508, 
        "accumulated_operating_revenue": 14717560, 
        "long_term_average": 4905853, 
        "short_term_average": 4905853
    }, 
    {
        "date": "2012-04-30", 
        "operating_revenue": 5095605, 
        "accumulated_operating_revenue": 19813165, 
        "long_term_average": 4953291, 
        "short_term_average": 5118597
    }, 
    {
        "date": "2012-05-31", 
        "operating_revenue": 5211939, 
        "accumulated_operating_revenue": 25025104, 
        "long_term_average": 5005020, 
        "short_term_average": 5132350
    }, 
    {
        "date": "2012-06-30", 
        "operating_revenue": 4824687, 
        "accumulated_operating_revenue": 29849791, 
        "long_term_average": 4974965, 
        "short_term_average": 5044077
    }, 
    {
        "date": "2012-07-31", 
        "operating_revenue": 4469627, 
        "accumulated_operating_revenue": 34319418, 
        "long_term_average": 4902774, 
        "short_term_average": 4835417
    }, 
    {
        "date": "2012-08-31", 
        "operating_revenue": 4483071, 
        "accumulated_operating_revenue": 38802489, 
        "long_term_average": 4850311, 
        "short_term_average": 4592461
    }, 
    {
        "date": "2012-09-30", 
        "operating_revenue": 4163324, 
        "accumulated_operating_revenue": 42965813, 
        "long_term_average": 4773979, 
        "short_term_average": 4372007
    }, 
    {
        "date": "2012-10-31", 
        "operating_revenue": 4587047, 
        "accumulated_operating_revenue": 47552860, 
        "long_term_average": 4755286, 
        "short_term_average": 4411147
    }, 
    {
        "date": "2012-11-30", 
        "operating_revenue": 4551134, 
        "accumulated_operating_revenue": 52103994, 
        "long_term_average": 4736726, 
        "short_term_average": 4433835
    }, 
    {
        "date": "2012-12-31", 
        "operating_revenue": 4508067, 
        "accumulated_operating_revenue": 56612061, 
        "long_term_average": 4717671, 
        "short_term_average": 4548749
    }, 
    {
        "accumulated_operating_revenue_yoy": 8.115275099318612, 
        "accumulated_operating_revenue": 4819100, 
        "long_term_average": 4747815, 
        "date": "2013-01-31", 
        "operating_revenue": 4819100, 
        "short_term_average": 4626100
    }, 
    {
        "accumulated_operating_revenue_yoy": -4.67100717777594, 
        "accumulated_operating_revenue": 9178325, 
        "long_term_average": 4680194, 
        "date": "2013-02-28", 
        "operating_revenue": 4359225, 
        "short_term_average": 4562130
    }, 
    {
        "accumulated_operating_revenue_yoy": -5.868051497666733, 
        "accumulated_operating_revenue": 13853926, 
        "long_term_average": 4645702, 
        "date": "2013-03-31", 
        "operating_revenue": 4675601, 
        "short_term_average": 4617975
    }, 
    {
        "accumulated_operating_revenue_yoy": -7.205976430317923, 
        "accumulated_operating_revenue": 18385433, 
        "long_term_average": 4598694, 
        "date": "2013-04-30", 
        "operating_revenue": 4531507, 
        "short_term_average": 4522111
    }, 
    {
        "accumulated_operating_revenue_yoy": -8.478182548212388, 
        "accumulated_operating_revenue": 22903430, 
        "long_term_average": 4540865, 
        "date": "2013-05-31", 
        "operating_revenue": 4517997, 
        "short_term_average": 4575035
    }, 
    {
        "accumulated_operating_revenue_yoy": -8.690392505595767, 
        "accumulated_operating_revenue": 27255727, 
        "long_term_average": 4501499, 
        "date": "2013-06-30", 
        "operating_revenue": 4352297, 
        "short_term_average": 4467267
    }, 
    {
        "accumulated_operating_revenue_yoy": -7.912319492131248, 
        "accumulated_operating_revenue": 31603956, 
        "long_term_average": 4491383, 
        "date": "2013-07-31", 
        "operating_revenue": 4348229, 
        "short_term_average": 4406174
    }, 
    {
        "accumulated_operating_revenue_yoy": -6.407728122801607, 
        "accumulated_operating_revenue": 36316131, 
        "long_term_average": 4510475, 
        "date": "2013-08-31", 
        "operating_revenue": 4712175, 
        "short_term_average": 4470900
    }, 
    {
        "accumulated_operating_revenue_yoy": -5.132631843833608, 
        "accumulated_operating_revenue": 40760536, 
        "long_term_average": 4533898, 
        "date": "2013-09-30", 
        "operating_revenue": 4444405, 
        "short_term_average": 4501603
    }, 
    {
        "accumulated_operating_revenue_yoy": -4.514407755916258, 
        "accumulated_operating_revenue": 45406130, 
        "long_term_average": 4538777, 
        "date": "2013-10-31", 
        "operating_revenue": 4645594, 
        "short_term_average": 4600724
    }, 
    {
        "accumulated_operating_revenue_yoy": -4.145503701693195, 
        "accumulated_operating_revenue": 49944021, 
        "long_term_average": 4537674, 
        "date": "2013-11-30", 
        "operating_revenue": 4537891, 
        "short_term_average": 4542630
    }, 
    {
        "accumulated_operating_revenue_yoy": -3.0969425402124116, 
        "accumulated_operating_revenue": 54858818, 
        "long_term_average": 4571568, 
        "date": "2013-12-31", 
        "operating_revenue": 4914797, 
        "short_term_average": 4699427
    }, 
    {
        "accumulated_operating_revenue_yoy": -1.9566309061858023, 
        "accumulated_operating_revenue": 4724808, 
        "long_term_average": 4563710, 
        "date": "2014-01-31", 
        "operating_revenue": 4724808, 
        "short_term_average": 4725832
    }, 
    {
        "accumulated_operating_revenue_yoy": 5.86657151495507, 
        "accumulated_operating_revenue": 9716778, 
        "long_term_average": 4616439, 
        "date": "2014-02-28", 
        "operating_revenue": 4991970, 
        "short_term_average": 4877191
    }, 
    {
        "accumulated_operating_revenue_yoy": 6.390708308965992, 
        "accumulated_operating_revenue": 14739290, 
        "long_term_average": 4645348, 
        "date": "2014-03-31", 
        "operating_revenue": 5022512, 
        "short_term_average": 4913096
    }, 
    {
        "accumulated_operating_revenue_yoy": 6.242447485463084, 
        "accumulated_operating_revenue": 19533134, 
        "long_term_average": 4667209, 
        "date": "2014-04-30", 
        "operating_revenue": 4793844, 
        "short_term_average": 4936108
    }, 
    {
        "accumulated_operating_revenue_yoy": 7.991309598605972, 
        "accumulated_operating_revenue": 24733714, 
        "long_term_average": 4724091, 
        "date": "2014-05-31", 
        "operating_revenue": 5200580, 
        "short_term_average": 5005645
    }, 
    {
        "accumulated_operating_revenue_yoy": 9.218455262631593, 
        "accumulated_operating_revenue": 29768284, 
        "long_term_average": 4780947, 
        "date": "2014-06-30", 
        "operating_revenue": 5034570, 
        "short_term_average": 5009664
    }, 
    {
        "accumulated_operating_revenue_yoy": 10.424112728166056, 
        "accumulated_operating_revenue": 34898388, 
        "long_term_average": 4846104, 
        "date": "2014-07-31", 
        "operating_revenue": 5130104, 
        "short_term_average": 5121751
    }, 
    {
        "accumulated_operating_revenue_yoy": 10.551490190406021, 
        "accumulated_operating_revenue": 40148024, 
        "long_term_average": 4890892, 
        "date": "2014-08-31", 
        "operating_revenue": 5249636, 
        "short_term_average": 5138103
    }, 
    {
        "accumulated_operating_revenue_yoy": 11.007865549167459, 
        "accumulated_operating_revenue": 45247401, 
        "long_term_average": 4945473, 
        "date": "2014-09-30", 
        "operating_revenue": 5099377, 
        "short_term_average": 5159705
    }, 
    {
        "accumulated_operating_revenue_yoy": 11.326257049433634, 
        "accumulated_operating_revenue": 50548945, 
        "long_term_average": 5000136, 
        "date": "2014-10-31", 
        "operating_revenue": 5301544, 
        "short_term_average": 5216852
    }, 
    {
        "accumulated_operating_revenue_yoy": 11.090576787960265, 
        "accumulated_operating_revenue": 55483101, 
        "long_term_average": 5033158, 
        "date": "2014-11-30", 
        "operating_revenue": 4934156, 
        "short_term_average": 5111692
    }, 
    {
        "accumulated_operating_revenue_yoy": 10.405404651627748, 
        "accumulated_operating_revenue": 60567100, 
        "long_term_average": 5047258, 
        "date": "2014-12-31", 
        "operating_revenue": 5083999, 
        "short_term_average": 5106566
    }, 
    {
        "accumulated_operating_revenue_yoy": 5.079973620092075, 
        "accumulated_operating_revenue": 4964827, 
        "long_term_average": 5067259, 
        "date": "2015-01-31", 
        "operating_revenue": 4964827, 
        "short_term_average": 4994327
    }, 
    {
        "accumulated_operating_revenue_yoy": -7.680889694094072, 
        "accumulated_operating_revenue": 8970443, 
        "long_term_average": 4985063, 
        "date": "2015-02-28", 
        "operating_revenue": 4005616, 
        "short_term_average": 4684814
    }, 
    {
        "accumulated_operating_revenue_yoy": -5.091059338679136, 
        "accumulated_operating_revenue": 13988904, 
        "long_term_average": 4984726, 
        "date": "2015-03-31", 
        "operating_revenue": 5018461, 
        "short_term_average": 4662968
    }, 
    {
        "accumulated_operating_revenue_yoy": -5.039406374829559, 
        "accumulated_operating_revenue": 18548780, 
        "long_term_average": 4965228, 
        "date": "2015-04-30", 
        "operating_revenue": 4559876, 
        "short_term_average": 4527984
    }, 
    {
        "accumulated_operating_revenue_yoy": -7.713960790522605, 
        "accumulated_operating_revenue": 22825765, 
        "long_term_average": 4888262, 
        "date": "2015-05-31", 
        "operating_revenue": 4276985, 
        "short_term_average": 4618440
    }, 
    {
        "accumulated_operating_revenue_yoy": -8.770747416948858, 
        "accumulated_operating_revenue": 27157383, 
        "long_term_average": 4829683, 
        "date": "2015-06-30", 
        "operating_revenue": 4331618, 
        "short_term_average": 4389493
    }, 
    {
        "accumulated_operating_revenue_yoy": -10.130963642217514, 
        "accumulated_operating_revenue": 31362845, 
        "long_term_average": 4752629, 
        "date": "2015-07-31", 
        "operating_revenue": 4205462, 
        "short_term_average": 4271355
    }, 
    {
        "accumulated_operating_revenue_yoy": -11.681872562395599, 
        "accumulated_operating_revenue": 35457983, 
        "long_term_average": 4656421, 
        "date": "2015-08-31", 
        "operating_revenue": 4095138, 
        "short_term_average": 4210739
    }
]