[
    {
        "date": "2012-01-31", 
        "operating_revenue": 105923, 
        "accumulated_operating_revenue": 105923, 
        "long_term_average": 105923, 
        "short_term_average": 105923
    }, 
    {
        "date": "2012-02-29", 
        "operating_revenue": 189273, 
        "accumulated_operating_revenue": 295196, 
        "long_term_average": 147598, 
        "short_term_average": 147598
    }, 
    {
        "date": "2012-03-31", 
        "operating_revenue": 196163, 
        "accumulated_operating_revenue": 491359, 
        "long_term_average": 163786, 
        "short_term_average": 163786
    }, 
    {
        "date": "2012-04-30", 
        "operating_revenue": 215835, 
        "accumulated_operating_revenue": 707194, 
        "long_term_average": 176798, 
        "short_term_average": 200423
    }, 
    {
        "date": "2012-05-31", 
        "operating_revenue": 191315, 
        "accumulated_operating_revenue": 898509, 
        "long_term_average": 179701, 
        "short_term_average": 201104
    }, 
    {
        "date": "2012-06-30", 
        "operating_revenue": 163994, 
        "accumulated_operating_revenue": 1062503, 
        "long_term_average": 177083, 
        "short_term_average": 190381
    }, 
    {
        "date": "2012-07-31", 
        "operating_revenue": 176428, 
        "accumulated_operating_revenue": 1238931, 
        "long_term_average": 176990, 
        "short_term_average": 177245
    }, 
    {
        "date": "2012-08-31", 
        "operating_revenue": 160148, 
        "accumulated_operating_revenue": 1399079, 
        "long_term_average": 174884, 
        "short_term_average": 166856
    }, 
    {
        "date": "2012-09-30", 
        "operating_revenue": 144307, 
        "accumulated_operating_revenue": 1543386, 
        "long_term_average": 171487, 
        "short_term_average": 160294
    }, 
    {
        "date": "2012-10-31", 
        "operating_revenue": 168097, 
        "accumulated_operating_revenue": 1711483, 
        "long_term_average": 171148, 
        "short_term_average": 157517
    }, 
    {
        "date": "2012-11-30", 
        "operating_revenue": 158435, 
        "accumulated_operating_revenue": 1869918, 
        "long_term_average": 169992, 
        "short_term_average": 156946
    }, 
    {
        "date": "2012-12-31", 
        "operating_revenue": 173595, 
        "accumulated_operating_revenue": 2043513, 
        "long_term_average": 170292, 
        "short_term_average": 166709
    }, 
    {
        "accumulated_operating_revenue_yoy": 46.91049158350877, 
        "accumulated_operating_revenue": 155612, 
        "long_term_average": 174433, 
        "date": "2013-01-31", 
        "operating_revenue": 155612, 
        "short_term_average": 162547
    }, 
    {
        "accumulated_operating_revenue_yoy": -17.21805173511836, 
        "accumulated_operating_revenue": 244369, 
        "long_term_average": 166057, 
        "date": "2013-02-28", 
        "operating_revenue": 88757, 
        "short_term_average": 139321
    }, 
    {
        "accumulated_operating_revenue_yoy": -20.681416235379835, 
        "accumulated_operating_revenue": 389739, 
        "long_term_average": 161824, 
        "date": "2013-03-31", 
        "operating_revenue": 145370, 
        "short_term_average": 129913
    }, 
    {
        "accumulated_operating_revenue_yoy": -26.58040085181718, 
        "accumulated_operating_revenue": 519219, 
        "long_term_average": 154628, 
        "date": "2013-04-30", 
        "operating_revenue": 129480, 
        "short_term_average": 121202
    }, 
    {
        "accumulated_operating_revenue_yoy": -27.428439781905357, 
        "accumulated_operating_revenue": 652062, 
        "long_term_average": 149755, 
        "date": "2013-05-31", 
        "operating_revenue": 132843, 
        "short_term_average": 135897
    }, 
    {
        "accumulated_operating_revenue_yoy": -25.184399479342645, 
        "accumulated_operating_revenue": 794918, 
        "long_term_average": 147994, 
        "date": "2013-06-30", 
        "operating_revenue": 142856, 
        "short_term_average": 135059
    }, 
    {
        "accumulated_operating_revenue_yoy": -24.47553576430003, 
        "accumulated_operating_revenue": 935696, 
        "long_term_average": 145023, 
        "date": "2013-07-31", 
        "operating_revenue": 140778, 
        "short_term_average": 138825
    }, 
    {
        "accumulated_operating_revenue_yoy": -22.910071554215307, 
        "accumulated_operating_revenue": 1078549, 
        "long_term_average": 143581, 
        "date": "2013-08-31", 
        "operating_revenue": 142853, 
        "short_term_average": 142162
    }, 
    {
        "accumulated_operating_revenue_yoy": -22.057605809564166, 
        "accumulated_operating_revenue": 1202952, 
        "long_term_average": 141923, 
        "date": "2013-09-30", 
        "operating_revenue": 124403, 
        "short_term_average": 136011
    }, 
    {
        "accumulated_operating_revenue_yoy": -20.92501064865967, 
        "accumulated_operating_revenue": 1353355, 
        "long_term_average": 140448, 
        "date": "2013-10-31", 
        "operating_revenue": 150403, 
        "short_term_average": 139219
    }, 
    {
        "accumulated_operating_revenue_yoy": -21.054292220300567, 
        "accumulated_operating_revenue": 1476220, 
        "long_term_average": 137484, 
        "date": "2013-11-30", 
        "operating_revenue": 122865, 
        "short_term_average": 132557
    }, 
    {
        "accumulated_operating_revenue_yoy": -21.21660101991032, 
        "accumulated_operating_revenue": 1609949, 
        "long_term_average": 134162, 
        "date": "2013-12-31", 
        "operating_revenue": 133729, 
        "short_term_average": 135665
    }, 
    {
        "accumulated_operating_revenue_yoy": -9.100840552142508, 
        "accumulated_operating_revenue": 141450, 
        "long_term_average": 132982, 
        "date": "2014-01-31", 
        "operating_revenue": 141450, 
        "short_term_average": 132681
    }, 
    {
        "accumulated_operating_revenue_yoy": 9.228257266674579, 
        "accumulated_operating_revenue": 266920, 
        "long_term_average": 136041, 
        "date": "2014-02-28", 
        "operating_revenue": 125470, 
        "short_term_average": 133549
    }, 
    {
        "accumulated_operating_revenue_yoy": 7.70977500327142, 
        "accumulated_operating_revenue": 419787, 
        "long_term_average": 136666, 
        "date": "2014-03-31", 
        "operating_revenue": 152867, 
        "short_term_average": 139929
    }, 
    {
        "accumulated_operating_revenue_yoy": 10.694138696773422, 
        "accumulated_operating_revenue": 574745, 
        "long_term_average": 138789, 
        "date": "2014-04-30", 
        "operating_revenue": 154958, 
        "short_term_average": 144431
    }, 
    {
        "accumulated_operating_revenue_yoy": 10.789924884443504, 
        "accumulated_operating_revenue": 722419, 
        "long_term_average": 140025, 
        "date": "2014-05-31", 
        "operating_revenue": 147674, 
        "short_term_average": 151833
    }, 
    {
        "accumulated_operating_revenue_yoy": 10.145071567130195, 
        "accumulated_operating_revenue": 875563, 
        "long_term_average": 140882, 
        "date": "2014-06-30", 
        "operating_revenue": 153144, 
        "short_term_average": 151925
    }, 
    {
        "accumulated_operating_revenue_yoy": 10.003142046134641, 
        "accumulated_operating_revenue": 1029295, 
        "long_term_average": 141962, 
        "date": "2014-07-31", 
        "operating_revenue": 153732, 
        "short_term_average": 151516
    }, 
    {
        "accumulated_operating_revenue_yoy": 9.649816559099309, 
        "accumulated_operating_revenue": 1182627, 
        "long_term_average": 142835, 
        "date": "2014-08-31", 
        "operating_revenue": 153332, 
        "short_term_average": 153402
    }, 
    {
        "accumulated_operating_revenue_yoy": 10.356772340043493, 
        "accumulated_operating_revenue": 1327539, 
        "long_term_average": 144544, 
        "date": "2014-09-30", 
        "operating_revenue": 144912, 
        "short_term_average": 150658
    }, 
    {
        "accumulated_operating_revenue_yoy": 7.996054250362987, 
        "accumulated_operating_revenue": 1461570, 
        "long_term_average": 143180, 
        "date": "2014-10-31", 
        "operating_revenue": 134031, 
        "short_term_average": 144091
    }, 
    {
        "accumulated_operating_revenue_yoy": 6.972267006272778, 
        "accumulated_operating_revenue": 1579146, 
        "long_term_average": 142739, 
        "date": "2014-11-30", 
        "operating_revenue": 117576, 
        "short_term_average": 132173
    }, 
    {
        "accumulated_operating_revenue_yoy": 7.230291145868597, 
        "accumulated_operating_revenue": 1726353, 
        "long_term_average": 143862, 
        "date": "2014-12-31", 
        "operating_revenue": 147207, 
        "short_term_average": 132938
    }, 
    {
        "accumulated_operating_revenue_yoy": -11.12124425592082, 
        "accumulated_operating_revenue": 125719, 
        "long_term_average": 142551, 
        "date": "2015-01-31", 
        "operating_revenue": 125719, 
        "short_term_average": 130167
    }, 
    {
        "accumulated_operating_revenue_yoy": -19.298666267046304, 
        "accumulated_operating_revenue": 215408, 
        "long_term_average": 139570, 
        "date": "2015-02-28", 
        "operating_revenue": 89689, 
        "short_term_average": 120871
    }, 
    {
        "accumulated_operating_revenue_yoy": -15.116713952552127, 
        "accumulated_operating_revenue": 356329, 
        "long_term_average": 138574, 
        "date": "2015-03-31", 
        "operating_revenue": 140921, 
        "short_term_average": 118776
    }, 
    {
        "accumulated_operating_revenue_yoy": -13.805774734882426, 
        "accumulated_operating_revenue": 495397, 
        "long_term_average": 137250, 
        "date": "2015-04-30", 
        "operating_revenue": 139068, 
        "short_term_average": 123226
    }, 
    {
        "accumulated_operating_revenue_yoy": -14.611326667764828, 
        "accumulated_operating_revenue": 616864, 
        "long_term_average": 135066, 
        "date": "2015-05-31", 
        "operating_revenue": 121467, 
        "short_term_average": 133818
    }, 
    {
        "accumulated_operating_revenue_yoy": -15.370567280709668, 
        "accumulated_operating_revenue": 740984, 
        "long_term_average": 132647, 
        "date": "2015-06-30", 
        "operating_revenue": 124120, 
        "short_term_average": 128218
    }, 
    {
        "accumulated_operating_revenue_yoy": -17.076542682127087, 
        "accumulated_operating_revenue": 853527, 
        "long_term_average": 129215, 
        "date": "2015-07-31", 
        "operating_revenue": 112543, 
        "short_term_average": 119376
    }, 
    {
        "accumulated_operating_revenue_yoy": -19.496933521727478, 
        "accumulated_operating_revenue": 952051, 
        "long_term_average": 124648, 
        "date": "2015-08-31", 
        "operating_revenue": 98524, 
        "short_term_average": 111729
    }
]