[
    {
        "date": "2012-01-31", 
        "operating_revenue": 192515, 
        "accumulated_operating_revenue": 192515, 
        "long_term_average": 192515, 
        "short_term_average": 192515
    }, 
    {
        "date": "2012-02-29", 
        "operating_revenue": 266875, 
        "accumulated_operating_revenue": 459390, 
        "long_term_average": 229695, 
        "short_term_average": 229695
    }, 
    {
        "date": "2012-03-31", 
        "operating_revenue": 230129, 
        "accumulated_operating_revenue": 689519, 
        "long_term_average": 229839, 
        "short_term_average": 229839
    }, 
    {
        "date": "2012-04-30", 
        "operating_revenue": 260355, 
        "accumulated_operating_revenue": 949874, 
        "long_term_average": 237468, 
        "short_term_average": 252453
    }, 
    {
        "date": "2012-05-31", 
        "operating_revenue": 281218, 
        "accumulated_operating_revenue": 1231092, 
        "long_term_average": 246218, 
        "short_term_average": 257234
    }, 
    {
        "date": "2012-06-30", 
        "operating_revenue": 231069, 
        "accumulated_operating_revenue": 1462161, 
        "long_term_average": 243693, 
        "short_term_average": 257547
    }, 
    {
        "date": "2012-07-31", 
        "operating_revenue": 202777, 
        "accumulated_operating_revenue": 1664938, 
        "long_term_average": 237848, 
        "short_term_average": 238354
    }, 
    {
        "date": "2012-08-31", 
        "operating_revenue": 252204, 
        "accumulated_operating_revenue": 1917142, 
        "long_term_average": 239642, 
        "short_term_average": 228683
    }, 
    {
        "date": "2012-09-30", 
        "operating_revenue": 147816, 
        "accumulated_operating_revenue": 2064958, 
        "long_term_average": 229439, 
        "short_term_average": 200932
    }, 
    {
        "date": "2012-10-31", 
        "operating_revenue": 144803, 
        "accumulated_operating_revenue": 2209761, 
        "long_term_average": 220976, 
        "short_term_average": 181607
    }, 
    {
        "date": "2012-11-30", 
        "operating_revenue": 247601, 
        "accumulated_operating_revenue": 2457362, 
        "long_term_average": 223396, 
        "short_term_average": 180073
    }, 
    {
        "date": "2012-12-31", 
        "operating_revenue": 246639, 
        "accumulated_operating_revenue": 2704001, 
        "long_term_average": 225333, 
        "short_term_average": 213014
    }, 
    {
        "accumulated_operating_revenue_yoy": 97.92327870555542, 
        "accumulated_operating_revenue": 381032, 
        "long_term_average": 241043, 
        "date": "2013-01-31", 
        "operating_revenue": 381032, 
        "short_term_average": 291757
    }, 
    {
        "accumulated_operating_revenue_yoy": 43.27281830253162, 
        "accumulated_operating_revenue": 658181, 
        "long_term_average": 241899, 
        "date": "2013-02-28", 
        "operating_revenue": 277149, 
        "short_term_average": 301606
    }, 
    {
        "accumulated_operating_revenue_yoy": 48.02942340965223, 
        "accumulated_operating_revenue": 1020691, 
        "long_term_average": 252931, 
        "date": "2013-03-31", 
        "operating_revenue": 362510, 
        "short_term_average": 340230
    }, 
    {
        "accumulated_operating_revenue_yoy": 40.53295489717584, 
        "accumulated_operating_revenue": 1334886, 
        "long_term_average": 257417, 
        "date": "2013-04-30", 
        "operating_revenue": 314195, 
        "short_term_average": 317951
    }, 
    {
        "accumulated_operating_revenue_yoy": 33.112066360596934, 
        "accumulated_operating_revenue": 1638732, 
        "long_term_average": 259303, 
        "date": "2013-05-31", 
        "operating_revenue": 303846, 
        "short_term_average": 326850
    }, 
    {
        "accumulated_operating_revenue_yoy": 33.08801151172819, 
        "accumulated_operating_revenue": 1945961, 
        "long_term_average": 265650, 
        "date": "2013-06-30", 
        "operating_revenue": 307229, 
        "short_term_average": 308423
    }, 
    {
        "accumulated_operating_revenue_yoy": 35.145212614523786, 
        "accumulated_operating_revenue": 2250084, 
        "long_term_average": 274095, 
        "date": "2013-07-31", 
        "operating_revenue": 304123, 
        "short_term_average": 305066
    }, 
    {
        "accumulated_operating_revenue_yoy": 35.926133797079196, 
        "accumulated_operating_revenue": 2605897, 
        "long_term_average": 282729, 
        "date": "2013-08-31", 
        "operating_revenue": 355813, 
        "short_term_average": 322388
    }, 
    {
        "accumulated_operating_revenue_yoy": 42.99312625244678, 
        "accumulated_operating_revenue": 2952748, 
        "long_term_average": 299315, 
        "date": "2013-09-30", 
        "operating_revenue": 346851, 
        "short_term_average": 335595
    }, 
    {
        "accumulated_operating_revenue_yoy": 50.67828602278708, 
        "accumulated_operating_revenue": 3329630, 
        "long_term_average": 318655, 
        "date": "2013-10-31", 
        "operating_revenue": 376882, 
        "short_term_average": 359848
    }, 
    {
        "accumulated_operating_revenue_yoy": 53.18080933944612, 
        "accumulated_operating_revenue": 3764207, 
        "long_term_average": 334237, 
        "date": "2013-11-30", 
        "operating_revenue": 434577, 
        "short_term_average": 386103
    }, 
    {
        "accumulated_operating_revenue_yoy": 53.4281607144376, 
        "accumulated_operating_revenue": 4148699, 
        "long_term_average": 345724, 
        "date": "2013-12-31", 
        "operating_revenue": 384492, 
        "short_term_average": 398650
    }, 
    {
        "accumulated_operating_revenue_yoy": -1.720852841756073, 
        "accumulated_operating_revenue": 374475, 
        "long_term_average": 345178, 
        "date": "2014-01-31", 
        "operating_revenue": 374475, 
        "short_term_average": 397848
    }, 
    {
        "accumulated_operating_revenue_yoy": -0.014585653490453236, 
        "accumulated_operating_revenue": 658085, 
        "long_term_average": 345716, 
        "date": "2014-02-28", 
        "operating_revenue": 283610, 
        "short_term_average": 347525
    }, 
    {
        "accumulated_operating_revenue_yoy": 6.918450343933669, 
        "accumulated_operating_revenue": 1091307, 
        "long_term_average": 351609, 
        "date": "2014-03-31", 
        "operating_revenue": 433222, 
        "short_term_average": 363769
    }, 
    {
        "accumulated_operating_revenue_yoy": 16.210522846145665, 
        "accumulated_operating_revenue": 1551278, 
        "long_term_average": 363757, 
        "date": "2014-04-30", 
        "operating_revenue": 459971, 
        "short_term_average": 392267
    }, 
    {
        "accumulated_operating_revenue_yoy": 26.52288476700278, 
        "accumulated_operating_revenue": 2073371, 
        "long_term_average": 381944, 
        "date": "2014-05-31", 
        "operating_revenue": 522093, 
        "short_term_average": 471762
    }, 
    {
        "accumulated_operating_revenue_yoy": 31.071331850946653, 
        "accumulated_operating_revenue": 2550597, 
        "long_term_average": 396111, 
        "date": "2014-06-30", 
        "operating_revenue": 477226, 
        "short_term_average": 486430
    }, 
    {
        "accumulated_operating_revenue_yoy": 41.46307426744957, 
        "accumulated_operating_revenue": 3183038, 
        "long_term_average": 423471, 
        "date": "2014-07-31", 
        "operating_revenue": 632441, 
        "short_term_average": 543920
    }, 
    {
        "accumulated_operating_revenue_yoy": 36.10860291101298, 
        "accumulated_operating_revenue": 3546850, 
        "long_term_average": 424137, 
        "date": "2014-08-31", 
        "operating_revenue": 363812, 
        "short_term_average": 491159
    }, 
    {
        "accumulated_operating_revenue_yoy": 35.31852362612726, 
        "accumulated_operating_revenue": 3995615, 
        "long_term_average": 432630, 
        "date": "2014-09-30", 
        "operating_revenue": 448765, 
        "short_term_average": 481672
    }, 
    {
        "accumulated_operating_revenue_yoy": 31.387241225000977, 
        "accumulated_operating_revenue": 4374709, 
        "long_term_average": 432814, 
        "date": "2014-10-31", 
        "operating_revenue": 379094, 
        "short_term_average": 397223
    }, 
    {
        "accumulated_operating_revenue_yoy": 25.717607984895626, 
        "accumulated_operating_revenue": 4732271, 
        "long_term_average": 426396, 
        "date": "2014-11-30", 
        "operating_revenue": 357562, 
        "short_term_average": 395140
    }, 
    {
        "accumulated_operating_revenue_yoy": 24.083019761134754, 
        "accumulated_operating_revenue": 5147831, 
        "long_term_average": 428985, 
        "date": "2014-12-31", 
        "operating_revenue": 415560, 
        "short_term_average": 384072
    }, 
    {
        "accumulated_operating_revenue_yoy": 4.6390279724948265, 
        "accumulated_operating_revenue": 391847, 
        "long_term_average": 430433, 
        "date": "2015-01-31", 
        "operating_revenue": 391847, 
        "short_term_average": 388323
    }, 
    {
        "accumulated_operating_revenue_yoy": -8.439639256327071, 
        "accumulated_operating_revenue": 602545, 
        "long_term_average": 424357, 
        "date": "2015-02-28", 
        "operating_revenue": 210698, 
        "short_term_average": 339368
    }, 
    {
        "accumulated_operating_revenue_yoy": -3.9057753684343637, 
        "accumulated_operating_revenue": 1048683, 
        "long_term_average": 425433, 
        "date": "2015-03-31", 
        "operating_revenue": 446138, 
        "short_term_average": 349561
    }, 
    {
        "accumulated_operating_revenue_yoy": -14.798894846700591, 
        "accumulated_operating_revenue": 1321706, 
        "long_term_average": 409854, 
        "date": "2015-04-30", 
        "operating_revenue": 273023, 
        "short_term_average": 309953
    }, 
    {
        "accumulated_operating_revenue_yoy": -21.029907334480903, 
        "accumulated_operating_revenue": 1637343, 
        "long_term_average": 392650, 
        "date": "2015-05-31", 
        "operating_revenue": 315637, 
        "short_term_average": 344932
    }, 
    {
        "accumulated_operating_revenue_yoy": -25.54280429248525, 
        "accumulated_operating_revenue": 1899103, 
        "long_term_average": 374694, 
        "date": "2015-06-30", 
        "operating_revenue": 261760, 
        "short_term_average": 283473
    }, 
    {
        "accumulated_operating_revenue_yoy": -30.80786343109947, 
        "accumulated_operating_revenue": 2202412, 
        "long_term_average": 347267, 
        "date": "2015-07-31", 
        "operating_revenue": 303309, 
        "short_term_average": 293568
    }, 
    {
        "accumulated_operating_revenue_yoy": -33.20969310796904, 
        "accumulated_operating_revenue": 2368952, 
        "long_term_average": 330827, 
        "date": "2015-08-31", 
        "operating_revenue": 166540, 
        "short_term_average": 243869
    }
]