[
    {
        "date": "2011-09-30", 
        "operating_revenue": 3298644, 
        "accumulated_operating_revenue": 3298644, 
        "long_term_average": 3298644, 
        "short_term_average": 3298644
    }, 
    {
        "date": "2011-10-31", 
        "operating_revenue": 3363251, 
        "accumulated_operating_revenue": 6661895, 
        "long_term_average": 3330947, 
        "short_term_average": 3330947
    }, 
    {
        "date": "2011-11-30", 
        "operating_revenue": 3231090, 
        "accumulated_operating_revenue": 9892985, 
        "long_term_average": 3297661, 
        "short_term_average": 3297661
    }, 
    {
        "date": "2011-12-31", 
        "operating_revenue": 2934545, 
        "accumulated_operating_revenue": 12827530, 
        "long_term_average": 3206882, 
        "short_term_average": 3176295
    }, 
    {
        "date": "2012-01-31", 
        "operating_revenue": 3697616, 
        "accumulated_operating_revenue": 3697616, 
        "long_term_average": 3305029, 
        "short_term_average": 3287750
    }, 
    {
        "date": "2012-02-29", 
        "operating_revenue": 3732581, 
        "accumulated_operating_revenue": 7430197, 
        "long_term_average": 3376287, 
        "short_term_average": 3454914
    }, 
    {
        "date": "2012-03-31", 
        "operating_revenue": 3679177, 
        "accumulated_operating_revenue": 11109374, 
        "long_term_average": 3419557, 
        "short_term_average": 3703124
    }, 
    {
        "date": "2012-04-30", 
        "operating_revenue": 3243488, 
        "accumulated_operating_revenue": 14352862, 
        "long_term_average": 3397549, 
        "short_term_average": 3551748
    }, 
    {
        "date": "2012-05-31", 
        "operating_revenue": 3526826, 
        "accumulated_operating_revenue": 17879688, 
        "long_term_average": 3411913, 
        "short_term_average": 3483163
    }, 
    {
        "date": "2012-06-30", 
        "operating_revenue": 3376846, 
        "accumulated_operating_revenue": 21256534, 
        "long_term_average": 3408406, 
        "short_term_average": 3382386
    }, 
    {
        "date": "2012-07-31", 
        "operating_revenue": 3247608, 
        "accumulated_operating_revenue": 24504142, 
        "long_term_average": 3393788, 
        "short_term_average": 3383760
    }, 
    {
        "date": "2012-08-31", 
        "operating_revenue": 3325987, 
        "accumulated_operating_revenue": 27830129, 
        "long_term_average": 3388138, 
        "short_term_average": 3316813
    }, 
    {
        "accumulated_operating_revenue_yoy": 828.7386574604594, 
        "accumulated_operating_revenue": 30635782, 
        "long_term_average": 3347055, 
        "date": "2012-09-30", 
        "operating_revenue": 2805653, 
        "short_term_average": 3126416
    }, 
    {
        "accumulated_operating_revenue_yoy": 411.3913683719122, 
        "accumulated_operating_revenue": 34068356, 
        "long_term_average": 3352832, 
        "date": "2012-10-31", 
        "operating_revenue": 3432574, 
        "short_term_average": 3188071
    }, 
    {
        "accumulated_operating_revenue_yoy": 272.1539050145128, 
        "accumulated_operating_revenue": 36817130, 
        "long_term_average": 3312639, 
        "date": "2012-11-30", 
        "operating_revenue": 2748774, 
        "short_term_average": 2995667
    }, 
    {
        "accumulated_operating_revenue_yoy": 206.27707750439873, 
        "accumulated_operating_revenue": 39287784, 
        "long_term_average": 3273982, 
        "date": "2012-12-31", 
        "operating_revenue": 2470654, 
        "short_term_average": 2884000
    }, 
    {
        "accumulated_operating_revenue_yoy": -9.723697647348995, 
        "accumulated_operating_revenue": 3338071, 
        "long_term_average": 3244019, 
        "date": "2013-01-31", 
        "operating_revenue": 3338071, 
        "short_term_average": 2852499
    }, 
    {
        "accumulated_operating_revenue_yoy": -16.197444024700825, 
        "accumulated_operating_revenue": 6226695, 
        "long_term_average": 3173690, 
        "date": "2013-02-28", 
        "operating_revenue": 2888624, 
        "short_term_average": 2899116
    }, 
    {
        "accumulated_operating_revenue_yoy": -15.949908608711885, 
        "accumulated_operating_revenue": 9337439, 
        "long_term_average": 3126320, 
        "date": "2013-03-31", 
        "operating_revenue": 3110744, 
        "short_term_average": 3112479
    }, 
    {
        "accumulated_operating_revenue_yoy": -11.810181133212316, 
        "accumulated_operating_revenue": 12657763, 
        "long_term_average": 3132723, 
        "date": "2013-04-30", 
        "operating_revenue": 3320324, 
        "short_term_average": 3106564
    }, 
    {
        "accumulated_operating_revenue_yoy": -10.721300058479768, 
        "accumulated_operating_revenue": 15962753, 
        "long_term_average": 3114237, 
        "date": "2013-05-31", 
        "operating_revenue": 3304990, 
        "short_term_average": 3245352
    }, 
    {
        "accumulated_operating_revenue_yoy": -10.846194398390631, 
        "accumulated_operating_revenue": 18951009, 
        "long_term_average": 3081854, 
        "date": "2013-06-30", 
        "operating_revenue": 2988256, 
        "short_term_average": 3204523
    }, 
    {
        "accumulated_operating_revenue_yoy": -9.638027726088104, 
        "accumulated_operating_revenue": 22142426, 
        "long_term_average": 3077172, 
        "date": "2013-07-31", 
        "operating_revenue": 3191417, 
        "short_term_average": 3161554
    }, 
    {
        "accumulated_operating_revenue_yoy": -8.413439262175178, 
        "accumulated_operating_revenue": 25488658, 
        "long_term_average": 3078859, 
        "date": "2013-08-31", 
        "operating_revenue": 3346232, 
        "short_term_average": 3175301
    }, 
    {
        "accumulated_operating_revenue_yoy": -7.019569469452421, 
        "accumulated_operating_revenue": 28485282, 
        "long_term_average": 3094773, 
        "date": "2013-09-30", 
        "operating_revenue": 2996624, 
        "short_term_average": 3178091
    }, 
    {
        "accumulated_operating_revenue_yoy": -5.031619371360333, 
        "accumulated_operating_revenue": 32354166, 
        "long_term_average": 3131132, 
        "date": "2013-10-31", 
        "operating_revenue": 3868884, 
        "short_term_average": 3403913
    }, 
    {
        "accumulated_operating_revenue_yoy": -3.541036468622079, 
        "accumulated_operating_revenue": 35513422, 
        "long_term_average": 3165339, 
        "date": "2013-11-30", 
        "operating_revenue": 3159256, 
        "short_term_average": 3341588
    }, 
    {
        "accumulated_operating_revenue_yoy": -1.6573039599281039, 
        "accumulated_operating_revenue": 38636666, 
        "long_term_average": 3219722, 
        "date": "2013-12-31", 
        "operating_revenue": 3123244, 
        "short_term_average": 3383794
    }, 
    {
        "accumulated_operating_revenue_yoy": 19.44494290265246, 
        "accumulated_operating_revenue": 3987157, 
        "long_term_average": 3273812, 
        "date": "2014-01-31", 
        "operating_revenue": 3987157, 
        "short_term_average": 3423219
    }, 
    {
        "accumulated_operating_revenue_yoy": 22.294572000073877, 
        "accumulated_operating_revenue": 7614910, 
        "long_term_average": 3335406, 
        "date": "2014-02-28", 
        "operating_revenue": 3627753, 
        "short_term_average": 3579384
    }, 
    {
        "accumulated_operating_revenue_yoy": 24.105999514427886, 
        "accumulated_operating_revenue": 11588322, 
        "long_term_average": 3407295, 
        "date": "2014-03-31", 
        "operating_revenue": 3973412, 
        "short_term_average": 3862774
    }, 
    {
        "accumulated_operating_revenue_yoy": 26.970397533908635, 
        "accumulated_operating_revenue": 16071612, 
        "long_term_average": 3504209, 
        "date": "2014-04-30", 
        "operating_revenue": 4483290, 
        "short_term_average": 4028151
    }, 
    {
        "accumulated_operating_revenue_yoy": 27.40156412869384, 
        "accumulated_operating_revenue": 20336797, 
        "long_term_average": 3584225, 
        "date": "2014-05-31", 
        "operating_revenue": 4265185, 
        "short_term_average": 4240629
    }, 
    {
        "accumulated_operating_revenue_yoy": 30.524190031253745, 
        "accumulated_operating_revenue": 24735651, 
        "long_term_average": 3701775, 
        "date": "2014-06-30", 
        "operating_revenue": 4398854, 
        "short_term_average": 4382443
    }, 
    {
        "accumulated_operating_revenue_yoy": 32.72213261545957, 
        "accumulated_operating_revenue": 29387900, 
        "long_term_average": 3823511, 
        "date": "2014-07-31", 
        "operating_revenue": 4652249, 
        "short_term_average": 4438762
    }, 
    {
        "accumulated_operating_revenue_yoy": 32.23805270563872, 
        "accumulated_operating_revenue": 33705705, 
        "long_term_average": 3904476, 
        "date": "2014-08-31", 
        "operating_revenue": 4317805, 
        "short_term_average": 4456302
    }, 
    {
        "accumulated_operating_revenue_yoy": 34.09650288875497, 
        "accumulated_operating_revenue": 38197767, 
        "long_term_average": 4029095, 
        "date": "2014-09-30", 
        "operating_revenue": 4492062, 
        "short_term_average": 4487372
    }, 
    {
        "accumulated_operating_revenue_yoy": 32.75230460275193, 
        "accumulated_operating_revenue": 42950901, 
        "long_term_average": 4102783, 
        "date": "2014-10-31", 
        "operating_revenue": 4753134, 
        "short_term_average": 4521000
    }, 
    {
        "accumulated_operating_revenue_yoy": 31.390557068817532, 
        "accumulated_operating_revenue": 46661283, 
        "long_term_average": 4148710, 
        "date": "2014-11-30", 
        "operating_revenue": 3710382, 
        "short_term_average": 4318526
    }, 
    {
        "accumulated_operating_revenue_yoy": 31.489117099285945, 
        "accumulated_operating_revenue": 50803011, 
        "long_term_average": 4233584, 
        "date": "2014-12-31", 
        "operating_revenue": 4141728, 
        "short_term_average": 4201748
    }, 
    {
        "accumulated_operating_revenue_yoy": 17.516139946332686, 
        "accumulated_operating_revenue": 4685553, 
        "long_term_average": 4291783, 
        "date": "2015-01-31", 
        "operating_revenue": 4685553, 
        "short_term_average": 4179221
    }, 
    {
        "accumulated_operating_revenue_yoy": 16.05016999544315, 
        "accumulated_operating_revenue": 8837116, 
        "long_term_average": 4335434, 
        "date": "2015-02-28", 
        "operating_revenue": 4151563, 
        "short_term_average": 4326281
    }, 
    {
        "accumulated_operating_revenue_yoy": 15.717340267210385, 
        "accumulated_operating_revenue": 13409698, 
        "long_term_average": 4385365, 
        "date": "2015-03-31", 
        "operating_revenue": 4572582, 
        "short_term_average": 4469899
    }, 
    {
        "accumulated_operating_revenue_yoy": 12.309536840486194, 
        "accumulated_operating_revenue": 18049953, 
        "long_term_average": 4398446, 
        "date": "2015-04-30", 
        "operating_revenue": 4640255, 
        "short_term_average": 4454800
    }, 
    {
        "accumulated_operating_revenue_yoy": 9.4898326417872, 
        "accumulated_operating_revenue": 22266725, 
        "long_term_average": 4394411, 
        "date": "2015-05-31", 
        "operating_revenue": 4216772, 
        "short_term_average": 4476536
    }, 
    {
        "accumulated_operating_revenue_yoy": 7.759140844928641, 
        "accumulated_operating_revenue": 26654925, 
        "long_term_average": 4393523, 
        "date": "2015-06-30", 
        "operating_revenue": 4388200, 
        "short_term_average": 4415075
    }, 
    {
        "accumulated_operating_revenue_yoy": 5.381548188199906, 
        "accumulated_operating_revenue": 30969424, 
        "long_term_average": 4365377, 
        "date": "2015-07-31", 
        "operating_revenue": 4314499, 
        "short_term_average": 4306490
    }, 
    {
        "accumulated_operating_revenue_yoy": 4.316746972063038, 
        "accumulated_operating_revenue": 35160695, 
        "long_term_average": 4354833, 
        "date": "2015-08-31", 
        "operating_revenue": 4191271, 
        "short_term_average": 4297990
    }
]