[
    {
        "date": "2012-01-31", 
        "operating_revenue": 764432, 
        "accumulated_operating_revenue": 764432, 
        "long_term_average": 764432, 
        "short_term_average": 764432
    }, 
    {
        "date": "2012-02-29", 
        "operating_revenue": 1085834, 
        "accumulated_operating_revenue": 1850266, 
        "long_term_average": 925133, 
        "short_term_average": 925133
    }, 
    {
        "date": "2012-03-31", 
        "operating_revenue": 1066677, 
        "accumulated_operating_revenue": 2916943, 
        "long_term_average": 972314, 
        "short_term_average": 972314
    }, 
    {
        "date": "2012-04-30", 
        "operating_revenue": 850204, 
        "accumulated_operating_revenue": 3767147, 
        "long_term_average": 941786, 
        "short_term_average": 1000905
    }, 
    {
        "date": "2012-05-31", 
        "operating_revenue": 760313, 
        "accumulated_operating_revenue": 4527460, 
        "long_term_average": 905492, 
        "short_term_average": 892398
    }, 
    {
        "date": "2012-06-30", 
        "operating_revenue": 576679, 
        "accumulated_operating_revenue": 5104139, 
        "long_term_average": 850689, 
        "short_term_average": 729065
    }, 
    {
        "date": "2012-07-31", 
        "operating_revenue": 662259, 
        "accumulated_operating_revenue": 5766398, 
        "long_term_average": 823771, 
        "short_term_average": 666417
    }, 
    {
        "date": "2012-08-31", 
        "operating_revenue": 939435, 
        "accumulated_operating_revenue": 6705833, 
        "long_term_average": 838229, 
        "short_term_average": 726124
    }, 
    {
        "date": "2012-09-30", 
        "operating_revenue": 537424, 
        "accumulated_operating_revenue": 7243257, 
        "long_term_average": 804806, 
        "short_term_average": 713039
    }, 
    {
        "date": "2012-10-31", 
        "operating_revenue": 946626, 
        "accumulated_operating_revenue": 8189883, 
        "long_term_average": 818988, 
        "short_term_average": 807828
    }, 
    {
        "date": "2012-11-30", 
        "operating_revenue": 826526, 
        "accumulated_operating_revenue": 9016409, 
        "long_term_average": 819673, 
        "short_term_average": 770192
    }, 
    {
        "date": "2012-12-31", 
        "operating_revenue": 1014216, 
        "accumulated_operating_revenue": 10030625, 
        "long_term_average": 835885, 
        "short_term_average": 929122
    }, 
    {
        "accumulated_operating_revenue_yoy": 5.520438704816125, 
        "accumulated_operating_revenue": 806632, 
        "long_term_average": 839402, 
        "date": "2013-01-31", 
        "operating_revenue": 806632, 
        "short_term_average": 882458
    }, 
    {
        "accumulated_operating_revenue_yoy": -33.94447068691745, 
        "accumulated_operating_revenue": 1222203, 
        "long_term_average": 783546, 
        "date": "2013-02-28", 
        "operating_revenue": 415571, 
        "short_term_average": 745473
    }, 
    {
        "accumulated_operating_revenue_yoy": -20.560497753984222, 
        "accumulated_operating_revenue": 2317205, 
        "long_term_average": 785907, 
        "date": "2013-03-31", 
        "operating_revenue": 1095002, 
        "short_term_average": 772401
    }, 
    {
        "accumulated_operating_revenue_yoy": -9.669386408335008, 
        "accumulated_operating_revenue": 3402887, 
        "long_term_average": 805530, 
        "date": "2013-04-30", 
        "operating_revenue": 1085682, 
        "short_term_average": 865418
    }, 
    {
        "accumulated_operating_revenue_yoy": -3.5717819704646754, 
        "accumulated_operating_revenue": 4365749, 
        "long_term_average": 822409, 
        "date": "2013-05-31", 
        "operating_revenue": 962862, 
        "short_term_average": 1047848
    }, 
    {
        "accumulated_operating_revenue_yoy": 3.811494945572603, 
        "accumulated_operating_revenue": 5298683, 
        "long_term_average": 852097, 
        "date": "2013-06-30", 
        "operating_revenue": 932934, 
        "short_term_average": 993826
    }, 
    {
        "accumulated_operating_revenue_yoy": 6.268887440651858, 
        "accumulated_operating_revenue": 6127887, 
        "long_term_average": 866009, 
        "date": "2013-07-31", 
        "operating_revenue": 829204, 
        "short_term_average": 908333
    }, 
    {
        "accumulated_operating_revenue_yoy": 0.369260612365384, 
        "accumulated_operating_revenue": 6730595, 
        "long_term_average": 837948, 
        "date": "2013-08-31", 
        "operating_revenue": 602708, 
        "short_term_average": 788282
    }, 
    {
        "accumulated_operating_revenue_yoy": 5.699259324914192, 
        "accumulated_operating_revenue": 7656069, 
        "long_term_average": 870286, 
        "date": "2013-09-30", 
        "operating_revenue": 925474, 
        "short_term_average": 785795
    }, 
    {
        "accumulated_operating_revenue_yoy": 4.220683006094227, 
        "accumulated_operating_revenue": 8535552, 
        "long_term_average": 864691, 
        "date": "2013-10-31", 
        "operating_revenue": 879483, 
        "short_term_average": 802555
    }, 
    {
        "accumulated_operating_revenue_yoy": 3.94132519942252, 
        "accumulated_operating_revenue": 9371775, 
        "long_term_average": 865499, 
        "date": "2013-11-30", 
        "operating_revenue": 836223, 
        "short_term_average": 880393
    }, 
    {
        "accumulated_operating_revenue_yoy": 3.8799775686958684, 
        "accumulated_operating_revenue": 10419811, 
        "long_term_average": 868317, 
        "date": "2013-12-31", 
        "operating_revenue": 1048036, 
        "short_term_average": 921247
    }, 
    {
        "accumulated_operating_revenue_yoy": -8.764219619355544, 
        "accumulated_operating_revenue": 735937, 
        "long_term_average": 862426, 
        "date": "2014-01-31", 
        "operating_revenue": 735937, 
        "short_term_average": 873398
    }, 
    {
        "accumulated_operating_revenue_yoy": 30.694655470490584, 
        "accumulated_operating_revenue": 1597354, 
        "long_term_average": 899580, 
        "date": "2014-02-28", 
        "operating_revenue": 861417, 
        "short_term_average": 881796
    }, 
    {
        "accumulated_operating_revenue_yoy": 9.365679773692875, 
        "accumulated_operating_revenue": 2534227, 
        "long_term_average": 886402, 
        "date": "2014-03-31", 
        "operating_revenue": 936873, 
        "short_term_average": 844742
    }, 
    {
        "accumulated_operating_revenue_yoy": 1.8751136902283267, 
        "accumulated_operating_revenue": 3466695, 
        "long_term_average": 873634, 
        "date": "2014-04-30", 
        "operating_revenue": 932468, 
        "short_term_average": 910252
    }, 
    {
        "accumulated_operating_revenue_yoy": -2.339323676189355, 
        "accumulated_operating_revenue": 4263620, 
        "long_term_average": 859806, 
        "date": "2014-05-31", 
        "operating_revenue": 796925, 
        "short_term_average": 888755
    }, 
    {
        "accumulated_operating_revenue_yoy": -3.8777371660089877, 
        "accumulated_operating_revenue": 5093214, 
        "long_term_average": 851195, 
        "date": "2014-06-30", 
        "operating_revenue": 829594, 
        "short_term_average": 852995
    }, 
    {
        "accumulated_operating_revenue_yoy": -3.186302227831551, 
        "accumulated_operating_revenue": 5932634, 
        "long_term_average": 852046, 
        "date": "2014-07-31", 
        "operating_revenue": 839420, 
        "short_term_average": 821979
    }, 
    {
        "accumulated_operating_revenue_yoy": -0.5557160993938871, 
        "accumulated_operating_revenue": 6693192, 
        "long_term_average": 865200, 
        "date": "2014-08-31", 
        "operating_revenue": 760558, 
        "short_term_average": 809857
    }, 
    {
        "accumulated_operating_revenue_yoy": -1.3114824330867447, 
        "accumulated_operating_revenue": 7555661, 
        "long_term_average": 859950, 
        "date": "2014-09-30", 
        "operating_revenue": 862469, 
        "short_term_average": 820815
    }, 
    {
        "accumulated_operating_revenue_yoy": -1.7538057292603924, 
        "accumulated_operating_revenue": 8385855, 
        "long_term_average": 855842, 
        "date": "2014-10-31", 
        "operating_revenue": 830194, 
        "short_term_average": 817740
    }, 
    {
        "accumulated_operating_revenue_yoy": -1.2929567771313333, 
        "accumulated_operating_revenue": 9250602, 
        "long_term_average": 858219, 
        "date": "2014-11-30", 
        "operating_revenue": 864747, 
        "short_term_average": 852470
    }, 
    {
        "accumulated_operating_revenue_yoy": -2.7795513757399246, 
        "accumulated_operating_revenue": 10130187, 
        "long_term_average": 844182, 
        "date": "2014-12-31", 
        "operating_revenue": 879585, 
        "short_term_average": 858175
    }, 
    {
        "accumulated_operating_revenue_yoy": -8.64775109825977, 
        "accumulated_operating_revenue": 672295, 
        "long_term_average": 838878, 
        "date": "2015-01-31", 
        "operating_revenue": 672295, 
        "short_term_average": 805542
    }, 
    {
        "accumulated_operating_revenue_yoy": -19.84751032019202, 
        "accumulated_operating_revenue": 1280319, 
        "long_term_average": 817762, 
        "date": "2015-02-28", 
        "operating_revenue": 608024, 
        "short_term_average": 719968
    }, 
    {
        "accumulated_operating_revenue_yoy": -15.81673622765443, 
        "accumulated_operating_revenue": 2133395, 
        "long_term_average": 810779, 
        "date": "2015-03-31", 
        "operating_revenue": 853076, 
        "short_term_average": 711131
    }, 
    {
        "accumulated_operating_revenue_yoy": -17.0083609893573, 
        "accumulated_operating_revenue": 2877067, 
        "long_term_average": 795046, 
        "date": "2015-04-30", 
        "operating_revenue": 743672, 
        "short_term_average": 734924
    }, 
    {
        "accumulated_operating_revenue_yoy": -19.358760865180294, 
        "accumulated_operating_revenue": 3438236, 
        "long_term_average": 775400, 
        "date": "2015-05-31", 
        "operating_revenue": 561169, 
        "short_term_average": 719305
    }, 
    {
        "accumulated_operating_revenue_yoy": -24.86349483842619, 
        "accumulated_operating_revenue": 3826863, 
        "long_term_average": 738653, 
        "date": "2015-06-30", 
        "operating_revenue": 388627, 
        "short_term_average": 564489
    }, 
    {
        "accumulated_operating_revenue_yoy": -31.75763075895125, 
        "accumulated_operating_revenue": 4048570, 
        "long_term_average": 687176, 
        "date": "2015-07-31", 
        "operating_revenue": 221707, 
        "short_term_average": 390501
    }, 
    {
        "accumulated_operating_revenue_yoy": -36.32671825341332, 
        "accumulated_operating_revenue": 4261775, 
        "long_term_average": 641564, 
        "date": "2015-08-31", 
        "operating_revenue": 213205, 
        "short_term_average": 274513
    }
]