[
    {
        "date": "2012-01-31", 
        "operating_revenue": 1427218, 
        "accumulated_operating_revenue": 1427218, 
        "long_term_average": 1427218, 
        "short_term_average": 1427218
    }, 
    {
        "date": "2012-02-29", 
        "operating_revenue": 1530725, 
        "accumulated_operating_revenue": 2957943, 
        "long_term_average": 1478971, 
        "short_term_average": 1478971
    }, 
    {
        "date": "2012-03-31", 
        "operating_revenue": 1534201, 
        "accumulated_operating_revenue": 4492144, 
        "long_term_average": 1497381, 
        "short_term_average": 1497381
    }, 
    {
        "date": "2012-04-30", 
        "operating_revenue": 1299067, 
        "accumulated_operating_revenue": 5791211, 
        "long_term_average": 1447802, 
        "short_term_average": 1454664
    }, 
    {
        "date": "2012-05-31", 
        "operating_revenue": 1418774, 
        "accumulated_operating_revenue": 7209985, 
        "long_term_average": 1441997, 
        "short_term_average": 1417347
    }, 
    {
        "date": "2012-06-30", 
        "operating_revenue": 1352806, 
        "accumulated_operating_revenue": 8562791, 
        "long_term_average": 1427131, 
        "short_term_average": 1356882
    }, 
    {
        "date": "2012-07-31", 
        "operating_revenue": 1313612, 
        "accumulated_operating_revenue": 9876403, 
        "long_term_average": 1410914, 
        "short_term_average": 1361730
    }, 
    {
        "date": "2012-08-31", 
        "operating_revenue": 1075844, 
        "accumulated_operating_revenue": 10952247, 
        "long_term_average": 1369030, 
        "short_term_average": 1247420
    }, 
    {
        "date": "2012-09-30", 
        "operating_revenue": 1042085, 
        "accumulated_operating_revenue": 11994332, 
        "long_term_average": 1332703, 
        "short_term_average": 1143847
    }, 
    {
        "date": "2012-10-31", 
        "operating_revenue": 1403639, 
        "accumulated_operating_revenue": 13397971, 
        "long_term_average": 1339797, 
        "short_term_average": 1173856
    }, 
    {
        "date": "2012-11-30", 
        "operating_revenue": 1241264, 
        "accumulated_operating_revenue": 14639235, 
        "long_term_average": 1330839, 
        "short_term_average": 1228996
    }, 
    {
        "date": "2012-12-31", 
        "operating_revenue": 1106269, 
        "accumulated_operating_revenue": 15745504, 
        "long_term_average": 1312125, 
        "short_term_average": 1250390
    }, 
    {
        "accumulated_operating_revenue_yoy": -2.3147830254383, 
        "accumulated_operating_revenue": 1394181, 
        "long_term_average": 1309372, 
        "date": "2013-01-31", 
        "operating_revenue": 1394181, 
        "short_term_average": 1247238
    }, 
    {
        "accumulated_operating_revenue_yoy": -13.407290133717925, 
        "accumulated_operating_revenue": 2561363, 
        "long_term_average": 1279077, 
        "date": "2013-02-28", 
        "operating_revenue": 1167182, 
        "short_term_average": 1222544
    }, 
    {
        "accumulated_operating_revenue_yoy": -15.382543391307134, 
        "accumulated_operating_revenue": 3801138, 
        "long_term_average": 1254541, 
        "date": "2013-03-31", 
        "operating_revenue": 1239775, 
        "short_term_average": 1267046
    }, 
    {
        "accumulated_operating_revenue_yoy": -12.252152442727436, 
        "accumulated_operating_revenue": 5081663, 
        "long_term_average": 1252996, 
        "date": "2013-04-30", 
        "operating_revenue": 1280525, 
        "short_term_average": 1229160
    }, 
    {
        "accumulated_operating_revenue_yoy": -14.114994691389787, 
        "accumulated_operating_revenue": 6192296, 
        "long_term_average": 1227317, 
        "date": "2013-05-31", 
        "operating_revenue": 1110633, 
        "short_term_average": 1210311
    }, 
    {
        "accumulated_operating_revenue_yoy": -15.54676506760471, 
        "accumulated_operating_revenue": 7231554, 
        "long_term_average": 1201188, 
        "date": "2013-06-30", 
        "operating_revenue": 1039258, 
        "short_term_average": 1143472
    }, 
    {
        "accumulated_operating_revenue_yoy": -14.368955985291407, 
        "accumulated_operating_revenue": 8457267, 
        "long_term_average": 1193864, 
        "date": "2013-07-31", 
        "operating_revenue": 1225713, 
        "short_term_average": 1125201
    }, 
    {
        "accumulated_operating_revenue_yoy": -11.074750231619138, 
        "accumulated_operating_revenue": 9739313, 
        "long_term_average": 1211047, 
        "date": "2013-08-31", 
        "operating_revenue": 1282046, 
        "short_term_average": 1182339
    }, 
    {
        "accumulated_operating_revenue_yoy": -7.771970960950555, 
        "accumulated_operating_revenue": 11062136, 
        "long_term_average": 1234442, 
        "date": "2013-09-30", 
        "operating_revenue": 1322823, 
        "short_term_average": 1276860
    }, 
    {
        "accumulated_operating_revenue_yoy": -7.821243977912775, 
        "accumulated_operating_revenue": 12350083, 
        "long_term_average": 1224801, 
        "date": "2013-10-31", 
        "operating_revenue": 1287947, 
        "short_term_average": 1297605
    }, 
    {
        "accumulated_operating_revenue_yoy": -6.327065587785154, 
        "accumulated_operating_revenue": 13713001, 
        "long_term_average": 1234939, 
        "date": "2013-11-30", 
        "operating_revenue": 1362918, 
        "short_term_average": 1324562
    }, 
    {
        "accumulated_operating_revenue_yoy": -3.6209129920515726, 
        "accumulated_operating_revenue": 15175373, 
        "long_term_average": 1264614, 
        "date": "2013-12-31", 
        "operating_revenue": 1462372, 
        "short_term_average": 1371079
    }, 
    {
        "accumulated_operating_revenue_yoy": -16.007390718995595, 
        "accumulated_operating_revenue": 1171009, 
        "long_term_average": 1246016, 
        "date": "2014-01-31", 
        "operating_revenue": 1171009, 
        "short_term_average": 1332099
    }, 
    {
        "accumulated_operating_revenue_yoy": -2.4661088646943052, 
        "accumulated_operating_revenue": 2498197, 
        "long_term_average": 1259350, 
        "date": "2014-02-28", 
        "operating_revenue": 1327188, 
        "short_term_average": 1320189
    }, 
    {
        "accumulated_operating_revenue_yoy": 3.928876036597461, 
        "accumulated_operating_revenue": 3950480, 
        "long_term_average": 1277059, 
        "date": "2014-03-31", 
        "operating_revenue": 1452283, 
        "short_term_average": 1316826
    }, 
    {
        "accumulated_operating_revenue_yoy": 2.6303003563990766, 
        "accumulated_operating_revenue": 5215326, 
        "long_term_average": 1275753, 
        "date": "2014-04-30", 
        "operating_revenue": 1264846, 
        "short_term_average": 1348105
    }, 
    {
        "accumulated_operating_revenue_yoy": 6.580838512887627, 
        "accumulated_operating_revenue": 6599801, 
        "long_term_average": 1298573, 
        "date": "2014-05-31", 
        "operating_revenue": 1384475, 
        "short_term_average": 1367201
    }, 
    {
        "accumulated_operating_revenue_yoy": 10.962484688629857, 
        "accumulated_operating_revenue": 8024312, 
        "long_term_average": 1330677, 
        "date": "2014-06-30", 
        "operating_revenue": 1424511, 
        "short_term_average": 1357944
    }, 
    {
        "accumulated_operating_revenue_yoy": 12.026296438317486, 
        "accumulated_operating_revenue": 9474363, 
        "long_term_average": 1349372, 
        "date": "2014-07-31", 
        "operating_revenue": 1450051, 
        "short_term_average": 1419679
    }, 
    {
        "accumulated_operating_revenue_yoy": 11.214179069920025, 
        "accumulated_operating_revenue": 10831497, 
        "long_term_average": 1355629, 
        "date": "2014-08-31", 
        "operating_revenue": 1357134, 
        "short_term_average": 1410565
    }, 
    {
        "accumulated_operating_revenue_yoy": 9.365460703068559, 
        "accumulated_operating_revenue": 12098156, 
        "long_term_average": 1350949, 
        "date": "2014-09-30", 
        "operating_revenue": 1266659, 
        "short_term_average": 1357948
    }, 
    {
        "accumulated_operating_revenue_yoy": 7.4254237805527294, 
        "accumulated_operating_revenue": 13267129, 
        "long_term_average": 1341034, 
        "date": "2014-10-31", 
        "operating_revenue": 1168973, 
        "short_term_average": 1264255
    }, 
    {
        "accumulated_operating_revenue_yoy": 7.090840290903501, 
        "accumulated_operating_revenue": 14685368, 
        "long_term_average": 1345645, 
        "date": "2014-11-30", 
        "operating_revenue": 1418239, 
        "short_term_average": 1284623
    }, 
    {
        "accumulated_operating_revenue_yoy": 6.637326146777414, 
        "accumulated_operating_revenue": 16182612, 
        "long_term_average": 1348551, 
        "date": "2014-12-31", 
        "operating_revenue": 1497244, 
        "short_term_average": 1361485
    }, 
    {
        "accumulated_operating_revenue_yoy": 4.431050487229389, 
        "accumulated_operating_revenue": 1222897, 
        "long_term_average": 1352875, 
        "date": "2015-01-31", 
        "operating_revenue": 1222897, 
        "short_term_average": 1379460
    }, 
    {
        "accumulated_operating_revenue_yoy": -1.7329297889638007, 
        "accumulated_operating_revenue": 2454905, 
        "long_term_average": 1344943, 
        "date": "2015-02-28", 
        "operating_revenue": 1232008, 
        "short_term_average": 1317383
    }, 
    {
        "accumulated_operating_revenue_yoy": -1.5126010003847634, 
        "accumulated_operating_revenue": 3890725, 
        "long_term_average": 1343571, 
        "date": "2015-03-31", 
        "operating_revenue": 1435820, 
        "short_term_average": 1296908
    }, 
    {
        "accumulated_operating_revenue_yoy": -1.3302140652377243, 
        "accumulated_operating_revenue": 5145951, 
        "long_term_average": 1342769, 
        "date": "2015-04-30", 
        "operating_revenue": 1255226, 
        "short_term_average": 1307684
    }, 
    {
        "accumulated_operating_revenue_yoy": -3.7034601497833037, 
        "accumulated_operating_revenue": 6355380, 
        "long_term_average": 1328182, 
        "date": "2015-05-31", 
        "operating_revenue": 1209429, 
        "short_term_average": 1300158
    }, 
    {
        "accumulated_operating_revenue_yoy": -5.4760457968234535, 
        "accumulated_operating_revenue": 7584897, 
        "long_term_average": 1311933, 
        "date": "2015-06-30", 
        "operating_revenue": 1229517, 
        "short_term_average": 1231390
    }, 
    {
        "accumulated_operating_revenue_yoy": -7.807701689285073, 
        "accumulated_operating_revenue": 8734633, 
        "long_term_average": 1286906, 
        "date": "2015-07-31", 
        "operating_revenue": 1149736, 
        "short_term_average": 1196227
    }, 
    {
        "accumulated_operating_revenue_yoy": -10.532597664016341, 
        "accumulated_operating_revenue": 9690659, 
        "long_term_average": 1253481, 
        "date": "2015-08-31", 
        "operating_revenue": 956026, 
        "short_term_average": 1111759
    }, 
    {
        "accumulated_operating_revenue_yoy": -13.099508718518758, 
        "accumulated_operating_revenue": 10513357, 
        "long_term_average": 1216484, 
        "date": "2015-09-30", 
        "operating_revenue": 822698, 
        "short_term_average": 976153
    }
]