[
    {
        "date": "2012-01-31", 
        "operating_revenue": 455950, 
        "accumulated_operating_revenue": 455950, 
        "long_term_average": 455950, 
        "short_term_average": 455950
    }, 
    {
        "date": "2012-02-29", 
        "operating_revenue": 641142, 
        "accumulated_operating_revenue": 1097092, 
        "long_term_average": 548546, 
        "short_term_average": 548546
    }, 
    {
        "date": "2012-03-31", 
        "operating_revenue": 768527, 
        "accumulated_operating_revenue": 1865619, 
        "long_term_average": 621873, 
        "short_term_average": 621873
    }, 
    {
        "date": "2012-04-30", 
        "operating_revenue": 714669, 
        "accumulated_operating_revenue": 2580288, 
        "long_term_average": 645072, 
        "short_term_average": 708112
    }, 
    {
        "date": "2012-05-31", 
        "operating_revenue": 586120, 
        "accumulated_operating_revenue": 3166408, 
        "long_term_average": 633281, 
        "short_term_average": 689772
    }, 
    {
        "date": "2012-06-30", 
        "operating_revenue": 719095, 
        "accumulated_operating_revenue": 3885503, 
        "long_term_average": 647583, 
        "short_term_average": 673294
    }, 
    {
        "date": "2012-07-31", 
        "operating_revenue": 649319, 
        "accumulated_operating_revenue": 4534822, 
        "long_term_average": 647831, 
        "short_term_average": 651511
    }, 
    {
        "date": "2012-08-31", 
        "operating_revenue": 556369, 
        "accumulated_operating_revenue": 5091191, 
        "long_term_average": 636398, 
        "short_term_average": 641594
    }, 
    {
        "date": "2012-09-30", 
        "operating_revenue": 646520, 
        "accumulated_operating_revenue": 5737711, 
        "long_term_average": 637523, 
        "short_term_average": 617402
    }, 
    {
        "date": "2012-10-31", 
        "operating_revenue": 494939, 
        "accumulated_operating_revenue": 6232650, 
        "long_term_average": 623265, 
        "short_term_average": 565942
    }, 
    {
        "date": "2012-11-30", 
        "operating_revenue": 768954, 
        "accumulated_operating_revenue": 7001604, 
        "long_term_average": 636509, 
        "short_term_average": 636804
    }, 
    {
        "date": "2012-12-31", 
        "operating_revenue": 718236, 
        "accumulated_operating_revenue": 7719840, 
        "long_term_average": 643320, 
        "short_term_average": 660709
    }, 
    {
        "accumulated_operating_revenue_yoy": 99.58920934312972, 
        "accumulated_operating_revenue": 910027, 
        "long_term_average": 681159, 
        "date": "2013-01-31", 
        "operating_revenue": 910027, 
        "short_term_average": 799072
    }, 
    {
        "accumulated_operating_revenue_yoy": 27.050420566370004, 
        "accumulated_operating_revenue": 1393860, 
        "long_term_average": 668050, 
        "date": "2013-02-28", 
        "operating_revenue": 483833, 
        "short_term_average": 704032
    }, 
    {
        "accumulated_operating_revenue_yoy": 29.98141635564389, 
        "accumulated_operating_revenue": 2424958, 
        "long_term_average": 689931, 
        "date": "2013-03-31", 
        "operating_revenue": 1031098, 
        "short_term_average": 808319
    }, 
    {
        "accumulated_operating_revenue_yoy": 14.044207468313616, 
        "accumulated_operating_revenue": 2942669, 
        "long_term_average": 673518, 
        "date": "2013-04-30", 
        "operating_revenue": 517711, 
        "short_term_average": 677547
    }, 
    {
        "accumulated_operating_revenue_yoy": 15.441850829078248, 
        "accumulated_operating_revenue": 3655360, 
        "long_term_average": 684066, 
        "date": "2013-05-31", 
        "operating_revenue": 712691, 
        "short_term_average": 753833
    }, 
    {
        "accumulated_operating_revenue_yoy": 14.14493824866433, 
        "accumulated_operating_revenue": 4435105, 
        "long_term_average": 689120, 
        "date": "2013-06-30", 
        "operating_revenue": 779745, 
        "short_term_average": 670049
    }, 
    {
        "accumulated_operating_revenue_yoy": 12.94659415518404, 
        "accumulated_operating_revenue": 5121927, 
        "long_term_average": 692245, 
        "date": "2013-07-31", 
        "operating_revenue": 686822, 
        "short_term_average": 726419
    }, 
    {
        "accumulated_operating_revenue_yoy": 15.097646110703764, 
        "accumulated_operating_revenue": 5859841, 
        "long_term_average": 707374, 
        "date": "2013-08-31", 
        "operating_revenue": 737914, 
        "short_term_average": 734827
    }, 
    {
        "accumulated_operating_revenue_yoy": 12.149025979175319, 
        "accumulated_operating_revenue": 6434787, 
        "long_term_average": 701409, 
        "date": "2013-09-30", 
        "operating_revenue": 574946, 
        "short_term_average": 666560
    }, 
    {
        "accumulated_operating_revenue_yoy": 15.73852213745357, 
        "accumulated_operating_revenue": 7213577, 
        "long_term_average": 725063, 
        "date": "2013-10-31", 
        "operating_revenue": 778790, 
        "short_term_average": 697216
    }, 
    {
        "accumulated_operating_revenue_yoy": 13.1037402286676, 
        "accumulated_operating_revenue": 7919076, 
        "long_term_average": 719776, 
        "date": "2013-11-30", 
        "operating_revenue": 705499, 
        "short_term_average": 686411
    }, 
    {
        "accumulated_operating_revenue_yoy": 13.331817757880993, 
        "accumulated_operating_revenue": 8749035, 
        "long_term_average": 729086, 
        "date": "2013-12-31", 
        "operating_revenue": 829959, 
        "short_term_average": 771416
    }, 
    {
        "accumulated_operating_revenue_yoy": -26.89161969919574, 
        "accumulated_operating_revenue": 665306, 
        "long_term_average": 708692, 
        "date": "2014-01-31", 
        "operating_revenue": 665306, 
        "short_term_average": 733588
    }, 
    {
        "accumulated_operating_revenue_yoy": -12.157175039100053, 
        "accumulated_operating_revenue": 1224406, 
        "long_term_average": 714965, 
        "date": "2014-02-28", 
        "operating_revenue": 559100, 
        "short_term_average": 684788
    }, 
    {
        "accumulated_operating_revenue_yoy": -9.216901900981378, 
        "accumulated_operating_revenue": 2201452, 
        "long_term_average": 710460, 
        "date": "2014-03-31", 
        "operating_revenue": 977046, 
        "short_term_average": 733817
    }, 
    {
        "accumulated_operating_revenue_yoy": 3.1391570033870617, 
        "accumulated_operating_revenue": 3035044, 
        "long_term_average": 736784, 
        "date": "2014-04-30", 
        "operating_revenue": 833592, 
        "short_term_average": 789912
    }, 
    {
        "accumulated_operating_revenue_yoy": 7.046063862382912, 
        "accumulated_operating_revenue": 3912919, 
        "long_term_average": 750549, 
        "date": "2014-05-31", 
        "operating_revenue": 877875, 
        "short_term_average": 896171
    }, 
    {
        "accumulated_operating_revenue_yoy": 7.1703150207266795, 
        "accumulated_operating_revenue": 4753116, 
        "long_term_average": 755587, 
        "date": "2014-06-30", 
        "operating_revenue": 840197, 
        "short_term_average": 850554
    }, 
    {
        "accumulated_operating_revenue_yoy": 8.234303222205236, 
        "accumulated_operating_revenue": 5543682, 
        "long_term_average": 764232, 
        "date": "2014-07-31", 
        "operating_revenue": 790566, 
        "short_term_average": 836212
    }, 
    {
        "accumulated_operating_revenue_yoy": 7.5459385331445, 
        "accumulated_operating_revenue": 6302021, 
        "long_term_average": 765934, 
        "date": "2014-08-31", 
        "operating_revenue": 758339, 
        "short_term_average": 796367
    }, 
    {
        "accumulated_operating_revenue_yoy": 9.091443120028682, 
        "accumulated_operating_revenue": 7019802, 
        "long_term_average": 777837, 
        "date": "2014-09-30", 
        "operating_revenue": 717781, 
        "short_term_average": 755562
    }, 
    {
        "accumulated_operating_revenue_yoy": 6.951738367802824, 
        "accumulated_operating_revenue": 7715046, 
        "long_term_average": 770875, 
        "date": "2014-10-31", 
        "operating_revenue": 695244, 
        "short_term_average": 723788
    }, 
    {
        "accumulated_operating_revenue_yoy": 5.676432452472991, 
        "accumulated_operating_revenue": 8368597, 
        "long_term_average": 766546, 
        "date": "2014-11-30", 
        "operating_revenue": 653551, 
        "short_term_average": 688858
    }, 
    {
        "accumulated_operating_revenue_yoy": 1.69311244040057, 
        "accumulated_operating_revenue": 8897166, 
        "long_term_average": 741430, 
        "date": "2014-12-31", 
        "operating_revenue": 528569, 
        "short_term_average": 625788
    }, 
    {
        "accumulated_operating_revenue_yoy": 13.853625249133481, 
        "accumulated_operating_revenue": 757475, 
        "long_term_average": 749111, 
        "date": "2015-01-31", 
        "operating_revenue": 757475, 
        "short_term_average": 646531
    }, 
    {
        "accumulated_operating_revenue_yoy": -3.855012144664433, 
        "accumulated_operating_revenue": 1177205, 
        "long_term_average": 737497, 
        "date": "2015-02-28", 
        "operating_revenue": 419730, 
        "short_term_average": 568591
    }, 
    {
        "accumulated_operating_revenue_yoy": -16.668771338189522, 
        "accumulated_operating_revenue": 1834497, 
        "long_term_average": 710850, 
        "date": "2015-03-31", 
        "operating_revenue": 657292, 
        "short_term_average": 611499
    }, 
    {
        "accumulated_operating_revenue_yoy": -16.91066093275748, 
        "accumulated_operating_revenue": 2521798, 
        "long_term_average": 698660, 
        "date": "2015-04-30", 
        "operating_revenue": 687301, 
        "short_term_average": 588107
    }, 
    {
        "accumulated_operating_revenue_yoy": -20.24762076598059, 
        "accumulated_operating_revenue": 3120646, 
        "long_term_average": 675407, 
        "date": "2015-05-31", 
        "operating_revenue": 598848, 
        "short_term_average": 647813
    }, 
    {
        "accumulated_operating_revenue_yoy": -21.48112943172437, 
        "accumulated_operating_revenue": 3732093, 
        "long_term_average": 656345, 
        "date": "2015-06-30", 
        "operating_revenue": 611447, 
        "short_term_average": 632532
    }, 
    {
        "accumulated_operating_revenue_yoy": -21.662010916210562, 
        "accumulated_operating_revenue": 4342809, 
        "long_term_average": 641357, 
        "date": "2015-07-31", 
        "operating_revenue": 610716, 
        "short_term_average": 607003
    }, 
    {
        "accumulated_operating_revenue_yoy": -25.015911562338495, 
        "accumulated_operating_revenue": 4725513, 
        "long_term_average": 610054, 
        "date": "2015-08-31", 
        "operating_revenue": 382704, 
        "short_term_average": 534955
    }
]