[
    {
        "date": "2012-01-31", 
        "operating_revenue": 289974, 
        "accumulated_operating_revenue": 289974, 
        "long_term_average": 289974, 
        "short_term_average": 289974
    }, 
    {
        "date": "2012-02-29", 
        "operating_revenue": 317891, 
        "accumulated_operating_revenue": 607865, 
        "long_term_average": 303932, 
        "short_term_average": 303932
    }, 
    {
        "date": "2012-03-31", 
        "operating_revenue": 372368, 
        "accumulated_operating_revenue": 980233, 
        "long_term_average": 326744, 
        "short_term_average": 326744
    }, 
    {
        "date": "2012-04-30", 
        "operating_revenue": 407546, 
        "accumulated_operating_revenue": 1387779, 
        "long_term_average": 346944, 
        "short_term_average": 365935
    }, 
    {
        "date": "2012-05-31", 
        "operating_revenue": 372850, 
        "accumulated_operating_revenue": 1760629, 
        "long_term_average": 352125, 
        "short_term_average": 384254
    }, 
    {
        "date": "2012-06-30", 
        "operating_revenue": 331369, 
        "accumulated_operating_revenue": 2091998, 
        "long_term_average": 348666, 
        "short_term_average": 370588
    }, 
    {
        "date": "2012-07-31", 
        "operating_revenue": 387934, 
        "accumulated_operating_revenue": 2479932, 
        "long_term_average": 354276, 
        "short_term_average": 364051
    }, 
    {
        "date": "2012-08-31", 
        "operating_revenue": 341757, 
        "accumulated_operating_revenue": 2821689, 
        "long_term_average": 352711, 
        "short_term_average": 353686
    }, 
    {
        "date": "2012-09-30", 
        "operating_revenue": 391380, 
        "accumulated_operating_revenue": 3213069, 
        "long_term_average": 357007, 
        "short_term_average": 373690
    }, 
    {
        "date": "2012-10-31", 
        "operating_revenue": 271567, 
        "accumulated_operating_revenue": 3484636, 
        "long_term_average": 348463, 
        "short_term_average": 334901
    }, 
    {
        "date": "2012-11-30", 
        "operating_revenue": 323232, 
        "accumulated_operating_revenue": 3807868, 
        "long_term_average": 346169, 
        "short_term_average": 328726
    }, 
    {
        "date": "2012-12-31", 
        "operating_revenue": 367372, 
        "accumulated_operating_revenue": 4175240, 
        "long_term_average": 347936, 
        "short_term_average": 320723
    }, 
    {
        "accumulated_operating_revenue_yoy": 28.222530295819624, 
        "accumulated_operating_revenue": 371812, 
        "long_term_average": 354756, 
        "date": "2013-01-31", 
        "operating_revenue": 371812, 
        "short_term_average": 354138
    }, 
    {
        "accumulated_operating_revenue_yoy": -5.329801847449681, 
        "accumulated_operating_revenue": 575467, 
        "long_term_average": 345236, 
        "date": "2013-02-28", 
        "operating_revenue": 203655, 
        "short_term_average": 314279
    }, 
    {
        "accumulated_operating_revenue_yoy": -10.60523365363133, 
        "accumulated_operating_revenue": 876277, 
        "long_term_average": 339273, 
        "date": "2013-03-31", 
        "operating_revenue": 300810, 
        "short_term_average": 292092
    }, 
    {
        "accumulated_operating_revenue_yoy": -14.521908747718475, 
        "accumulated_operating_revenue": 1186247, 
        "long_term_average": 331142, 
        "date": "2013-04-30", 
        "operating_revenue": 309970, 
        "short_term_average": 271478
    }, 
    {
        "accumulated_operating_revenue_yoy": -14.470453457258742, 
        "accumulated_operating_revenue": 1505858, 
        "long_term_average": 326705, 
        "date": "2013-05-31", 
        "operating_revenue": 319611, 
        "short_term_average": 310130
    }, 
    {
        "accumulated_operating_revenue_yoy": -15.288494539669731, 
        "accumulated_operating_revenue": 1772163, 
        "long_term_average": 321283, 
        "date": "2013-06-30", 
        "operating_revenue": 266305, 
        "short_term_average": 298628
    }, 
    {
        "accumulated_operating_revenue_yoy": -15.571838260081325, 
        "accumulated_operating_revenue": 2093761, 
        "long_term_average": 315755, 
        "date": "2013-07-31", 
        "operating_revenue": 321598, 
        "short_term_average": 302504
    }, 
    {
        "accumulated_operating_revenue_yoy": -14.834909162561855, 
        "accumulated_operating_revenue": 2403094, 
        "long_term_average": 313053, 
        "date": "2013-08-31", 
        "operating_revenue": 309333, 
        "short_term_average": 299078
    }, 
    {
        "accumulated_operating_revenue_yoy": -17.877144873017045, 
        "accumulated_operating_revenue": 2638664, 
        "long_term_average": 300069, 
        "date": "2013-09-30", 
        "operating_revenue": 235570, 
        "short_term_average": 288833
    }, 
    {
        "accumulated_operating_revenue_yoy": -16.08813660881653, 
        "accumulated_operating_revenue": 2924023, 
        "long_term_average": 301218, 
        "date": "2013-10-31", 
        "operating_revenue": 285359, 
        "short_term_average": 276754
    }, 
    {
        "accumulated_operating_revenue_yoy": -16.090920168451216, 
        "accumulated_operating_revenue": 3195147, 
        "long_term_average": 296876, 
        "date": "2013-11-30", 
        "operating_revenue": 271124, 
        "short_term_average": 264017
    }, 
    {
        "accumulated_operating_revenue_yoy": -16.555072283269944, 
        "accumulated_operating_revenue": 3484026, 
        "long_term_average": 290335, 
        "date": "2013-12-31", 
        "operating_revenue": 288879, 
        "short_term_average": 281787
    }, 
    {
        "accumulated_operating_revenue_yoy": -28.31430938216088, 
        "accumulated_operating_revenue": 266536, 
        "long_term_average": 281562, 
        "date": "2014-01-31", 
        "operating_revenue": 266536, 
        "short_term_average": 275513
    }, 
    {
        "accumulated_operating_revenue_yoy": -16.318398796108205, 
        "accumulated_operating_revenue": 481560, 
        "long_term_average": 282509, 
        "date": "2014-02-28", 
        "operating_revenue": 215024, 
        "short_term_average": 256813
    }, 
    {
        "accumulated_operating_revenue_yoy": -4.8275830587816415, 
        "accumulated_operating_revenue": 833974, 
        "long_term_average": 286810, 
        "date": "2014-03-31", 
        "operating_revenue": 352414, 
        "short_term_average": 277991
    }, 
    {
        "accumulated_operating_revenue_yoy": -4.01029465195697, 
        "accumulated_operating_revenue": 1138675, 
        "long_term_average": 286371, 
        "date": "2014-04-30", 
        "operating_revenue": 304701, 
        "short_term_average": 290713
    }, 
    {
        "accumulated_operating_revenue_yoy": -1.23690281553772, 
        "accumulated_operating_revenue": 1487232, 
        "long_term_average": 288783, 
        "date": "2014-05-31", 
        "operating_revenue": 348557, 
        "short_term_average": 335224
    }, 
    {
        "accumulated_operating_revenue_yoy": -3.905284107613126, 
        "accumulated_operating_revenue": 1702955, 
        "long_term_average": 284568, 
        "date": "2014-06-30", 
        "operating_revenue": 215723, 
        "short_term_average": 289660
    }, 
    {
        "accumulated_operating_revenue_yoy": -4.442627405897808, 
        "accumulated_operating_revenue": 2000743, 
        "long_term_average": 282584, 
        "date": "2014-07-31", 
        "operating_revenue": 297788, 
        "short_term_average": 287356
    }, 
    {
        "accumulated_operating_revenue_yoy": -4.894814767961636, 
        "accumulated_operating_revenue": 2285467, 
        "long_term_average": 280533, 
        "date": "2014-08-31", 
        "operating_revenue": 284724, 
        "short_term_average": 266078
    }, 
    {
        "accumulated_operating_revenue_yoy": -1.937647233600034, 
        "accumulated_operating_revenue": 2587536, 
        "long_term_average": 286074, 
        "date": "2014-09-30", 
        "operating_revenue": 302069, 
        "short_term_average": 294860
    }, 
    {
        "accumulated_operating_revenue_yoy": -1.7522091994488416, 
        "accumulated_operating_revenue": 2872788, 
        "long_term_average": 286065, 
        "date": "2014-10-31", 
        "operating_revenue": 285252, 
        "short_term_average": 290681
    }, 
    {
        "accumulated_operating_revenue_yoy": -0.645729288824583, 
        "accumulated_operating_revenue": 3174515, 
        "long_term_average": 288616, 
        "date": "2014-11-30", 
        "operating_revenue": 301727, 
        "short_term_average": 296349
    }, 
    {
        "accumulated_operating_revenue_yoy": -0.0376001786439022, 
        "accumulated_operating_revenue": 3482716, 
        "long_term_average": 290226, 
        "date": "2014-12-31", 
        "operating_revenue": 308201, 
        "short_term_average": 298393
    }, 
    {
        "accumulated_operating_revenue_yoy": -3.459945373232884, 
        "accumulated_operating_revenue": 257314, 
        "long_term_average": 289457, 
        "date": "2015-01-31", 
        "operating_revenue": 257314, 
        "short_term_average": 289080
    }, 
    {
        "accumulated_operating_revenue_yoy": -7.000581443641499, 
        "accumulated_operating_revenue": 447848, 
        "long_term_average": 287417, 
        "date": "2015-02-28", 
        "operating_revenue": 190534, 
        "short_term_average": 252016
    }, 
    {
        "accumulated_operating_revenue_yoy": -11.660195641590745, 
        "accumulated_operating_revenue": 736731, 
        "long_term_average": 282122, 
        "date": "2015-03-31", 
        "operating_revenue": 288883, 
        "short_term_average": 245577
    }, 
    {
        "accumulated_operating_revenue_yoy": -10.493863481678266, 
        "accumulated_operating_revenue": 1019184, 
        "long_term_average": 280268, 
        "date": "2015-04-30", 
        "operating_revenue": 282453, 
        "short_term_average": 253956
    }, 
    {
        "accumulated_operating_revenue_yoy": -12.243550434632928, 
        "accumulated_operating_revenue": 1305142, 
        "long_term_average": 275052, 
        "date": "2015-05-31", 
        "operating_revenue": 285958, 
        "short_term_average": 285764
    }, 
    {
        "accumulated_operating_revenue_yoy": -8.534635383788768, 
        "accumulated_operating_revenue": 1557614, 
        "long_term_average": 278114, 
        "date": "2015-06-30", 
        "operating_revenue": 252472, 
        "short_term_average": 273627
    }, 
    {
        "accumulated_operating_revenue_yoy": -9.267557102536408, 
        "accumulated_operating_revenue": 1815323, 
        "long_term_average": 274774, 
        "date": "2015-07-31", 
        "operating_revenue": 257709, 
        "short_term_average": 265379
    }, 
    {
        "accumulated_operating_revenue_yoy": -10.311065528401855, 
        "accumulated_operating_revenue": 2049811, 
        "long_term_average": 270588, 
        "date": "2015-08-31", 
        "operating_revenue": 234488, 
        "short_term_average": 248223
    }, 
    {
        "accumulated_operating_revenue_yoy": -11.40803451623475, 
        "accumulated_operating_revenue": 2292349, 
        "long_term_average": 265627, 
        "date": "2015-09-30", 
        "operating_revenue": 242538, 
        "short_term_average": 244911
    }
]