[
    {
        "date": "2012-01-31", 
        "operating_revenue": 69516, 
        "accumulated_operating_revenue": 69516, 
        "long_term_average": 69516, 
        "short_term_average": 69516
    }, 
    {
        "date": "2012-02-29", 
        "operating_revenue": 102895, 
        "accumulated_operating_revenue": 172411, 
        "long_term_average": 86205, 
        "short_term_average": 86205
    }, 
    {
        "date": "2012-03-31", 
        "operating_revenue": 106913, 
        "accumulated_operating_revenue": 279324, 
        "long_term_average": 93108, 
        "short_term_average": 93108
    }, 
    {
        "date": "2012-04-30", 
        "operating_revenue": 90866, 
        "accumulated_operating_revenue": 370190, 
        "long_term_average": 92547, 
        "short_term_average": 100224
    }, 
    {
        "date": "2012-05-31", 
        "operating_revenue": 103530, 
        "accumulated_operating_revenue": 473720, 
        "long_term_average": 94744, 
        "short_term_average": 100436
    }, 
    {
        "date": "2012-06-30", 
        "operating_revenue": 85308, 
        "accumulated_operating_revenue": 559028, 
        "long_term_average": 93171, 
        "short_term_average": 93234
    }, 
    {
        "date": "2012-07-31", 
        "operating_revenue": 82328, 
        "accumulated_operating_revenue": 641356, 
        "long_term_average": 91622, 
        "short_term_average": 90388
    }, 
    {
        "date": "2012-08-31", 
        "operating_revenue": 80220, 
        "accumulated_operating_revenue": 721576, 
        "long_term_average": 90197, 
        "short_term_average": 82618
    }, 
    {
        "date": "2012-09-30", 
        "operating_revenue": 76330, 
        "accumulated_operating_revenue": 797906, 
        "long_term_average": 88656, 
        "short_term_average": 79626
    }, 
    {
        "date": "2012-10-31", 
        "operating_revenue": 84668, 
        "accumulated_operating_revenue": 882574, 
        "long_term_average": 88257, 
        "short_term_average": 80406
    }, 
    {
        "date": "2012-11-30", 
        "operating_revenue": 99531, 
        "accumulated_operating_revenue": 982105, 
        "long_term_average": 89282, 
        "short_term_average": 86843
    }, 
    {
        "date": "2012-12-31", 
        "operating_revenue": 79519, 
        "accumulated_operating_revenue": 1061624, 
        "long_term_average": 88468, 
        "short_term_average": 87906
    }, 
    {
        "accumulated_operating_revenue_yoy": 38.65584901317683, 
        "accumulated_operating_revenue": 96388, 
        "long_term_average": 90708, 
        "date": "2013-01-31", 
        "operating_revenue": 96388, 
        "short_term_average": 91812
    }, 
    {
        "accumulated_operating_revenue_yoy": -8.937364785309523, 
        "accumulated_operating_revenue": 157002, 
        "long_term_average": 87184, 
        "date": "2013-02-28", 
        "operating_revenue": 60614, 
        "short_term_average": 78840
    }, 
    {
        "accumulated_operating_revenue_yoy": -10.603098910226118, 
        "accumulated_operating_revenue": 249707, 
        "long_term_average": 86000, 
        "date": "2013-03-31", 
        "operating_revenue": 92705, 
        "short_term_average": 83235
    }, 
    {
        "accumulated_operating_revenue_yoy": -14.926929414624922, 
        "accumulated_operating_revenue": 314932, 
        "long_term_average": 83863, 
        "date": "2013-04-30", 
        "operating_revenue": 65225, 
        "short_term_average": 72848
    }, 
    {
        "accumulated_operating_revenue_yoy": -19.279743308283372, 
        "accumulated_operating_revenue": 382388, 
        "long_term_average": 80857, 
        "date": "2013-05-31", 
        "operating_revenue": 67456, 
        "short_term_average": 75128
    }, 
    {
        "accumulated_operating_revenue_yoy": -20.351753400545235, 
        "accumulated_operating_revenue": 445256, 
        "long_term_average": 78987, 
        "date": "2013-06-30", 
        "operating_revenue": 62868, 
        "short_term_average": 65183
    }, 
    {
        "accumulated_operating_revenue_yoy": -20.22168655161876, 
        "accumulated_operating_revenue": 511663, 
        "long_term_average": 77660, 
        "date": "2013-07-31", 
        "operating_revenue": 66407, 
        "short_term_average": 65577
    }, 
    {
        "accumulated_operating_revenue_yoy": -20.390644921671452, 
        "accumulated_operating_revenue": 574442, 
        "long_term_average": 76207, 
        "date": "2013-08-31", 
        "operating_revenue": 62779, 
        "short_term_average": 64018
    }, 
    {
        "accumulated_operating_revenue_yoy": -20.097354826257728, 
        "accumulated_operating_revenue": 637548, 
        "long_term_average": 75105, 
        "date": "2013-09-30", 
        "operating_revenue": 63106, 
        "short_term_average": 64097
    }, 
    {
        "accumulated_operating_revenue_yoy": -20.702626635273642, 
        "accumulated_operating_revenue": 699858, 
        "long_term_average": 73242, 
        "date": "2013-10-31", 
        "operating_revenue": 62310, 
        "short_term_average": 62731
    }, 
    {
        "accumulated_operating_revenue_yoy": -22.715697405063615, 
        "accumulated_operating_revenue": 759013, 
        "long_term_average": 69877, 
        "date": "2013-11-30", 
        "operating_revenue": 59155, 
        "short_term_average": 61523
    }, 
    {
        "accumulated_operating_revenue_yoy": -22.561754444134646, 
        "accumulated_operating_revenue": 822103, 
        "long_term_average": 68508, 
        "date": "2013-12-31", 
        "operating_revenue": 63090, 
        "short_term_average": 61518
    }, 
    {
        "accumulated_operating_revenue_yoy": -33.903597958252064, 
        "accumulated_operating_revenue": 63709, 
        "long_term_average": 65785, 
        "date": "2014-01-31", 
        "operating_revenue": 63709, 
        "short_term_average": 61984
    }, 
    {
        "accumulated_operating_revenue_yoy": -19.155806932395766, 
        "accumulated_operating_revenue": 126927, 
        "long_term_average": 66002, 
        "date": "2014-02-28", 
        "operating_revenue": 63218, 
        "short_term_average": 63339
    }, 
    {
        "accumulated_operating_revenue_yoy": -21.376653437829134, 
        "accumulated_operating_revenue": 196328, 
        "long_term_average": 64060, 
        "date": "2014-03-31", 
        "operating_revenue": 69401, 
        "short_term_average": 65442
    }, 
    {
        "accumulated_operating_revenue_yoy": -16.79600675701421, 
        "accumulated_operating_revenue": 262036, 
        "long_term_average": 64100, 
        "date": "2014-04-30", 
        "operating_revenue": 65708, 
        "short_term_average": 66109
    }, 
    {
        "accumulated_operating_revenue_yoy": -16.41107984560185, 
        "accumulated_operating_revenue": 319634, 
        "long_term_average": 63279, 
        "date": "2014-05-31", 
        "operating_revenue": 57598, 
        "short_term_average": 64235
    }, 
    {
        "accumulated_operating_revenue_yoy": -12.051943151804805, 
        "accumulated_operating_revenue": 391594, 
        "long_term_average": 64036, 
        "date": "2014-06-30", 
        "operating_revenue": 71960, 
        "short_term_average": 65088
    }, 
    {
        "accumulated_operating_revenue_yoy": -8.959217297322652, 
        "accumulated_operating_revenue": 465822, 
        "long_term_average": 64688, 
        "date": "2014-07-31", 
        "operating_revenue": 74228, 
        "short_term_average": 67928
    }, 
    {
        "accumulated_operating_revenue_yoy": -7.777460561727728, 
        "accumulated_operating_revenue": 529765, 
        "long_term_average": 64785, 
        "date": "2014-08-31", 
        "operating_revenue": 63943, 
        "short_term_average": 70043
    }, 
    {
        "accumulated_operating_revenue_yoy": -5.254506327366724, 
        "accumulated_operating_revenue": 604048, 
        "long_term_average": 65716, 
        "date": "2014-09-30", 
        "operating_revenue": 74283, 
        "short_term_average": 70818
    }, 
    {
        "accumulated_operating_revenue_yoy": -4.019672562148322, 
        "accumulated_operating_revenue": 671726, 
        "long_term_average": 66164, 
        "date": "2014-10-31", 
        "operating_revenue": 67678, 
        "short_term_average": 68634
    }, 
    {
        "accumulated_operating_revenue_yoy": -2.971358856831174, 
        "accumulated_operating_revenue": 736460, 
        "long_term_average": 66629, 
        "date": "2014-11-30", 
        "operating_revenue": 64734, 
        "short_term_average": 68898
    }, 
    {
        "accumulated_operating_revenue_yoy": -2.0122782668351777, 
        "accumulated_operating_revenue": 805560, 
        "long_term_average": 67130, 
        "date": "2014-12-31", 
        "operating_revenue": 69100, 
        "short_term_average": 67170
    }, 
    {
        "accumulated_operating_revenue_yoy": -7.754006498296944, 
        "accumulated_operating_revenue": 58769, 
        "long_term_average": 66718, 
        "date": "2015-01-31", 
        "operating_revenue": 58769, 
        "short_term_average": 64201
    }, 
    {
        "accumulated_operating_revenue_yoy": -19.033775319671935, 
        "accumulated_operating_revenue": 102768, 
        "long_term_average": 65116, 
        "date": "2015-02-28", 
        "operating_revenue": 43999, 
        "short_term_average": 57289
    }, 
    {
        "accumulated_operating_revenue_yoy": -8.654394686443096, 
        "accumulated_operating_revenue": 179337, 
        "long_term_average": 65714, 
        "date": "2015-03-31", 
        "operating_revenue": 76569, 
        "short_term_average": 59779
    }, 
    {
        "accumulated_operating_revenue_yoy": -8.630111893022333, 
        "accumulated_operating_revenue": 239422, 
        "long_term_average": 65245, 
        "date": "2015-04-30", 
        "operating_revenue": 60085, 
        "short_term_average": 60217
    }, 
    {
        "accumulated_operating_revenue_yoy": -3.9698530193909285, 
        "accumulated_operating_revenue": 306945, 
        "long_term_average": 66072, 
        "date": "2015-05-31", 
        "operating_revenue": 67523, 
        "short_term_average": 68059
    }, 
    {
        "accumulated_operating_revenue_yoy": -5.621128005025613, 
        "accumulated_operating_revenue": 369582, 
        "long_term_average": 65295, 
        "date": "2015-06-30", 
        "operating_revenue": 62637, 
        "short_term_average": 63415
    }, 
    {
        "accumulated_operating_revenue_yoy": -7.057416781517404, 
        "accumulated_operating_revenue": 432947, 
        "long_term_average": 64390, 
        "date": "2015-07-31", 
        "operating_revenue": 63365, 
        "short_term_average": 64508
    }, 
    {
        "accumulated_operating_revenue_yoy": -7.969948939624174, 
        "accumulated_operating_revenue": 487543, 
        "long_term_average": 63611, 
        "date": "2015-08-31", 
        "operating_revenue": 54596, 
        "short_term_average": 60199
    }
]