[
    {
        "date": "2012-01-31", 
        "operating_revenue": 1697458, 
        "accumulated_operating_revenue": 1697458, 
        "long_term_average": 1697458, 
        "short_term_average": 1697458
    }, 
    {
        "date": "2012-02-29", 
        "operating_revenue": 2427874, 
        "accumulated_operating_revenue": 4125332, 
        "long_term_average": 2062666, 
        "short_term_average": 2062666
    }, 
    {
        "date": "2012-03-31", 
        "operating_revenue": 2465438, 
        "accumulated_operating_revenue": 6590770, 
        "long_term_average": 2196923, 
        "short_term_average": 2196923
    }, 
    {
        "date": "2012-04-30", 
        "operating_revenue": 2328822, 
        "accumulated_operating_revenue": 8919592, 
        "long_term_average": 2229898, 
        "short_term_average": 2407378
    }, 
    {
        "date": "2012-05-31", 
        "operating_revenue": 1923413, 
        "accumulated_operating_revenue": 10843005, 
        "long_term_average": 2168601, 
        "short_term_average": 2239224
    }, 
    {
        "date": "2012-06-30", 
        "operating_revenue": 1928943, 
        "accumulated_operating_revenue": 12771948, 
        "long_term_average": 2128658, 
        "short_term_average": 2060392
    }, 
    {
        "date": "2012-07-31", 
        "operating_revenue": 2075734, 
        "accumulated_operating_revenue": 14847682, 
        "long_term_average": 2121097, 
        "short_term_average": 1976030
    }, 
    {
        "date": "2012-08-31", 
        "operating_revenue": 2046365, 
        "accumulated_operating_revenue": 16894047, 
        "long_term_average": 2111755, 
        "short_term_average": 2017014
    }, 
    {
        "date": "2012-09-30", 
        "operating_revenue": 1914646, 
        "accumulated_operating_revenue": 18808693, 
        "long_term_average": 2089854, 
        "short_term_average": 2012248
    }, 
    {
        "date": "2012-10-31", 
        "operating_revenue": 1849286, 
        "accumulated_operating_revenue": 20657979, 
        "long_term_average": 2065797, 
        "short_term_average": 1936765
    }, 
    {
        "date": "2012-11-30", 
        "operating_revenue": 1818252, 
        "accumulated_operating_revenue": 22476231, 
        "long_term_average": 2043293, 
        "short_term_average": 1860728
    }, 
    {
        "date": "2012-12-31", 
        "operating_revenue": 1773409, 
        "accumulated_operating_revenue": 24249640, 
        "long_term_average": 2020803, 
        "short_term_average": 1813649
    }, 
    {
        "accumulated_operating_revenue_yoy": 22.218222777824252, 
        "accumulated_operating_revenue": 2074603, 
        "long_term_average": 2052232, 
        "date": "2013-01-31", 
        "operating_revenue": 2074603, 
        "short_term_average": 1888754
    }, 
    {
        "accumulated_operating_revenue_yoy": -18.325676575848927, 
        "accumulated_operating_revenue": 3369337, 
        "long_term_average": 1957803, 
        "date": "2013-02-28", 
        "operating_revenue": 1294734, 
        "short_term_average": 1714248
    }, 
    {
        "accumulated_operating_revenue_yoy": -17.173607939588244, 
        "accumulated_operating_revenue": 5458897, 
        "long_term_average": 1926480, 
        "date": "2013-03-31", 
        "operating_revenue": 2089560, 
        "short_term_average": 1819632
    }, 
    {
        "accumulated_operating_revenue_yoy": -14.166825119355236, 
        "accumulated_operating_revenue": 7655969, 
        "long_term_average": 1915501, 
        "date": "2013-04-30", 
        "operating_revenue": 2197072, 
        "short_term_average": 1860455
    }, 
    {
        "accumulated_operating_revenue_yoy": -9.56274575175424, 
        "accumulated_operating_revenue": 9806116, 
        "long_term_average": 1934395, 
        "date": "2013-05-31", 
        "operating_revenue": 2150147, 
        "short_term_average": 2145593
    }, 
    {
        "accumulated_operating_revenue_yoy": -8.305029115370655, 
        "accumulated_operating_revenue": 11711234, 
        "long_term_average": 1932410, 
        "date": "2013-06-30", 
        "operating_revenue": 1905118, 
        "short_term_average": 2084112
    }, 
    {
        "accumulated_operating_revenue_yoy": -7.193473028315127, 
        "accumulated_operating_revenue": 13779618, 
        "long_term_average": 1931798, 
        "date": "2013-07-31", 
        "operating_revenue": 2068384, 
        "short_term_average": 2041216
    }, 
    {
        "accumulated_operating_revenue_yoy": -6.7251203929999726, 
        "accumulated_operating_revenue": 15757902, 
        "long_term_average": 1926124, 
        "date": "2013-08-31", 
        "operating_revenue": 1978284, 
        "short_term_average": 1983928
    }, 
    {
        "accumulated_operating_revenue_yoy": -5.583848914967138, 
        "accumulated_operating_revenue": 17758444, 
        "long_term_average": 1933282, 
        "date": "2013-09-30", 
        "operating_revenue": 2000542, 
        "short_term_average": 2015736
    }, 
    {
        "accumulated_operating_revenue_yoy": -3.6643904033400365, 
        "accumulated_operating_revenue": 19900990, 
        "long_term_average": 1957720, 
        "date": "2013-10-31", 
        "operating_revenue": 2142546, 
        "short_term_average": 2040457
    }, 
    {
        "accumulated_operating_revenue_yoy": -3.4276298370487472, 
        "accumulated_operating_revenue": 21705829, 
        "long_term_average": 1956603, 
        "date": "2013-11-30", 
        "operating_revenue": 1804839, 
        "short_term_average": 1982642
    }, 
    {
        "accumulated_operating_revenue_yoy": -1.6618226085005798, 
        "accumulated_operating_revenue": 23846654, 
        "long_term_average": 1987221, 
        "date": "2013-12-31", 
        "operating_revenue": 2140825, 
        "short_term_average": 2029403
    }, 
    {
        "accumulated_operating_revenue_yoy": 3.429427220533278, 
        "accumulated_operating_revenue": 2145750, 
        "long_term_average": 1993150, 
        "date": "2014-01-31", 
        "operating_revenue": 2145750, 
        "short_term_average": 2030471
    }, 
    {
        "accumulated_operating_revenue_yoy": 15.108818144341157, 
        "accumulated_operating_revenue": 3878404, 
        "long_term_average": 2029643, 
        "date": "2014-02-28", 
        "operating_revenue": 1732654, 
        "short_term_average": 2006409
    }, 
    {
        "accumulated_operating_revenue_yoy": 11.722789420646698, 
        "accumulated_operating_revenue": 6098832, 
        "long_term_average": 2040549, 
        "date": "2014-03-31", 
        "operating_revenue": 2220428, 
        "short_term_average": 2032944
    }, 
    {
        "accumulated_operating_revenue_yoy": 9.464693496015984, 
        "accumulated_operating_revenue": 8380583, 
        "long_term_average": 2047605, 
        "date": "2014-04-30", 
        "operating_revenue": 2281751, 
        "short_term_average": 2078277
    }, 
    {
        "accumulated_operating_revenue_yoy": 10.269978450183538, 
        "accumulated_operating_revenue": 10813202, 
        "long_term_average": 2071145, 
        "date": "2014-05-31", 
        "operating_revenue": 2432619, 
        "short_term_average": 2311599
    }, 
    {
        "accumulated_operating_revenue_yoy": 12.372914758598453, 
        "accumulated_operating_revenue": 13160255, 
        "long_term_average": 2107972, 
        "date": "2014-06-30", 
        "operating_revenue": 2347053, 
        "short_term_average": 2353807
    }, 
    {
        "accumulated_operating_revenue_yoy": 12.478909067000261, 
        "accumulated_operating_revenue": 15499164, 
        "long_term_average": 2130516, 
        "date": "2014-07-31", 
        "operating_revenue": 2338909, 
        "short_term_average": 2372860
    }, 
    {
        "accumulated_operating_revenue_yoy": 12.058115350634875, 
        "accumulated_operating_revenue": 17658008, 
        "long_term_average": 2145563, 
        "date": "2014-08-31", 
        "operating_revenue": 2158844, 
        "short_term_average": 2281602
    }, 
    {
        "accumulated_operating_revenue_yoy": 12.328022657840968, 
        "accumulated_operating_revenue": 19947709, 
        "long_term_average": 2169659, 
        "date": "2014-09-30", 
        "operating_revenue": 2289701, 
        "short_term_average": 2262484
    }, 
    {
        "accumulated_operating_revenue_yoy": 11.209688563232282, 
        "accumulated_operating_revenue": 22131829, 
        "long_term_average": 2173124, 
        "date": "2014-10-31", 
        "operating_revenue": 2184120, 
        "short_term_average": 2210888
    }, 
    {
        "accumulated_operating_revenue_yoy": 9.14564470216733, 
        "accumulated_operating_revenue": 23690967, 
        "long_term_average": 2152649, 
        "date": "2014-11-30", 
        "operating_revenue": 1559138, 
        "short_term_average": 2010986
    }, 
    {
        "accumulated_operating_revenue_yoy": 6.616081233031687, 
        "accumulated_operating_revenue": 25424368, 
        "long_term_average": 2118697, 
        "date": "2014-12-31", 
        "operating_revenue": 1733401, 
        "short_term_average": 1825553
    }, 
    {
        "accumulated_operating_revenue_yoy": -14.63674705813818, 
        "accumulated_operating_revenue": 1831682, 
        "long_term_average": 2092525, 
        "date": "2015-01-31", 
        "operating_revenue": 1831682, 
        "short_term_average": 1708073
    }, 
    {
        "accumulated_operating_revenue_yoy": -19.021484095004027, 
        "accumulated_operating_revenue": 3140674, 
        "long_term_average": 2057219, 
        "date": "2015-02-28", 
        "operating_revenue": 1308992, 
        "short_term_average": 1624691
    }, 
    {
        "accumulated_operating_revenue_yoy": -18.201862258216, 
        "accumulated_operating_revenue": 4988731, 
        "long_term_average": 2026188, 
        "date": "2015-03-31", 
        "operating_revenue": 1848057, 
        "short_term_average": 1662910
    }, 
    {
        "accumulated_operating_revenue_yoy": -19.74717033409251, 
        "accumulated_operating_revenue": 6725655, 
        "long_term_average": 1980786, 
        "date": "2015-04-30", 
        "operating_revenue": 1736924, 
        "short_term_average": 1631324
    }, 
    {
        "accumulated_operating_revenue_yoy": -22.03372322092938, 
        "accumulated_operating_revenue": 8430651, 
        "long_term_average": 1920151, 
        "date": "2015-05-31", 
        "operating_revenue": 1704996, 
        "short_term_average": 1763325
    }, 
    {
        "accumulated_operating_revenue_yoy": -23.38912125942848, 
        "accumulated_operating_revenue": 10082187, 
        "long_term_average": 1862191, 
        "date": "2015-06-30", 
        "operating_revenue": 1651536, 
        "short_term_average": 1697818
    }, 
    {
        "accumulated_operating_revenue_yoy": -24.74250224076602, 
        "accumulated_operating_revenue": 11664283, 
        "long_term_average": 1799123, 
        "date": "2015-07-31", 
        "operating_revenue": 1582096, 
        "short_term_average": 1646209
    }, 
    {
        "accumulated_operating_revenue_yoy": -25.385054758158454, 
        "accumulated_operating_revenue": 13175513, 
        "long_term_average": 1745156, 
        "date": "2015-08-31", 
        "operating_revenue": 1511230, 
        "short_term_average": 1581620
    }
]