[
    {
        "date": "2012-01-31", 
        "operating_revenue": 1308707, 
        "accumulated_operating_revenue": 1308707, 
        "long_term_average": 1308707, 
        "short_term_average": 1308707
    }, 
    {
        "date": "2012-02-29", 
        "operating_revenue": 1808946, 
        "accumulated_operating_revenue": 3117653, 
        "long_term_average": 1558826, 
        "short_term_average": 1558826
    }, 
    {
        "date": "2012-03-31", 
        "operating_revenue": 1880192, 
        "accumulated_operating_revenue": 4997845, 
        "long_term_average": 1665948, 
        "short_term_average": 1665948
    }, 
    {
        "date": "2012-04-30", 
        "operating_revenue": 1658955, 
        "accumulated_operating_revenue": 6656800, 
        "long_term_average": 1664200, 
        "short_term_average": 1782697
    }, 
    {
        "date": "2012-05-31", 
        "operating_revenue": 1628966, 
        "accumulated_operating_revenue": 8285766, 
        "long_term_average": 1657153, 
        "short_term_average": 1722704
    }, 
    {
        "date": "2012-06-30", 
        "operating_revenue": 1146535, 
        "accumulated_operating_revenue": 9432301, 
        "long_term_average": 1572050, 
        "short_term_average": 1478152
    }, 
    {
        "date": "2012-07-31", 
        "operating_revenue": 1495129, 
        "accumulated_operating_revenue": 10927430, 
        "long_term_average": 1561061, 
        "short_term_average": 1423543
    }, 
    {
        "date": "2012-08-31", 
        "operating_revenue": 1514323, 
        "accumulated_operating_revenue": 12441753, 
        "long_term_average": 1555219, 
        "short_term_average": 1385329
    }, 
    {
        "date": "2012-09-30", 
        "operating_revenue": 1565090, 
        "accumulated_operating_revenue": 14006843, 
        "long_term_average": 1556315, 
        "short_term_average": 1524847
    }, 
    {
        "date": "2012-10-31", 
        "operating_revenue": 1705086, 
        "accumulated_operating_revenue": 15711929, 
        "long_term_average": 1571192, 
        "short_term_average": 1594833
    }, 
    {
        "date": "2012-11-30", 
        "operating_revenue": 1456964, 
        "accumulated_operating_revenue": 17168893, 
        "long_term_average": 1560808, 
        "short_term_average": 1575713
    }, 
    {
        "date": "2012-12-31", 
        "operating_revenue": 1630777, 
        "accumulated_operating_revenue": 18799670, 
        "long_term_average": 1566639, 
        "short_term_average": 1597609
    }, 
    {
        "accumulated_operating_revenue_yoy": 42.01750277181982, 
        "accumulated_operating_revenue": 1858593, 
        "long_term_average": 1612463, 
        "date": "2013-01-31", 
        "operating_revenue": 1858593, 
        "short_term_average": 1648778
    }, 
    {
        "accumulated_operating_revenue_yoy": 3.102943143447972, 
        "accumulated_operating_revenue": 3214392, 
        "long_term_average": 1574700, 
        "date": "2013-02-28", 
        "operating_revenue": 1355799, 
        "short_term_average": 1615056
    }, 
    {
        "accumulated_operating_revenue_yoy": -2.085158703401166, 
        "accumulated_operating_revenue": 4893632, 
        "long_term_average": 1557954, 
        "date": "2013-03-31", 
        "operating_revenue": 1679240, 
        "short_term_average": 1631210
    }, 
    {
        "accumulated_operating_revenue_yoy": -6.230350919360654, 
        "accumulated_operating_revenue": 6242058, 
        "long_term_average": 1532077, 
        "date": "2013-04-30", 
        "operating_revenue": 1348426, 
        "short_term_average": 1461155
    }, 
    {
        "accumulated_operating_revenue_yoy": -7.207456739666555, 
        "accumulated_operating_revenue": 7688573, 
        "long_term_average": 1516873, 
        "date": "2013-05-31", 
        "operating_revenue": 1446515, 
        "short_term_average": 1491393
    }, 
    {
        "accumulated_operating_revenue_yoy": -5.790347445443058, 
        "accumulated_operating_revenue": 8886138, 
        "long_term_average": 1521125, 
        "date": "2013-06-30", 
        "operating_revenue": 1197565, 
        "short_term_average": 1330835
    }, 
    {
        "accumulated_operating_revenue_yoy": -7.248987181798465, 
        "accumulated_operating_revenue": 10135302, 
        "long_term_average": 1500628, 
        "date": "2013-07-31", 
        "operating_revenue": 1249164, 
        "short_term_average": 1297748
    }, 
    {
        "accumulated_operating_revenue_yoy": -4.884657330843973, 
        "accumulated_operating_revenue": 11834016, 
        "long_term_average": 1515994, 
        "date": "2013-08-31", 
        "operating_revenue": 1698714, 
        "short_term_average": 1381814
    }, 
    {
        "accumulated_operating_revenue_yoy": -2.419967154625778, 
        "accumulated_operating_revenue": 13667882, 
        "long_term_average": 1538392, 
        "date": "2013-09-30", 
        "operating_revenue": 1833866, 
        "short_term_average": 1593914
    }, 
    {
        "accumulated_operating_revenue_yoy": -2.033302212605467, 
        "accumulated_operating_revenue": 15392458, 
        "long_term_average": 1540016, 
        "date": "2013-10-31", 
        "operating_revenue": 1724576, 
        "short_term_average": 1752385
    }, 
    {
        "accumulated_operating_revenue_yoy": -1.2204514292214415, 
        "accumulated_operating_revenue": 16959355, 
        "long_term_average": 1549177, 
        "date": "2013-11-30", 
        "operating_revenue": 1566897, 
        "short_term_average": 1708446
    }, 
    {
        "accumulated_operating_revenue_yoy": -1.403019308317646, 
        "accumulated_operating_revenue": 18535907, 
        "long_term_average": 1544658, 
        "date": "2013-12-31", 
        "operating_revenue": 1576552, 
        "short_term_average": 1622675
    }, 
    {
        "accumulated_operating_revenue_yoy": -22.641374416023304, 
        "accumulated_operating_revenue": 1437782, 
        "long_term_average": 1509591, 
        "date": "2014-01-31", 
        "operating_revenue": 1437782, 
        "short_term_average": 1527077
    }, 
    {
        "accumulated_operating_revenue_yoy": -4.624327088917593, 
        "accumulated_operating_revenue": 3065748, 
        "long_term_average": 1532271, 
        "date": "2014-02-28", 
        "operating_revenue": 1627966, 
        "short_term_average": 1547433
    }, 
    {
        "accumulated_operating_revenue_yoy": 1.6884596144540496, 
        "accumulated_operating_revenue": 4976259, 
        "long_term_average": 1551544, 
        "date": "2014-03-31", 
        "operating_revenue": 1910511, 
        "short_term_average": 1658753
    }, 
    {
        "accumulated_operating_revenue_yoy": 14.214766988707892, 
        "accumulated_operating_revenue": 7129352, 
        "long_term_average": 1618600, 
        "date": "2014-04-30", 
        "operating_revenue": 2153093, 
        "short_term_average": 1897190
    }, 
    {
        "accumulated_operating_revenue_yoy": 23.225987449166443, 
        "accumulated_operating_revenue": 9474320, 
        "long_term_average": 1693471, 
        "date": "2014-05-31", 
        "operating_revenue": 2344968, 
        "short_term_average": 2136190
    }, 
    {
        "accumulated_operating_revenue_yoy": 32.48982853968732, 
        "accumulated_operating_revenue": 11773229, 
        "long_term_average": 1785249, 
        "date": "2014-06-30", 
        "operating_revenue": 2298909, 
        "short_term_average": 2265656
    }, 
    {
        "accumulated_operating_revenue_yoy": 32.68433441845146, 
        "accumulated_operating_revenue": 13447958, 
        "long_term_average": 1820713, 
        "date": "2014-07-31", 
        "operating_revenue": 1674729, 
        "short_term_average": 2106202
    }, 
    {
        "accumulated_operating_revenue_yoy": 24.832804011757293, 
        "accumulated_operating_revenue": 14772734, 
        "long_term_average": 1789552, 
        "date": "2014-08-31", 
        "operating_revenue": 1324776, 
        "short_term_average": 1766138
    }, 
    {
        "accumulated_operating_revenue_yoy": 19.58909946691082, 
        "accumulated_operating_revenue": 16345297, 
        "long_term_average": 1767776, 
        "date": "2014-09-30", 
        "operating_revenue": 1572563, 
        "short_term_average": 1524022
    }, 
    {
        "accumulated_operating_revenue_yoy": 14.333643138737164, 
        "accumulated_operating_revenue": 17598758, 
        "long_term_average": 1728517, 
        "date": "2014-10-31", 
        "operating_revenue": 1253461, 
        "short_term_average": 1383600
    }, 
    {
        "accumulated_operating_revenue_yoy": 11.117598517160587, 
        "accumulated_operating_revenue": 18844828, 
        "long_term_average": 1701781, 
        "date": "2014-11-30", 
        "operating_revenue": 1246070, 
        "short_term_average": 1357364
    }, 
    {
        "accumulated_operating_revenue_yoy": 8.491426936917627, 
        "accumulated_operating_revenue": 20109870, 
        "long_term_average": 1675822, 
        "date": "2014-12-31", 
        "operating_revenue": 1265042, 
        "short_term_average": 1254857
    }, 
    {
        "accumulated_operating_revenue_yoy": -1.4895164913735184, 
        "accumulated_operating_revenue": 1416366, 
        "long_term_average": 1674037, 
        "date": "2015-01-31", 
        "operating_revenue": 1416366, 
        "short_term_average": 1309159
    }, 
    {
        "accumulated_operating_revenue_yoy": -17.442138101370368, 
        "accumulated_operating_revenue": 2531016, 
        "long_term_average": 1631261, 
        "date": "2015-02-28", 
        "operating_revenue": 1114650, 
        "short_term_average": 1265352
    }, 
    {
        "accumulated_operating_revenue_yoy": -18.435013129340735, 
        "accumulated_operating_revenue": 4058885, 
        "long_term_average": 1599374, 
        "date": "2015-03-31", 
        "operating_revenue": 1527869, 
        "short_term_average": 1352961
    }, 
    {
        "accumulated_operating_revenue_yoy": -21.287039831951066, 
        "accumulated_operating_revenue": 5611724, 
        "long_term_average": 1549353, 
        "date": "2015-04-30", 
        "operating_revenue": 1552839, 
        "short_term_average": 1398452
    }, 
    {
        "accumulated_operating_revenue_yoy": -24.146651158077837, 
        "accumulated_operating_revenue": 7186589, 
        "long_term_average": 1485178, 
        "date": "2015-05-31", 
        "operating_revenue": 1574865, 
        "short_term_average": 1551857
    }, 
    {
        "accumulated_operating_revenue_yoy": -26.71128710738575, 
        "accumulated_operating_revenue": 8628448, 
        "long_term_average": 1413757, 
        "date": "2015-06-30", 
        "operating_revenue": 1441859, 
        "short_term_average": 1523187
    }, 
    {
        "accumulated_operating_revenue_yoy": -27.33233551145832, 
        "accumulated_operating_revenue": 9772317, 
        "long_term_average": 1369519, 
        "date": "2015-07-31", 
        "operating_revenue": 1143869, 
        "short_term_average": 1386864
    }, 
    {
        "accumulated_operating_revenue_yoy": -27.502749321824925, 
        "accumulated_operating_revenue": 10709826, 
        "long_term_average": 1337246, 
        "date": "2015-08-31", 
        "operating_revenue": 937509, 
        "short_term_average": 1174412
    }
]