[
    {
        "date": "2012-01-31", 
        "operating_revenue": 953074, 
        "accumulated_operating_revenue": 953074, 
        "long_term_average": 953074, 
        "short_term_average": 953074
    }, 
    {
        "date": "2012-02-29", 
        "operating_revenue": 1211020, 
        "accumulated_operating_revenue": 2164094, 
        "long_term_average": 1082047, 
        "short_term_average": 1082047
    }, 
    {
        "date": "2012-03-31", 
        "operating_revenue": 1305131, 
        "accumulated_operating_revenue": 3469225, 
        "long_term_average": 1156408, 
        "short_term_average": 1156408
    }, 
    {
        "date": "2012-04-30", 
        "operating_revenue": 1161947, 
        "accumulated_operating_revenue": 4631172, 
        "long_term_average": 1157793, 
        "short_term_average": 1226032
    }, 
    {
        "date": "2012-05-31", 
        "operating_revenue": 1225358, 
        "accumulated_operating_revenue": 5856530, 
        "long_term_average": 1171306, 
        "short_term_average": 1230812
    }, 
    {
        "date": "2012-06-30", 
        "operating_revenue": 1012711, 
        "accumulated_operating_revenue": 6869241, 
        "long_term_average": 1144873, 
        "short_term_average": 1133338
    }, 
    {
        "date": "2012-07-31", 
        "operating_revenue": 1068275, 
        "accumulated_operating_revenue": 7937516, 
        "long_term_average": 1133930, 
        "short_term_average": 1102114
    }, 
    {
        "date": "2012-08-31", 
        "operating_revenue": 903966, 
        "accumulated_operating_revenue": 8841482, 
        "long_term_average": 1105185, 
        "short_term_average": 994984
    }, 
    {
        "date": "2012-09-30", 
        "operating_revenue": 985826, 
        "accumulated_operating_revenue": 9827308, 
        "long_term_average": 1091923, 
        "short_term_average": 986022
    }, 
    {
        "date": "2012-10-31", 
        "operating_revenue": 1051194, 
        "accumulated_operating_revenue": 10878502, 
        "long_term_average": 1087850, 
        "short_term_average": 980328
    }, 
    {
        "date": "2012-11-30", 
        "operating_revenue": 994836, 
        "accumulated_operating_revenue": 11873338, 
        "long_term_average": 1079394, 
        "short_term_average": 1010618
    }, 
    {
        "date": "2012-12-31", 
        "operating_revenue": 1012714, 
        "accumulated_operating_revenue": 12886052, 
        "long_term_average": 1073837, 
        "short_term_average": 1019581
    }, 
    {
        "accumulated_operating_revenue_yoy": 37.21106650690293, 
        "accumulated_operating_revenue": 1307723, 
        "long_term_average": 1103391, 
        "date": "2013-01-31", 
        "operating_revenue": 1307723, 
        "short_term_average": 1105091
    }, 
    {
        "accumulated_operating_revenue_yoy": -6.379205339509282, 
        "accumulated_operating_revenue": 2026042, 
        "long_term_average": 1062333, 
        "date": "2013-02-28", 
        "operating_revenue": 718319, 
        "short_term_average": 1012918
    }, 
    {
        "accumulated_operating_revenue_yoy": -11.409378175240867, 
        "accumulated_operating_revenue": 3073408, 
        "long_term_average": 1040852, 
        "date": "2013-03-31", 
        "operating_revenue": 1047366, 
        "short_term_average": 1024469
    }, 
    {
        "accumulated_operating_revenue_yoy": -14.173150986402577, 
        "accumulated_operating_revenue": 3974789, 
        "long_term_average": 1019139, 
        "date": "2013-04-30", 
        "operating_revenue": 901381, 
        "short_term_average": 889022
    }, 
    {
        "accumulated_operating_revenue_yoy": -18.574343510577084, 
        "accumulated_operating_revenue": 4768718, 
        "long_term_average": 983186, 
        "date": "2013-05-31", 
        "operating_revenue": 793929, 
        "short_term_average": 914225
    }, 
    {
        "accumulated_operating_revenue_yoy": -18.770428930940113, 
        "accumulated_operating_revenue": 5579855, 
        "long_term_average": 966388, 
        "date": "2013-06-30", 
        "operating_revenue": 811137, 
        "short_term_average": 835482
    }, 
    {
        "accumulated_operating_revenue_yoy": -18.128215426589374, 
        "accumulated_operating_revenue": 6498586, 
        "long_term_average": 953926, 
        "date": "2013-07-31", 
        "operating_revenue": 918731, 
        "short_term_average": 841265
    }, 
    {
        "accumulated_operating_revenue_yoy": -16.512491910292866, 
        "accumulated_operating_revenue": 7381533, 
        "long_term_average": 952175, 
        "date": "2013-08-31", 
        "operating_revenue": 882947, 
        "short_term_average": 870938
    }, 
    {
        "accumulated_operating_revenue_yoy": -16.652220526720033, 
        "accumulated_operating_revenue": 8190843, 
        "long_term_average": 937465, 
        "date": "2013-09-30", 
        "operating_revenue": 809310, 
        "short_term_average": 870329
    }, 
    {
        "accumulated_operating_revenue_yoy": -14.784894096632053, 
        "accumulated_operating_revenue": 9270127, 
        "long_term_average": 939806, 
        "date": "2013-10-31", 
        "operating_revenue": 1079284, 
        "short_term_average": 923847
    }, 
    {
        "accumulated_operating_revenue_yoy": -11.98491948936348, 
        "accumulated_operating_revenue": 10450328, 
        "long_term_average": 955253, 
        "date": "2013-11-30", 
        "operating_revenue": 1180201, 
        "short_term_average": 1022931
    }, 
    {
        "accumulated_operating_revenue_yoy": -8.101022718207252, 
        "accumulated_operating_revenue": 11842150, 
        "long_term_average": 986845, 
        "date": "2013-12-31", 
        "operating_revenue": 1391822, 
        "short_term_average": 1217102
    }, 
    {
        "accumulated_operating_revenue_yoy": -17.985154348436176, 
        "accumulated_operating_revenue": 1072527, 
        "long_term_average": 967246, 
        "date": "2014-01-31", 
        "operating_revenue": 1072527, 
        "short_term_average": 1214850
    }, 
    {
        "accumulated_operating_revenue_yoy": -4.938594560231229, 
        "accumulated_operating_revenue": 1925984, 
        "long_term_average": 978507, 
        "date": "2014-02-28", 
        "operating_revenue": 853457, 
        "short_term_average": 1105935
    }, 
    {
        "accumulated_operating_revenue_yoy": 1.1973678730581816, 
        "accumulated_operating_revenue": 3110208, 
        "long_term_average": 989912, 
        "date": "2014-03-31", 
        "operating_revenue": 1184224, 
        "short_term_average": 1036736
    }, 
    {
        "accumulated_operating_revenue_yoy": 4.08879565682606, 
        "accumulated_operating_revenue": 4137310, 
        "long_term_average": 1000389, 
        "date": "2014-04-30", 
        "operating_revenue": 1027102, 
        "short_term_average": 1021594
    }, 
    {
        "accumulated_operating_revenue_yoy": 6.474549344289178, 
        "accumulated_operating_revenue": 5077471, 
        "long_term_average": 1012575, 
        "date": "2014-05-31", 
        "operating_revenue": 940161, 
        "short_term_average": 1050495
    }, 
    {
        "accumulated_operating_revenue_yoy": 6.717378856619034, 
        "accumulated_operating_revenue": 5954675, 
        "long_term_average": 1018080, 
        "date": "2014-06-30", 
        "operating_revenue": 877204, 
        "short_term_average": 948155
    }, 
    {
        "accumulated_operating_revenue_yoy": 8.684196839127774, 
        "accumulated_operating_revenue": 7062936, 
        "long_term_average": 1033875, 
        "date": "2014-07-31", 
        "operating_revenue": 1108261, 
        "short_term_average": 975208
    }, 
    {
        "accumulated_operating_revenue_yoy": 8.583474462554053, 
        "accumulated_operating_revenue": 8015125, 
        "long_term_average": 1039645, 
        "date": "2014-08-31", 
        "operating_revenue": 952189, 
        "short_term_average": 979218
    }, 
    {
        "accumulated_operating_revenue_yoy": 7.298479533791577, 
        "accumulated_operating_revenue": 8788650, 
        "long_term_average": 1036663, 
        "date": "2014-09-30", 
        "operating_revenue": 773525, 
        "short_term_average": 944658
    }, 
    {
        "accumulated_operating_revenue_yoy": 0.9694473441410242, 
        "accumulated_operating_revenue": 9359996, 
        "long_term_average": 994334, 
        "date": "2014-10-31", 
        "operating_revenue": 571346, 
        "short_term_average": 765686
    }, 
    {
        "accumulated_operating_revenue_yoy": -3.7085056086277866, 
        "accumulated_operating_revenue": 10062777, 
        "long_term_average": 954549, 
        "date": "2014-11-30", 
        "operating_revenue": 702781, 
        "short_term_average": 682550
    }, 
    {
        "accumulated_operating_revenue_yoy": -7.598687738290765, 
        "accumulated_operating_revenue": 10942302, 
        "long_term_average": 911858, 
        "date": "2014-12-31", 
        "operating_revenue": 879525, 
        "short_term_average": 717884
    }, 
    {
        "accumulated_operating_revenue_yoy": -19.45554750603015, 
        "accumulated_operating_revenue": 863861, 
        "long_term_average": 894469, 
        "date": "2015-01-31", 
        "operating_revenue": 863861, 
        "short_term_average": 815389
    }, 
    {
        "accumulated_operating_revenue_yoy": -25.798916294216355, 
        "accumulated_operating_revenue": 1429101, 
        "long_term_average": 870451, 
        "date": "2015-02-28", 
        "operating_revenue": 565240, 
        "short_term_average": 769542
    }, 
    {
        "accumulated_operating_revenue_yoy": -24.930454812025435, 
        "accumulated_operating_revenue": 2334819, 
        "long_term_average": 847242, 
        "date": "2015-03-31", 
        "operating_revenue": 905718, 
        "short_term_average": 778273
    }, 
    {
        "accumulated_operating_revenue_yoy": -24.629578155854894, 
        "accumulated_operating_revenue": 3118308, 
        "long_term_average": 826941, 
        "date": "2015-04-30", 
        "operating_revenue": 783489, 
        "short_term_average": 751482
    }, 
    {
        "accumulated_operating_revenue_yoy": -24.254712631544326, 
        "accumulated_operating_revenue": 3845945, 
        "long_term_average": 809231, 
        "date": "2015-05-31", 
        "operating_revenue": 727637, 
        "short_term_average": 805614
    }, 
    {
        "accumulated_operating_revenue_yoy": -24.571987555995918, 
        "accumulated_operating_revenue": 4491493, 
        "long_term_average": 789926, 
        "date": "2015-06-30", 
        "operating_revenue": 645548, 
        "short_term_average": 718891
    }, 
    {
        "accumulated_operating_revenue_yoy": -25.091916449476535, 
        "accumulated_operating_revenue": 5290710, 
        "long_term_average": 764173, 
        "date": "2015-07-31", 
        "operating_revenue": 799217, 
        "short_term_average": 724134
    }, 
    {
        "accumulated_operating_revenue_yoy": -26.298005333666037, 
        "accumulated_operating_revenue": 5907307, 
        "long_term_average": 736207, 
        "date": "2015-08-31", 
        "operating_revenue": 616597, 
        "short_term_average": 687120
    }, 
    {
        "accumulated_operating_revenue_yoy": -26.933021567590014, 
        "accumulated_operating_revenue": 6421601, 
        "long_term_average": 714604, 
        "date": "2015-09-30", 
        "operating_revenue": 514294, 
        "short_term_average": 643369
    }
]