[
    {
        "date": "2012-01-31", 
        "operating_revenue": 736987, 
        "accumulated_operating_revenue": 736987, 
        "long_term_average": 736987, 
        "short_term_average": 736987
    }, 
    {
        "date": "2012-02-29", 
        "operating_revenue": 860276, 
        "accumulated_operating_revenue": 1597263, 
        "long_term_average": 798631, 
        "short_term_average": 798631
    }, 
    {
        "date": "2012-03-31", 
        "operating_revenue": 1056485, 
        "accumulated_operating_revenue": 2653748, 
        "long_term_average": 884582, 
        "short_term_average": 884582
    }, 
    {
        "date": "2012-04-30", 
        "operating_revenue": 1273908, 
        "accumulated_operating_revenue": 3927656, 
        "long_term_average": 981914, 
        "short_term_average": 1063556
    }, 
    {
        "date": "2012-05-31", 
        "operating_revenue": 1225361, 
        "accumulated_operating_revenue": 5153017, 
        "long_term_average": 1030603, 
        "short_term_average": 1185251
    }, 
    {
        "date": "2012-06-30", 
        "operating_revenue": 1187637, 
        "accumulated_operating_revenue": 6340654, 
        "long_term_average": 1056775, 
        "short_term_average": 1228968
    }, 
    {
        "date": "2012-07-31", 
        "operating_revenue": 938859, 
        "accumulated_operating_revenue": 7279513, 
        "long_term_average": 1039930, 
        "short_term_average": 1117285
    }, 
    {
        "date": "2012-08-31", 
        "operating_revenue": 1036244, 
        "accumulated_operating_revenue": 8315757, 
        "long_term_average": 1039469, 
        "short_term_average": 1054246
    }, 
    {
        "date": "2012-09-30", 
        "operating_revenue": 1034139, 
        "accumulated_operating_revenue": 9349896, 
        "long_term_average": 1038877, 
        "short_term_average": 1003080
    }, 
    {
        "date": "2012-10-31", 
        "operating_revenue": 1066608, 
        "accumulated_operating_revenue": 10416504, 
        "long_term_average": 1041650, 
        "short_term_average": 1045663
    }, 
    {
        "date": "2012-11-30", 
        "operating_revenue": 995592, 
        "accumulated_operating_revenue": 11412096, 
        "long_term_average": 1037463, 
        "short_term_average": 1032113
    }, 
    {
        "date": "2012-12-31", 
        "operating_revenue": 959855, 
        "accumulated_operating_revenue": 12371951, 
        "long_term_average": 1030995, 
        "short_term_average": 1007351
    }, 
    {
        "accumulated_operating_revenue_yoy": 15.089954096883663, 
        "accumulated_operating_revenue": 848198, 
        "long_term_average": 1040263, 
        "date": "2013-01-31", 
        "operating_revenue": 848198, 
        "short_term_average": 934548
    }, 
    {
        "accumulated_operating_revenue_yoy": -3.169108656495517, 
        "accumulated_operating_revenue": 1546644, 
        "long_term_average": 1026777, 
        "date": "2013-02-28", 
        "operating_revenue": 698446, 
        "short_term_average": 835499
    }, 
    {
        "accumulated_operating_revenue_yoy": -10.558387608770689, 
        "accumulated_operating_revenue": 2373555, 
        "long_term_average": 1007646, 
        "date": "2013-03-31", 
        "operating_revenue": 826911, 
        "short_term_average": 791185
    }, 
    {
        "accumulated_operating_revenue_yoy": -18.09399804870895, 
        "accumulated_operating_revenue": 3216986, 
        "long_term_average": 971773, 
        "date": "2013-04-30", 
        "operating_revenue": 843431, 
        "short_term_average": 789596
    }, 
    {
        "accumulated_operating_revenue_yoy": -20.143694460934245, 
        "accumulated_operating_revenue": 4115009, 
        "long_term_average": 944495, 
        "date": "2013-05-31", 
        "operating_revenue": 898023, 
        "short_term_average": 856121
    }, 
    {
        "accumulated_operating_revenue_yoy": -18.35383227029893, 
        "accumulated_operating_revenue": 5176901, 
        "long_term_average": 934016, 
        "date": "2013-06-30", 
        "operating_revenue": 1061892, 
        "short_term_average": 934448
    }, 
    {
        "accumulated_operating_revenue_yoy": -14.041859668359683, 
        "accumulated_operating_revenue": 6257334, 
        "long_term_average": 945814, 
        "date": "2013-07-31", 
        "operating_revenue": 1080433, 
        "short_term_average": 1013449
    }, 
    {
        "accumulated_operating_revenue_yoy": -11.881612221232535, 
        "accumulated_operating_revenue": 7327711, 
        "long_term_average": 948658, 
        "date": "2013-08-31", 
        "operating_revenue": 1070377, 
        "short_term_average": 1070900
    }, 
    {
        "accumulated_operating_revenue_yoy": -8.434457452788779, 
        "accumulated_operating_revenue": 8561283, 
        "long_term_average": 965278, 
        "date": "2013-09-30", 
        "operating_revenue": 1233572, 
        "short_term_average": 1128127
    }, 
    {
        "accumulated_operating_revenue_yoy": -5.234155336569736, 
        "accumulated_operating_revenue": 9871288, 
        "long_term_average": 985561, 
        "date": "2013-10-31", 
        "operating_revenue": 1310005, 
        "short_term_average": 1204651
    }, 
    {
        "accumulated_operating_revenue_yoy": -1.8303999545745144, 
        "accumulated_operating_revenue": 11203209, 
        "long_term_average": 1013588, 
        "date": "2013-11-30", 
        "operating_revenue": 1331921, 
        "short_term_average": 1291832
    }, 
    {
        "accumulated_operating_revenue_yoy": 0.5733776346188245, 
        "accumulated_operating_revenue": 12442889, 
        "long_term_average": 1036907, 
        "date": "2013-12-31", 
        "operating_revenue": 1239680, 
        "short_term_average": 1293868
    }, 
    {
        "accumulated_operating_revenue_yoy": 24.04379637773256, 
        "accumulated_operating_revenue": 1052137, 
        "long_term_average": 1053902, 
        "date": "2014-01-31", 
        "operating_revenue": 1052137, 
        "short_term_average": 1207912
    }, 
    {
        "accumulated_operating_revenue_yoy": 24.715642384414256, 
        "accumulated_operating_revenue": 1928907, 
        "long_term_average": 1068762, 
        "date": "2014-02-28", 
        "operating_revenue": 876770, 
        "short_term_average": 1056195
    }, 
    {
        "accumulated_operating_revenue_yoy": 26.89708053952826, 
        "accumulated_operating_revenue": 3011972, 
        "long_term_average": 1090108, 
        "date": "2014-03-31", 
        "operating_revenue": 1083065, 
        "short_term_average": 1003990
    }, 
    {
        "accumulated_operating_revenue_yoy": 28.75383977424832, 
        "accumulated_operating_revenue": 4141993, 
        "long_term_average": 1113991, 
        "date": "2014-04-30", 
        "operating_revenue": 1130021, 
        "short_term_average": 1029952
    }, 
    {
        "accumulated_operating_revenue_yoy": 29.34367822767824, 
        "accumulated_operating_revenue": 5322504, 
        "long_term_average": 1137532, 
        "date": "2014-05-31", 
        "operating_revenue": 1180511, 
        "short_term_average": 1131199
    }, 
    {
        "accumulated_operating_revenue_yoy": 26.525347886699013, 
        "accumulated_operating_revenue": 6550092, 
        "long_term_average": 1151340, 
        "date": "2014-06-30", 
        "operating_revenue": 1227588, 
        "short_term_average": 1179373
    }, 
    {
        "accumulated_operating_revenue_yoy": 26.2608484699714, 
        "accumulated_operating_revenue": 7900563, 
        "long_term_average": 1173843, 
        "date": "2014-07-31", 
        "operating_revenue": 1350471, 
        "short_term_average": 1252856
    }, 
    {
        "accumulated_operating_revenue_yoy": 27.338591819464497, 
        "accumulated_operating_revenue": 9331004, 
        "long_term_average": 1203848, 
        "date": "2014-08-31", 
        "operating_revenue": 1430441, 
        "short_term_average": 1336166
    }, 
    {
        "accumulated_operating_revenue_yoy": 26.032278105980144, 
        "accumulated_operating_revenue": 10789980, 
        "long_term_average": 1222632, 
        "date": "2014-09-30", 
        "operating_revenue": 1458976, 
        "short_term_average": 1413296
    }, 
    {
        "accumulated_operating_revenue_yoy": 24.400493633657533, 
        "accumulated_operating_revenue": 12279931, 
        "long_term_average": 1237627, 
        "date": "2014-10-31", 
        "operating_revenue": 1489951, 
        "short_term_average": 1459789
    }, 
    {
        "accumulated_operating_revenue_yoy": 23.006104768731888, 
        "accumulated_operating_revenue": 13780631, 
        "long_term_average": 1251692, 
        "date": "2014-11-30", 
        "operating_revenue": 1500700, 
        "short_term_average": 1483209
    }, 
    {
        "accumulated_operating_revenue_yoy": 21.24460806489554, 
        "accumulated_operating_revenue": 15086332, 
        "long_term_average": 1257194, 
        "date": "2014-12-31", 
        "operating_revenue": 1305701, 
        "short_term_average": 1432117
    }, 
    {
        "accumulated_operating_revenue_yoy": 24.976120029996093, 
        "accumulated_operating_revenue": 1314920, 
        "long_term_average": 1279092, 
        "date": "2015-01-31", 
        "operating_revenue": 1314920, 
        "short_term_average": 1373773
    }, 
    {
        "accumulated_operating_revenue_yoy": 20.014495255603304, 
        "accumulated_operating_revenue": 2314968, 
        "long_term_average": 1289366, 
        "date": "2015-02-28", 
        "operating_revenue": 1000048, 
        "short_term_average": 1206889
    }, 
    {
        "accumulated_operating_revenue_yoy": 20.72545827119243, 
        "accumulated_operating_revenue": 3636217, 
        "long_term_average": 1309214, 
        "date": "2015-03-31", 
        "operating_revenue": 1321249, 
        "short_term_average": 1212072
    }, 
    {
        "accumulated_operating_revenue_yoy": 21.46616375257032, 
        "accumulated_operating_revenue": 5031120, 
        "long_term_average": 1331288, 
        "date": "2015-04-30", 
        "operating_revenue": 1394903, 
        "short_term_average": 1238733
    }, 
    {
        "accumulated_operating_revenue_yoy": 22.036394899844133, 
        "accumulated_operating_revenue": 6495392, 
        "long_term_average": 1354935, 
        "date": "2015-05-31", 
        "operating_revenue": 1464272, 
        "short_term_average": 1393474
    }, 
    {
        "accumulated_operating_revenue_yoy": 21.524964840188503, 
        "accumulated_operating_revenue": 7959997, 
        "long_term_average": 1374686, 
        "date": "2015-06-30", 
        "operating_revenue": 1464605, 
        "short_term_average": 1441260
    }, 
    {
        "accumulated_operating_revenue_yoy": 17.50292985449265, 
        "accumulated_operating_revenue": 9283393, 
        "long_term_average": 1372430, 
        "date": "2015-07-31", 
        "operating_revenue": 1323396, 
        "short_term_average": 1417424
    }, 
    {
        "accumulated_operating_revenue_yoy": 12.313090852817124, 
        "accumulated_operating_revenue": 10479939, 
        "long_term_average": 1352938, 
        "date": "2015-08-31", 
        "operating_revenue": 1196546, 
        "short_term_average": 1328182
    }, 
    {
        "accumulated_operating_revenue_yoy": 8.610377405704181, 
        "accumulated_operating_revenue": 11719038, 
        "long_term_average": 1334615, 
        "date": "2015-09-30", 
        "operating_revenue": 1239099, 
        "short_term_average": 1253013
    }
]