[
    {
        "date": "2011-09-30", 
        "operating_revenue": 205451, 
        "accumulated_operating_revenue": 205451, 
        "long_term_average": 205451, 
        "short_term_average": 205451
    }, 
    {
        "date": "2011-10-31", 
        "operating_revenue": 231954, 
        "accumulated_operating_revenue": 437405, 
        "long_term_average": 218702, 
        "short_term_average": 218702
    }, 
    {
        "date": "2011-11-30", 
        "operating_revenue": 262387, 
        "accumulated_operating_revenue": 699792, 
        "long_term_average": 233264, 
        "short_term_average": 233264
    }, 
    {
        "date": "2011-12-31", 
        "operating_revenue": 278225, 
        "accumulated_operating_revenue": 978017, 
        "long_term_average": 244504, 
        "short_term_average": 257522
    }, 
    {
        "date": "2012-01-31", 
        "operating_revenue": 216425, 
        "accumulated_operating_revenue": 216425, 
        "long_term_average": 238888, 
        "short_term_average": 252345
    }, 
    {
        "date": "2012-02-29", 
        "operating_revenue": 236196, 
        "accumulated_operating_revenue": 452621, 
        "long_term_average": 238439, 
        "short_term_average": 243615
    }, 
    {
        "date": "2012-03-31", 
        "operating_revenue": 274795, 
        "accumulated_operating_revenue": 727416, 
        "long_term_average": 243633, 
        "short_term_average": 242472
    }, 
    {
        "date": "2012-04-30", 
        "operating_revenue": 293589, 
        "accumulated_operating_revenue": 1021005, 
        "long_term_average": 249877, 
        "short_term_average": 268193
    }, 
    {
        "date": "2012-05-31", 
        "operating_revenue": 302528, 
        "accumulated_operating_revenue": 1323533, 
        "long_term_average": 255727, 
        "short_term_average": 290304
    }, 
    {
        "date": "2012-06-30", 
        "operating_revenue": 293949, 
        "accumulated_operating_revenue": 1617482, 
        "long_term_average": 259549, 
        "short_term_average": 296688
    }, 
    {
        "date": "2012-07-31", 
        "operating_revenue": 324536, 
        "accumulated_operating_revenue": 1942018, 
        "long_term_average": 265457, 
        "short_term_average": 307004
    }, 
    {
        "date": "2012-08-31", 
        "operating_revenue": 304370, 
        "accumulated_operating_revenue": 2246388, 
        "long_term_average": 268700, 
        "short_term_average": 307618
    }, 
    {
        "accumulated_operating_revenue_yoy": 1147.6220607346766, 
        "accumulated_operating_revenue": 2563252, 
        "long_term_average": 277984, 
        "date": "2012-09-30", 
        "operating_revenue": 316864, 
        "short_term_average": 315256
    }, 
    {
        "accumulated_operating_revenue_yoy": 562.882683096901, 
        "accumulated_operating_revenue": 2899482, 
        "long_term_average": 286674, 
        "date": "2012-10-31", 
        "operating_revenue": 336230, 
        "short_term_average": 319154
    }, 
    {
        "accumulated_operating_revenue_yoy": 360.9326771383497, 
        "accumulated_operating_revenue": 3225570, 
        "long_term_average": 291982, 
        "date": "2012-11-30", 
        "operating_revenue": 326088, 
        "short_term_average": 326394
    }, 
    {
        "accumulated_operating_revenue_yoy": 267.1536384336878, 
        "accumulated_operating_revenue": 3590825, 
        "long_term_average": 299235, 
        "date": "2012-12-31", 
        "operating_revenue": 365255, 
        "short_term_average": 342524
    }, 
    {
        "accumulated_operating_revenue_yoy": 57.22259443225136, 
        "accumulated_operating_revenue": 340269, 
        "long_term_average": 309555, 
        "date": "2013-01-31", 
        "operating_revenue": 340269, 
        "short_term_average": 343870
    }, 
    {
        "accumulated_operating_revenue_yoy": 23.530282510091226, 
        "accumulated_operating_revenue": 559124, 
        "long_term_average": 308110, 
        "date": "2013-02-28", 
        "operating_revenue": 218855, 
        "short_term_average": 308126
    }, 
    {
        "accumulated_operating_revenue_yoy": 19.00618078238587, 
        "accumulated_operating_revenue": 865670, 
        "long_term_average": 310756, 
        "date": "2013-03-31", 
        "operating_revenue": 306546, 
        "short_term_average": 288556
    }, 
    {
        "accumulated_operating_revenue_yoy": 17.66328274592191, 
        "accumulated_operating_revenue": 1201348, 
        "long_term_average": 314264, 
        "date": "2013-04-30", 
        "operating_revenue": 335678, 
        "short_term_average": 287026
    }, 
    {
        "accumulated_operating_revenue_yoy": 15.096865737386223, 
        "accumulated_operating_revenue": 1523345, 
        "long_term_average": 315886, 
        "date": "2013-05-31", 
        "operating_revenue": 321997, 
        "short_term_average": 321407
    }, 
    {
        "accumulated_operating_revenue_yoy": 14.083742508417405, 
        "accumulated_operating_revenue": 1845284, 
        "long_term_average": 318218, 
        "date": "2013-06-30", 
        "operating_revenue": 321939, 
        "short_term_average": 326538
    }, 
    {
        "accumulated_operating_revenue_yoy": 11.88315453306818, 
        "accumulated_operating_revenue": 2172791, 
        "long_term_average": 318466, 
        "date": "2013-07-31", 
        "operating_revenue": 327507, 
        "short_term_average": 323814
    }, 
    {
        "accumulated_operating_revenue_yoy": 11.56825980195763, 
        "accumulated_operating_revenue": 2506256, 
        "long_term_average": 320891, 
        "date": "2013-08-31", 
        "operating_revenue": 333465, 
        "short_term_average": 327637
    }, 
    {
        "accumulated_operating_revenue_yoy": 8.41193140588596, 
        "accumulated_operating_revenue": 2778871, 
        "long_term_average": 317203, 
        "date": "2013-09-30", 
        "operating_revenue": 272615, 
        "short_term_average": 311195
    }, 
    {
        "accumulated_operating_revenue_yoy": 7.490751796355349, 
        "accumulated_operating_revenue": 3116675, 
        "long_term_average": 317334, 
        "date": "2013-10-31", 
        "operating_revenue": 337804, 
        "short_term_average": 314628
    }, 
    {
        "accumulated_operating_revenue_yoy": 6.6400357146178814, 
        "accumulated_operating_revenue": 3439749, 
        "long_term_average": 317083, 
        "date": "2013-11-30", 
        "operating_revenue": 323074, 
        "short_term_average": 311164
    }, 
    {
        "accumulated_operating_revenue_yoy": 4.992668815662139, 
        "accumulated_operating_revenue": 3770103, 
        "long_term_average": 314175, 
        "date": "2013-12-31", 
        "operating_revenue": 330354, 
        "short_term_average": 330410
    }, 
    {
        "accumulated_operating_revenue_yoy": -3.0090898671345316, 
        "accumulated_operating_revenue": 330030, 
        "long_term_average": 313322, 
        "date": "2014-01-31", 
        "operating_revenue": 330030, 
        "short_term_average": 327819
    }, 
    {
        "accumulated_operating_revenue_yoy": 15.212546769589572, 
        "accumulated_operating_revenue": 644181, 
        "long_term_average": 321263, 
        "date": "2014-02-28", 
        "operating_revenue": 314151, 
        "short_term_average": 324845
    }, 
    {
        "accumulated_operating_revenue_yoy": 16.728545519655295, 
        "accumulated_operating_revenue": 1010484, 
        "long_term_average": 326243, 
        "date": "2014-03-31", 
        "operating_revenue": 366303, 
        "short_term_average": 336828
    }, 
    {
        "accumulated_operating_revenue_yoy": 15.555942158308833, 
        "accumulated_operating_revenue": 1388229, 
        "long_term_average": 329748, 
        "date": "2014-04-30", 
        "operating_revenue": 377745, 
        "short_term_average": 352733
    }, 
    {
        "accumulated_operating_revenue_yoy": 14.978616137513171, 
        "accumulated_operating_revenue": 1751521, 
        "long_term_average": 333189, 
        "date": "2014-05-31", 
        "operating_revenue": 363292, 
        "short_term_average": 369113
    }, 
    {
        "accumulated_operating_revenue_yoy": 12.52782769481554, 
        "accumulated_operating_revenue": 2076458, 
        "long_term_average": 333439, 
        "date": "2014-06-30", 
        "operating_revenue": 324937, 
        "short_term_average": 355324
    }, 
    {
        "accumulated_operating_revenue_yoy": 11.360365539069335, 
        "accumulated_operating_revenue": 2419628, 
        "long_term_average": 334745, 
        "date": "2014-07-31", 
        "operating_revenue": 343170, 
        "short_term_average": 343799
    }, 
    {
        "accumulated_operating_revenue_yoy": 9.24303024112461, 
        "accumulated_operating_revenue": 2737910, 
        "long_term_average": 333479, 
        "date": "2014-08-31", 
        "operating_revenue": 318282, 
        "short_term_average": 328796
    }, 
    {
        "accumulated_operating_revenue_yoy": 10.70621846066262, 
        "accumulated_operating_revenue": 3076383, 
        "long_term_average": 338967, 
        "date": "2014-09-30", 
        "operating_revenue": 338473, 
        "short_term_average": 333308
    }, 
    {
        "accumulated_operating_revenue_yoy": 11.304868168801688, 
        "accumulated_operating_revenue": 3469011, 
        "long_term_average": 343536, 
        "date": "2014-10-31", 
        "operating_revenue": 392628, 
        "short_term_average": 349794
    }, 
    {
        "accumulated_operating_revenue_yoy": 12.481550252649248, 
        "accumulated_operating_revenue": 3869083, 
        "long_term_average": 349953, 
        "date": "2014-11-30", 
        "operating_revenue": 400072, 
        "short_term_average": 377057
    }, 
    {
        "accumulated_operating_revenue_yoy": 13.630768177951639, 
        "accumulated_operating_revenue": 4283997, 
        "long_term_average": 356999, 
        "date": "2014-12-31", 
        "operating_revenue": 414914, 
        "short_term_average": 402538
    }, 
    {
        "accumulated_operating_revenue_yoy": 19.369451262006486, 
        "accumulated_operating_revenue": 393955, 
        "long_term_average": 362326, 
        "date": "2015-01-31", 
        "operating_revenue": 393955, 
        "short_term_average": 402980
    }, 
    {
        "accumulated_operating_revenue_yoy": 8.026781292835398, 
        "accumulated_operating_revenue": 695888, 
        "long_term_average": 361308, 
        "date": "2015-02-28", 
        "operating_revenue": 301933, 
        "short_term_average": 370267
    }, 
    {
        "accumulated_operating_revenue_yoy": 9.056848005510231, 
        "accumulated_operating_revenue": 1102002, 
        "long_term_average": 364626, 
        "date": "2015-03-31", 
        "operating_revenue": 406114, 
        "short_term_average": 367334
    }, 
    {
        "accumulated_operating_revenue_yoy": 10.2318133391537, 
        "accumulated_operating_revenue": 1530270, 
        "long_term_average": 368836, 
        "date": "2015-04-30", 
        "operating_revenue": 428268, 
        "short_term_average": 378771
    }, 
    {
        "accumulated_operating_revenue_yoy": 6.966059784610061, 
        "accumulated_operating_revenue": 1873533, 
        "long_term_average": 367167, 
        "date": "2015-05-31", 
        "operating_revenue": 343263, 
        "short_term_average": 392548
    }, 
    {
        "accumulated_operating_revenue_yoy": 6.93792024688195, 
        "accumulated_operating_revenue": 2220521, 
        "long_term_average": 369005, 
        "date": "2015-06-30", 
        "operating_revenue": 346988, 
        "short_term_average": 372839
    }, 
    {
        "accumulated_operating_revenue_yoy": 9.86858310451028, 
        "accumulated_operating_revenue": 2658411, 
        "long_term_average": 376898, 
        "date": "2015-07-31", 
        "operating_revenue": 437890, 
        "short_term_average": 376047
    }, 
    {
        "accumulated_operating_revenue_yoy": 10.303114419392895, 
        "accumulated_operating_revenue": 3020000, 
        "long_term_average": 380507, 
        "date": "2015-08-31", 
        "operating_revenue": 361589, 
        "short_term_average": 382155
    }
]