[
    {
        "date": "2012-01-31", 
        "operating_revenue": 123454, 
        "accumulated_operating_revenue": 123454, 
        "long_term_average": 123454, 
        "short_term_average": 123454
    }, 
    {
        "date": "2012-02-29", 
        "operating_revenue": 193525, 
        "accumulated_operating_revenue": 316979, 
        "long_term_average": 158489, 
        "short_term_average": 158489
    }, 
    {
        "date": "2012-03-31", 
        "operating_revenue": 218532, 
        "accumulated_operating_revenue": 535511, 
        "long_term_average": 178503, 
        "short_term_average": 178503
    }, 
    {
        "date": "2012-04-30", 
        "operating_revenue": 179307, 
        "accumulated_operating_revenue": 714818, 
        "long_term_average": 178704, 
        "short_term_average": 197121
    }, 
    {
        "date": "2012-05-31", 
        "operating_revenue": 193845, 
        "accumulated_operating_revenue": 908663, 
        "long_term_average": 181732, 
        "short_term_average": 197228
    }, 
    {
        "date": "2012-06-30", 
        "operating_revenue": 172464, 
        "accumulated_operating_revenue": 1081127, 
        "long_term_average": 180187, 
        "short_term_average": 181872
    }, 
    {
        "date": "2012-07-31", 
        "operating_revenue": 176143, 
        "accumulated_operating_revenue": 1257270, 
        "long_term_average": 179610, 
        "short_term_average": 180817
    }, 
    {
        "date": "2012-08-31", 
        "operating_revenue": 210843, 
        "accumulated_operating_revenue": 1468113, 
        "long_term_average": 183514, 
        "short_term_average": 186483
    }, 
    {
        "date": "2012-09-30", 
        "operating_revenue": 113952, 
        "accumulated_operating_revenue": 1582065, 
        "long_term_average": 175785, 
        "short_term_average": 166979
    }, 
    {
        "date": "2012-10-31", 
        "operating_revenue": 193231, 
        "accumulated_operating_revenue": 1775296, 
        "long_term_average": 177529, 
        "short_term_average": 172675
    }, 
    {
        "date": "2012-11-30", 
        "operating_revenue": 184005, 
        "accumulated_operating_revenue": 1959301, 
        "long_term_average": 178118, 
        "short_term_average": 163729
    }, 
    {
        "date": "2012-12-31", 
        "operating_revenue": 184810, 
        "accumulated_operating_revenue": 2144111, 
        "long_term_average": 178675, 
        "short_term_average": 187348
    }, 
    {
        "accumulated_operating_revenue_yoy": 72.8635767168338, 
        "accumulated_operating_revenue": 213407, 
        "long_term_average": 186172, 
        "date": "2013-01-31", 
        "operating_revenue": 213407, 
        "short_term_average": 194074
    }, 
    {
        "accumulated_operating_revenue_yoy": 5.468816546206531, 
        "accumulated_operating_revenue": 334314, 
        "long_term_average": 180120, 
        "date": "2013-02-28", 
        "operating_revenue": 120907, 
        "short_term_average": 173041
    }, 
    {
        "accumulated_operating_revenue_yoy": -1.9209689436818291, 
        "accumulated_operating_revenue": 525224, 
        "long_term_average": 177818, 
        "date": "2013-03-31", 
        "operating_revenue": 190910, 
        "short_term_average": 175074
    }, 
    {
        "accumulated_operating_revenue_yoy": 0.6943026056982337, 
        "accumulated_operating_revenue": 719781, 
        "long_term_average": 179089, 
        "date": "2013-04-30", 
        "operating_revenue": 194557, 
        "short_term_average": 168791
    }, 
    {
        "accumulated_operating_revenue_yoy": 1.0187495254016066, 
        "accumulated_operating_revenue": 917920, 
        "long_term_average": 179447, 
        "date": "2013-05-31", 
        "operating_revenue": 198139, 
        "short_term_average": 194535
    }, 
    {
        "accumulated_operating_revenue_yoy": -0.2667586694255162, 
        "accumulated_operating_revenue": 1078243, 
        "long_term_average": 178435, 
        "date": "2013-06-30", 
        "operating_revenue": 160323, 
        "short_term_average": 184339
    }, 
    {
        "accumulated_operating_revenue_yoy": -2.2344444709569142, 
        "accumulated_operating_revenue": 1229177, 
        "long_term_average": 176334, 
        "date": "2013-07-31", 
        "operating_revenue": 150934, 
        "short_term_average": 169798
    }, 
    {
        "accumulated_operating_revenue_yoy": -5.344820187546871, 
        "accumulated_operating_revenue": 1389645, 
        "long_term_average": 172136, 
        "date": "2013-08-31", 
        "operating_revenue": 160468, 
        "short_term_average": 157241
    }, 
    {
        "accumulated_operating_revenue_yoy": -2.528846792009178, 
        "accumulated_operating_revenue": 1542057, 
        "long_term_average": 175341, 
        "date": "2013-09-30", 
        "operating_revenue": 152412, 
        "short_term_average": 154604
    }, 
    {
        "accumulated_operating_revenue_yoy": -5.273261473016331, 
        "accumulated_operating_revenue": 1681680, 
        "long_term_average": 170874, 
        "date": "2013-10-31", 
        "operating_revenue": 139623, 
        "short_term_average": 150834
    }, 
    {
        "accumulated_operating_revenue_yoy": -6.272032730039948, 
        "accumulated_operating_revenue": 1836413, 
        "long_term_average": 168435, 
        "date": "2013-11-30", 
        "operating_revenue": 154733, 
        "short_term_average": 148922
    }, 
    {
        "accumulated_operating_revenue_yoy": -7.511085013788932, 
        "accumulated_operating_revenue": 1983065, 
        "long_term_average": 165255, 
        "date": "2013-12-31", 
        "operating_revenue": 146652, 
        "short_term_average": 147002
    }, 
    {
        "accumulated_operating_revenue_yoy": -44.3982624749891, 
        "accumulated_operating_revenue": 118658, 
        "long_term_average": 157359, 
        "date": "2014-01-31", 
        "operating_revenue": 118658, 
        "short_term_average": 140014
    }, 
    {
        "accumulated_operating_revenue_yoy": -41.4888398332107, 
        "accumulated_operating_revenue": 195611, 
        "long_term_average": 153696, 
        "date": "2014-02-28", 
        "operating_revenue": 76953, 
        "short_term_average": 114087
    }, 
    {
        "accumulated_operating_revenue_yoy": -38.77793093994181, 
        "accumulated_operating_revenue": 321553, 
        "long_term_average": 148282, 
        "date": "2014-03-31", 
        "operating_revenue": 125942, 
        "short_term_average": 107184
    }, 
    {
        "accumulated_operating_revenue_yoy": -38.18397540362972, 
        "accumulated_operating_revenue": 444940, 
        "long_term_average": 142352, 
        "date": "2014-04-30", 
        "operating_revenue": 123387, 
        "short_term_average": 108760
    }, 
    {
        "accumulated_operating_revenue_yoy": -38.21324298413805, 
        "accumulated_operating_revenue": 567153, 
        "long_term_average": 136024, 
        "date": "2014-05-31", 
        "operating_revenue": 122213, 
        "short_term_average": 123847
    }, 
    {
        "accumulated_operating_revenue_yoy": -38.20270569806621, 
        "accumulated_operating_revenue": 666325, 
        "long_term_average": 130928, 
        "date": "2014-06-30", 
        "operating_revenue": 99172, 
        "short_term_average": 114924
    }, 
    {
        "accumulated_operating_revenue_yoy": -35.445179986283506, 
        "accumulated_operating_revenue": 793493, 
        "long_term_average": 128948, 
        "date": "2014-07-31", 
        "operating_revenue": 127168, 
        "short_term_average": 116184
    }, 
    {
        "accumulated_operating_revenue_yoy": -35.80266902698171, 
        "accumulated_operating_revenue": 892115, 
        "long_term_average": 123794, 
        "date": "2014-08-31", 
        "operating_revenue": 98622, 
        "short_term_average": 108320
    }, 
    {
        "accumulated_operating_revenue_yoy": -36.20547100399013, 
        "accumulated_operating_revenue": 983748, 
        "long_term_average": 118729, 
        "date": "2014-09-30", 
        "operating_revenue": 91633, 
        "short_term_average": 105807
    }, 
    {
        "accumulated_operating_revenue_yoy": -36.28080253080253, 
        "accumulated_operating_revenue": 1071553, 
        "long_term_average": 114411, 
        "date": "2014-10-31", 
        "operating_revenue": 87805, 
        "short_term_average": 92686
    }, 
    {
        "accumulated_operating_revenue_yoy": -35.786884540677946, 
        "accumulated_operating_revenue": 1179218, 
        "long_term_average": 110489, 
        "date": "2014-11-30", 
        "operating_revenue": 107665, 
        "short_term_average": 95701
    }, 
    {
        "accumulated_operating_revenue_yoy": -35.266519251764315, 
        "accumulated_operating_revenue": 1283707, 
        "long_term_average": 106975, 
        "date": "2014-12-31", 
        "operating_revenue": 104489, 
        "short_term_average": 99986
    }, 
    {
        "accumulated_operating_revenue_yoy": -10.070960238669116, 
        "accumulated_operating_revenue": 106708, 
        "long_term_average": 105979, 
        "date": "2015-01-31", 
        "operating_revenue": 106708, 
        "short_term_average": 106287
    }, 
    {
        "accumulated_operating_revenue_yoy": -16.967859680692804, 
        "accumulated_operating_revenue": 162420, 
        "long_term_average": 104209, 
        "date": "2015-02-28", 
        "operating_revenue": 55712, 
        "short_term_average": 88969
    }, 
    {
        "accumulated_operating_revenue_yoy": -19.417327781112288, 
        "accumulated_operating_revenue": 259116, 
        "long_term_average": 101772, 
        "date": "2015-03-31", 
        "operating_revenue": 96696, 
        "short_term_average": 86372
    }, 
    {
        "accumulated_operating_revenue_yoy": -16.632579673663862, 
        "accumulated_operating_revenue": 370935, 
        "long_term_average": 100808, 
        "date": "2015-04-30", 
        "operating_revenue": 111819, 
        "short_term_average": 88075
    }, 
    {
        "accumulated_operating_revenue_yoy": -16.592524415810196, 
        "accumulated_operating_revenue": 473048, 
        "long_term_average": 99133, 
        "date": "2015-05-31", 
        "operating_revenue": 102113, 
        "short_term_average": 103542
    }, 
    {
        "accumulated_operating_revenue_yoy": -17.034930401830938, 
        "accumulated_operating_revenue": 552817, 
        "long_term_average": 97516, 
        "date": "2015-06-30", 
        "operating_revenue": 79769, 
        "short_term_average": 97900
    }, 
    {
        "accumulated_operating_revenue_yoy": -19.03961345594731, 
        "accumulated_operating_revenue": 642415, 
        "long_term_average": 94385, 
        "date": "2015-07-31", 
        "operating_revenue": 89598, 
        "short_term_average": 90493
    }, 
    {
        "accumulated_operating_revenue_yoy": -18.413321152541993, 
        "accumulated_operating_revenue": 727847, 
        "long_term_average": 93286, 
        "date": "2015-08-31", 
        "operating_revenue": 85432, 
        "short_term_average": 84933
    }
]