[
    {
        "date": "2011-09-30", 
        "operating_revenue": 484570, 
        "accumulated_operating_revenue": 484570, 
        "long_term_average": 484570, 
        "short_term_average": 484570
    }, 
    {
        "date": "2011-10-31", 
        "operating_revenue": 449911, 
        "accumulated_operating_revenue": 934481, 
        "long_term_average": 467240, 
        "short_term_average": 467240
    }, 
    {
        "date": "2011-11-30", 
        "operating_revenue": 457738, 
        "accumulated_operating_revenue": 1392219, 
        "long_term_average": 464073, 
        "short_term_average": 464073
    }, 
    {
        "date": "2011-12-31", 
        "operating_revenue": 435959, 
        "accumulated_operating_revenue": 1828178, 
        "long_term_average": 457044, 
        "short_term_average": 447869
    }, 
    {
        "date": "2012-01-31", 
        "operating_revenue": 384979, 
        "accumulated_operating_revenue": 384979, 
        "long_term_average": 442631, 
        "short_term_average": 426225
    }, 
    {
        "date": "2012-02-29", 
        "operating_revenue": 460486, 
        "accumulated_operating_revenue": 845465, 
        "long_term_average": 445607, 
        "short_term_average": 427141
    }, 
    {
        "date": "2012-03-31", 
        "operating_revenue": 512966, 
        "accumulated_operating_revenue": 1358431, 
        "long_term_average": 455229, 
        "short_term_average": 452810
    }, 
    {
        "date": "2012-04-30", 
        "operating_revenue": 413269, 
        "accumulated_operating_revenue": 1771700, 
        "long_term_average": 449984, 
        "short_term_average": 462240
    }, 
    {
        "date": "2012-05-31", 
        "operating_revenue": 415555, 
        "accumulated_operating_revenue": 2187255, 
        "long_term_average": 446159, 
        "short_term_average": 447263
    }, 
    {
        "date": "2012-06-30", 
        "operating_revenue": 467475, 
        "accumulated_operating_revenue": 2654730, 
        "long_term_average": 448290, 
        "short_term_average": 432099
    }, 
    {
        "date": "2012-07-31", 
        "operating_revenue": 450712, 
        "accumulated_operating_revenue": 3105442, 
        "long_term_average": 448510, 
        "short_term_average": 444580
    }, 
    {
        "date": "2012-08-31", 
        "operating_revenue": 463191, 
        "accumulated_operating_revenue": 3568633, 
        "long_term_average": 449734, 
        "short_term_average": 460459
    }, 
    {
        "accumulated_operating_revenue_yoy": 720.3411271849268, 
        "accumulated_operating_revenue": 3975127, 
        "long_term_average": 443227, 
        "date": "2012-09-30", 
        "operating_revenue": 406494, 
        "short_term_average": 440132
    }, 
    {
        "accumulated_operating_revenue_yoy": 370.58356456685584, 
        "accumulated_operating_revenue": 4397514, 
        "long_term_average": 440934, 
        "date": "2012-10-31", 
        "operating_revenue": 422387, 
        "short_term_average": 430690
    }, 
    {
        "accumulated_operating_revenue_yoy": 250.13586224581047, 
        "accumulated_operating_revenue": 4874658, 
        "long_term_average": 442551, 
        "date": "2012-11-30", 
        "operating_revenue": 477144, 
        "short_term_average": 435341
    }, 
    {
        "accumulated_operating_revenue_yoy": 192.80666324613904, 
        "accumulated_operating_revenue": 5353027, 
        "long_term_average": 446085, 
        "date": "2012-12-31", 
        "operating_revenue": 478369, 
        "short_term_average": 459300
    }, 
    {
        "accumulated_operating_revenue_yoy": 13.936864088690552, 
        "accumulated_operating_revenue": 438633, 
        "long_term_average": 450556, 
        "date": "2013-01-31", 
        "operating_revenue": 438633, 
        "short_term_average": 464715
    }, 
    {
        "accumulated_operating_revenue_yoy": -8.930233658400999, 
        "accumulated_operating_revenue": 769963, 
        "long_term_average": 439793, 
        "date": "2013-02-28", 
        "operating_revenue": 331330, 
        "short_term_average": 416110
    }, 
    {
        "accumulated_operating_revenue_yoy": -5.533000940055108, 
        "accumulated_operating_revenue": 1283269, 
        "long_term_average": 439822, 
        "date": "2013-03-31", 
        "operating_revenue": 513306, 
        "short_term_average": 427756
    }, 
    {
        "accumulated_operating_revenue_yoy": 1.3587514816278152, 
        "accumulated_operating_revenue": 1795773, 
        "long_term_average": 448091, 
        "date": "2013-04-30", 
        "operating_revenue": 512504, 
        "short_term_average": 452380
    }, 
    {
        "accumulated_operating_revenue_yoy": 6.230046336618273, 
        "accumulated_operating_revenue": 2323522, 
        "long_term_average": 457441, 
        "date": "2013-05-31", 
        "operating_revenue": 527749, 
        "short_term_average": 517853
    }, 
    {
        "accumulated_operating_revenue_yoy": 7.207926983158362, 
        "accumulated_operating_revenue": 2846081, 
        "long_term_average": 462031, 
        "date": "2013-06-30", 
        "operating_revenue": 522559, 
        "short_term_average": 520937
    }, 
    {
        "accumulated_operating_revenue_yoy": 9.840853572534925, 
        "accumulated_operating_revenue": 3411044, 
        "long_term_average": 471552, 
        "date": "2013-07-31", 
        "operating_revenue": 564963, 
        "short_term_average": 538423
    }, 
    {
        "accumulated_operating_revenue_yoy": 11.146621129155058, 
        "accumulated_operating_revenue": 3966415, 
        "long_term_average": 479234, 
        "date": "2013-08-31", 
        "operating_revenue": 555371, 
        "short_term_average": 547631
    }, 
    {
        "accumulated_operating_revenue_yoy": 12.439149742888718, 
        "accumulated_operating_revenue": 4469599, 
        "long_term_average": 487291, 
        "date": "2013-09-30", 
        "operating_revenue": 503184, 
        "short_term_average": 541172
    }, 
    {
        "accumulated_operating_revenue_yoy": 12.897946430642405, 
        "accumulated_operating_revenue": 4964703, 
        "long_term_average": 493351, 
        "date": "2013-10-31", 
        "operating_revenue": 495104, 
        "short_term_average": 517886
    }, 
    {
        "accumulated_operating_revenue_yoy": 12.101361777585218, 
        "accumulated_operating_revenue": 5464558, 
        "long_term_average": 495243, 
        "date": "2013-11-30", 
        "operating_revenue": 499855, 
        "short_term_average": 499381
    }, 
    {
        "accumulated_operating_revenue_yoy": 10.739904730538441, 
        "accumulated_operating_revenue": 5927937, 
        "long_term_average": 493994, 
        "date": "2013-12-31", 
        "operating_revenue": 463379, 
        "short_term_average": 486112
    }, 
    {
        "accumulated_operating_revenue_yoy": 10.425344194349261, 
        "accumulated_operating_revenue": 484362, 
        "long_term_average": 497805, 
        "date": "2014-01-31", 
        "operating_revenue": 484362, 
        "short_term_average": 482532
    }, 
    {
        "accumulated_operating_revenue_yoy": 14.320038755109014, 
        "accumulated_operating_revenue": 880222, 
        "long_term_average": 503183, 
        "date": "2014-02-28", 
        "operating_revenue": 395860, 
        "short_term_average": 447867
    }, 
    {
        "accumulated_operating_revenue_yoy": 8.921044613405295, 
        "accumulated_operating_revenue": 1397750, 
        "long_term_average": 503534, 
        "date": "2014-03-31", 
        "operating_revenue": 517528, 
        "short_term_average": 465916
    }, 
    {
        "accumulated_operating_revenue_yoy": 4.666792517762546, 
        "accumulated_operating_revenue": 1879578, 
        "long_term_average": 500978, 
        "date": "2014-04-30", 
        "operating_revenue": 481828, 
        "short_term_average": 465072
    }, 
    {
        "accumulated_operating_revenue_yoy": 3.6300065159701522, 
        "accumulated_operating_revenue": 2407866, 
        "long_term_average": 501023, 
        "date": "2014-05-31", 
        "operating_revenue": 528288, 
        "short_term_average": 509214
    }, 
    {
        "accumulated_operating_revenue_yoy": 3.245058731638348, 
        "accumulated_operating_revenue": 2938438, 
        "long_term_average": 501691, 
        "date": "2014-06-30", 
        "operating_revenue": 530572, 
        "short_term_average": 513562
    }, 
    {
        "accumulated_operating_revenue_yoy": 1.4409078276328302, 
        "accumulated_operating_revenue": 3460194, 
        "long_term_average": 498090, 
        "date": "2014-07-31", 
        "operating_revenue": 521756, 
        "short_term_average": 526872
    }, 
    {
        "accumulated_operating_revenue_yoy": 0.03267434194354348, 
        "accumulated_operating_revenue": 3967711, 
        "long_term_average": 494102, 
        "date": "2014-08-31", 
        "operating_revenue": 507517, 
        "short_term_average": 519948
    }, 
    {
        "accumulated_operating_revenue_yoy": 1.405942680763979, 
        "accumulated_operating_revenue": 4532439, 
        "long_term_average": 499231, 
        "date": "2014-09-30", 
        "operating_revenue": 564728, 
        "short_term_average": 531333
    }, 
    {
        "accumulated_operating_revenue_yoy": 2.1121706575398367, 
        "accumulated_operating_revenue": 5069566, 
        "long_term_average": 502733, 
        "date": "2014-10-31", 
        "operating_revenue": 537127, 
        "short_term_average": 536457
    }, 
    {
        "accumulated_operating_revenue_yoy": 2.29337853125541, 
        "accumulated_operating_revenue": 5589881, 
        "long_term_average": 504438, 
        "date": "2014-11-30", 
        "operating_revenue": 520315, 
        "short_term_average": 540723
    }, 
    {
        "accumulated_operating_revenue_yoy": 4.079901658873905, 
        "accumulated_operating_revenue": 6169791, 
        "long_term_average": 514149, 
        "date": "2014-12-31", 
        "operating_revenue": 579910, 
        "short_term_average": 545784
    }, 
    {
        "accumulated_operating_revenue_yoy": 18.442817562071344, 
        "accumulated_operating_revenue": 573692, 
        "long_term_average": 521593, 
        "date": "2015-01-31", 
        "operating_revenue": 573692, 
        "short_term_average": 557972
    }, 
    {
        "accumulated_operating_revenue_yoy": 13.222687003960365, 
        "accumulated_operating_revenue": 996611, 
        "long_term_average": 523848, 
        "date": "2015-02-28", 
        "operating_revenue": 422919, 
        "short_term_average": 525507
    }, 
    {
        "accumulated_operating_revenue_yoy": 10.252763369701306, 
        "accumulated_operating_revenue": 1541058, 
        "long_term_average": 526091, 
        "date": "2015-03-31", 
        "operating_revenue": 544447, 
        "short_term_average": 513686
    }, 
    {
        "accumulated_operating_revenue_yoy": 14.158231262549359, 
        "accumulated_operating_revenue": 2145693, 
        "long_term_average": 536325, 
        "date": "2015-04-30", 
        "operating_revenue": 604635, 
        "short_term_average": 524000
    }, 
    {
        "accumulated_operating_revenue_yoy": 10.219007203889253, 
        "accumulated_operating_revenue": 2653926, 
        "long_term_average": 534654, 
        "date": "2015-05-31", 
        "operating_revenue": 508233, 
        "short_term_average": 552438
    }, 
    {
        "accumulated_operating_revenue_yoy": 10.061025619734023, 
        "accumulated_operating_revenue": 3234075, 
        "long_term_average": 538785, 
        "date": "2015-06-30", 
        "operating_revenue": 580149, 
        "short_term_average": 564339
    }, 
    {
        "accumulated_operating_revenue_yoy": 9.663620016681145, 
        "accumulated_operating_revenue": 3794574, 
        "long_term_average": 542014, 
        "date": "2015-07-31", 
        "operating_revenue": 560499, 
        "short_term_average": 549627
    }, 
    {
        "accumulated_operating_revenue_yoy": 9.844971067701252, 
        "accumulated_operating_revenue": 4358331, 
        "long_term_average": 546700, 
        "date": "2015-08-31", 
        "operating_revenue": 563757, 
        "short_term_average": 568135
    }, 
    {
        "accumulated_operating_revenue_yoy": 8.867190490594579, 
        "accumulated_operating_revenue": 4934339, 
        "long_term_average": 547640, 
        "date": "2015-09-30", 
        "operating_revenue": 576008, 
        "short_term_average": 566754
    }
]