[
    {
        "date": "2012-01-31", 
        "operating_revenue": 28821, 
        "accumulated_operating_revenue": 28821, 
        "long_term_average": 28821, 
        "short_term_average": 28821
    }, 
    {
        "date": "2012-02-29", 
        "operating_revenue": 43461, 
        "accumulated_operating_revenue": 72282, 
        "long_term_average": 36141, 
        "short_term_average": 36141
    }, 
    {
        "date": "2012-03-31", 
        "operating_revenue": 57642, 
        "accumulated_operating_revenue": 129924, 
        "long_term_average": 43308, 
        "short_term_average": 43308
    }, 
    {
        "date": "2012-04-30", 
        "operating_revenue": 49814, 
        "accumulated_operating_revenue": 179738, 
        "long_term_average": 44934, 
        "short_term_average": 50305
    }, 
    {
        "date": "2012-05-31", 
        "operating_revenue": 78810, 
        "accumulated_operating_revenue": 258548, 
        "long_term_average": 51709, 
        "short_term_average": 62088
    }, 
    {
        "date": "2012-06-30", 
        "operating_revenue": 73363, 
        "accumulated_operating_revenue": 331911, 
        "long_term_average": 55318, 
        "short_term_average": 67329
    }, 
    {
        "date": "2012-07-31", 
        "operating_revenue": 59613, 
        "accumulated_operating_revenue": 391524, 
        "long_term_average": 55932, 
        "short_term_average": 70595
    }, 
    {
        "date": "2012-08-31", 
        "operating_revenue": 63640, 
        "accumulated_operating_revenue": 455164, 
        "long_term_average": 56895, 
        "short_term_average": 65538
    }, 
    {
        "date": "2012-09-30", 
        "operating_revenue": 71689, 
        "accumulated_operating_revenue": 526853, 
        "long_term_average": 58539, 
        "short_term_average": 64980
    }, 
    {
        "date": "2012-10-31", 
        "operating_revenue": 65521, 
        "accumulated_operating_revenue": 592374, 
        "long_term_average": 59237, 
        "short_term_average": 66950
    }, 
    {
        "date": "2012-11-30", 
        "operating_revenue": 46988, 
        "accumulated_operating_revenue": 639362, 
        "long_term_average": 58123, 
        "short_term_average": 61399
    }, 
    {
        "date": "2012-12-31", 
        "operating_revenue": 52426, 
        "accumulated_operating_revenue": 691788, 
        "long_term_average": 57649, 
        "short_term_average": 54978
    }, 
    {
        "accumulated_operating_revenue_yoy": 58.911904514069604, 
        "accumulated_operating_revenue": 45800, 
        "long_term_average": 59063, 
        "date": "2013-01-31", 
        "operating_revenue": 45800, 
        "short_term_average": 48404
    }, 
    {
        "accumulated_operating_revenue_yoy": 5.7607703162613095, 
        "accumulated_operating_revenue": 76446, 
        "long_term_average": 57996, 
        "date": "2013-02-28", 
        "operating_revenue": 30646, 
        "short_term_average": 42957
    }, 
    {
        "accumulated_operating_revenue_yoy": 0.030787229457221146, 
        "accumulated_operating_revenue": 129964, 
        "long_term_average": 57652, 
        "date": "2013-03-31", 
        "operating_revenue": 53518, 
        "short_term_average": 43321
    }, 
    {
        "accumulated_operating_revenue_yoy": 2.7117248439395123, 
        "accumulated_operating_revenue": 184612, 
        "long_term_average": 58055, 
        "date": "2013-04-30", 
        "operating_revenue": 54648, 
        "short_term_average": 46270
    }, 
    {
        "accumulated_operating_revenue_yoy": -12.658384516608134, 
        "accumulated_operating_revenue": 225820, 
        "long_term_average": 54921, 
        "date": "2013-05-31", 
        "operating_revenue": 41208, 
        "short_term_average": 49791
    }, 
    {
        "accumulated_operating_revenue_yoy": -18.8797599356454, 
        "accumulated_operating_revenue": 269247, 
        "long_term_average": 52427, 
        "date": "2013-06-30", 
        "operating_revenue": 43427, 
        "short_term_average": 46427
    }, 
    {
        "accumulated_operating_revenue_yoy": -14.733451844586796, 
        "accumulated_operating_revenue": 333839, 
        "long_term_average": 52841, 
        "date": "2013-07-31", 
        "operating_revenue": 64592, 
        "short_term_average": 49742
    }, 
    {
        "accumulated_operating_revenue_yoy": -14.03603975709854, 
        "accumulated_operating_revenue": 391277, 
        "long_term_average": 52325, 
        "date": "2013-08-31", 
        "operating_revenue": 57438, 
        "short_term_average": 55152
    }, 
    {
        "accumulated_operating_revenue_yoy": -17.062823975568136, 
        "accumulated_operating_revenue": 436957, 
        "long_term_average": 50157, 
        "date": "2013-09-30", 
        "operating_revenue": 45680, 
        "short_term_average": 55903
    }, 
    {
        "accumulated_operating_revenue_yoy": -18.231387603102096, 
        "accumulated_operating_revenue": 484376, 
        "long_term_average": 48649, 
        "date": "2013-10-31", 
        "operating_revenue": 47419, 
        "short_term_average": 50179
    }, 
    {
        "accumulated_operating_revenue_yoy": -18.399592093368074, 
        "accumulated_operating_revenue": 521722, 
        "long_term_average": 47845, 
        "date": "2013-11-30", 
        "operating_revenue": 37346, 
        "short_term_average": 43481
    }, 
    {
        "accumulated_operating_revenue_yoy": -19.799996530729068, 
        "accumulated_operating_revenue": 554814, 
        "long_term_average": 46234, 
        "date": "2013-12-31", 
        "operating_revenue": 33092, 
        "short_term_average": 39285
    }, 
    {
        "accumulated_operating_revenue_yoy": 24.048034934497817, 
        "accumulated_operating_revenue": 56814, 
        "long_term_average": 47152, 
        "date": "2014-01-31", 
        "operating_revenue": 56814, 
        "short_term_average": 42417
    }, 
    {
        "accumulated_operating_revenue_yoy": 19.370536064673104, 
        "accumulated_operating_revenue": 91254, 
        "long_term_average": 47468, 
        "date": "2014-02-28", 
        "operating_revenue": 34440, 
        "short_term_average": 41448
    }, 
    {
        "accumulated_operating_revenue_yoy": 19.592348650395493, 
        "accumulated_operating_revenue": 155427, 
        "long_term_average": 48356, 
        "date": "2014-03-31", 
        "operating_revenue": 64173, 
        "short_term_average": 51809
    }, 
    {
        "accumulated_operating_revenue_yoy": 8.313110740363573, 
        "accumulated_operating_revenue": 199959, 
        "long_term_average": 47513, 
        "date": "2014-04-30", 
        "operating_revenue": 44532, 
        "short_term_average": 47715
    }, 
    {
        "accumulated_operating_revenue_yoy": 10.649189620051368, 
        "accumulated_operating_revenue": 249868, 
        "long_term_average": 48238, 
        "date": "2014-05-31", 
        "operating_revenue": 49909, 
        "short_term_average": 52871
    }, 
    {
        "accumulated_operating_revenue_yoy": 14.020211924366846, 
        "accumulated_operating_revenue": 306996, 
        "long_term_average": 49380, 
        "date": "2014-06-30", 
        "operating_revenue": 57128, 
        "short_term_average": 50523
    }, 
    {
        "accumulated_operating_revenue_yoy": 17.240346394519516, 
        "accumulated_operating_revenue": 391394, 
        "long_term_average": 51030, 
        "date": "2014-07-31", 
        "operating_revenue": 84398, 
        "short_term_average": 63811
    }, 
    {
        "accumulated_operating_revenue_yoy": 18.16845866227762, 
        "accumulated_operating_revenue": 462366, 
        "long_term_average": 52158, 
        "date": "2014-08-31", 
        "operating_revenue": 70972, 
        "short_term_average": 70832
    }, 
    {
        "accumulated_operating_revenue_yoy": 21.525916737802575, 
        "accumulated_operating_revenue": 531016, 
        "long_term_average": 54072, 
        "date": "2014-09-30", 
        "operating_revenue": 68650, 
        "short_term_average": 74673
    }, 
    {
        "accumulated_operating_revenue_yoy": 23.793499265033777, 
        "accumulated_operating_revenue": 599626, 
        "long_term_average": 55838, 
        "date": "2014-10-31", 
        "operating_revenue": 68610, 
        "short_term_average": 69410
    }, 
    {
        "accumulated_operating_revenue_yoy": 22.56853266682256, 
        "accumulated_operating_revenue": 639467, 
        "long_term_average": 56046, 
        "date": "2014-11-30", 
        "operating_revenue": 39841, 
        "short_term_average": 59033
    }, 
    {
        "accumulated_operating_revenue_yoy": 26.782309026088026, 
        "accumulated_operating_revenue": 703406, 
        "long_term_average": 58617, 
        "date": "2014-12-31", 
        "operating_revenue": 63939, 
        "short_term_average": 57463
    }, 
    {
        "accumulated_operating_revenue_yoy": -8.328933009469496, 
        "accumulated_operating_revenue": 52082, 
        "long_term_average": 58222, 
        "date": "2015-01-31", 
        "operating_revenue": 52082, 
        "short_term_average": 51954
    }, 
    {
        "accumulated_operating_revenue_yoy": -12.332610077366471, 
        "accumulated_operating_revenue": 80000, 
        "long_term_average": 57679, 
        "date": "2015-02-28", 
        "operating_revenue": 27918, 
        "short_term_average": 47979
    }, 
    {
        "accumulated_operating_revenue_yoy": -13.77559883417939, 
        "accumulated_operating_revenue": 134016, 
        "long_term_average": 56832, 
        "date": "2015-03-31", 
        "operating_revenue": 54016, 
        "short_term_average": 44672
    }, 
    {
        "accumulated_operating_revenue_yoy": -10.757705329592566, 
        "accumulated_operating_revenue": 178448, 
        "long_term_average": 56824, 
        "date": "2015-04-30", 
        "operating_revenue": 44432, 
        "short_term_average": 42122
    }, 
    {
        "accumulated_operating_revenue_yoy": -3.9492852225975317, 
        "accumulated_operating_revenue": 240000, 
        "long_term_average": 57794, 
        "date": "2015-05-31", 
        "operating_revenue": 61552, 
        "short_term_average": 53333
    }, 
    {
        "accumulated_operating_revenue_yoy": -3.069421099949185, 
        "accumulated_operating_revenue": 297573, 
        "long_term_average": 57831, 
        "date": "2015-06-30", 
        "operating_revenue": 57573, 
        "short_term_average": 54519
    }, 
    {
        "accumulated_operating_revenue_yoy": -4.720051916994128, 
        "accumulated_operating_revenue": 372920, 
        "long_term_average": 57077, 
        "date": "2015-07-31", 
        "operating_revenue": 75347, 
        "short_term_average": 64824
    }, 
    {
        "accumulated_operating_revenue_yoy": -6.488582637996738, 
        "accumulated_operating_revenue": 432365, 
        "long_term_average": 56117, 
        "date": "2015-08-31", 
        "operating_revenue": 59445, 
        "short_term_average": 64121
    }, 
    {
        "accumulated_operating_revenue_yoy": -8.689003721168477, 
        "accumulated_operating_revenue": 484876, 
        "long_term_average": 54772, 
        "date": "2015-09-30", 
        "operating_revenue": 52511, 
        "short_term_average": 62434
    }
]