[
    {
        "date": "2012-01-31", 
        "operating_revenue": 183123, 
        "accumulated_operating_revenue": 183123, 
        "long_term_average": 183123, 
        "short_term_average": 183123
    }, 
    {
        "date": "2012-02-29", 
        "operating_revenue": 309200, 
        "accumulated_operating_revenue": 492323, 
        "long_term_average": 246161, 
        "short_term_average": 246161
    }, 
    {
        "date": "2012-03-31", 
        "operating_revenue": 357619, 
        "accumulated_operating_revenue": 849942, 
        "long_term_average": 283314, 
        "short_term_average": 283314
    }, 
    {
        "date": "2012-04-30", 
        "operating_revenue": 273592, 
        "accumulated_operating_revenue": 1123534, 
        "long_term_average": 280883, 
        "short_term_average": 313470
    }, 
    {
        "date": "2012-05-31", 
        "operating_revenue": 299445, 
        "accumulated_operating_revenue": 1422979, 
        "long_term_average": 284595, 
        "short_term_average": 310218
    }, 
    {
        "date": "2012-06-30", 
        "operating_revenue": 272569, 
        "accumulated_operating_revenue": 1695548, 
        "long_term_average": 282591, 
        "short_term_average": 281868
    }, 
    {
        "date": "2012-07-31", 
        "operating_revenue": 216730, 
        "accumulated_operating_revenue": 1912278, 
        "long_term_average": 273182, 
        "short_term_average": 262914
    }, 
    {
        "date": "2012-08-31", 
        "operating_revenue": 261386, 
        "accumulated_operating_revenue": 2173664, 
        "long_term_average": 271708, 
        "short_term_average": 250228
    }, 
    {
        "date": "2012-09-30", 
        "operating_revenue": 184844, 
        "accumulated_operating_revenue": 2358508, 
        "long_term_average": 262056, 
        "short_term_average": 220986
    }, 
    {
        "date": "2012-10-31", 
        "operating_revenue": 225917, 
        "accumulated_operating_revenue": 2584425, 
        "long_term_average": 258442, 
        "short_term_average": 224049
    }, 
    {
        "date": "2012-11-30", 
        "operating_revenue": 201361, 
        "accumulated_operating_revenue": 2785786, 
        "long_term_average": 253253, 
        "short_term_average": 204040
    }, 
    {
        "date": "2012-12-31", 
        "operating_revenue": 211981, 
        "accumulated_operating_revenue": 2997767, 
        "long_term_average": 249813, 
        "short_term_average": 213086
    }, 
    {
        "accumulated_operating_revenue_yoy": 55.885388509362556, 
        "accumulated_operating_revenue": 285462, 
        "long_term_average": 258342, 
        "date": "2013-01-31", 
        "operating_revenue": 285462, 
        "short_term_average": 232934
    }, 
    {
        "accumulated_operating_revenue_yoy": -5.830318713527501, 
        "accumulated_operating_revenue": 463619, 
        "long_term_average": 247421, 
        "date": "2013-02-28", 
        "operating_revenue": 178157, 
        "short_term_average": 225200
    }, 
    {
        "accumulated_operating_revenue_yoy": -14.048723324650389, 
        "accumulated_operating_revenue": 730536, 
        "long_term_average": 239863, 
        "date": "2013-03-31", 
        "operating_revenue": 266917, 
        "short_term_average": 243512
    }, 
    {
        "accumulated_operating_revenue_yoy": -13.899623865410394, 
        "accumulated_operating_revenue": 967367, 
        "long_term_average": 236800, 
        "date": "2013-04-30", 
        "operating_revenue": 236831, 
        "short_term_average": 227301
    }, 
    {
        "accumulated_operating_revenue_yoy": -14.171045391393688, 
        "accumulated_operating_revenue": 1221328, 
        "long_term_average": 233009, 
        "date": "2013-05-31", 
        "operating_revenue": 253961, 
        "short_term_average": 252569
    }, 
    {
        "accumulated_operating_revenue_yoy": -15.019274004628592, 
        "accumulated_operating_revenue": 1440889, 
        "long_term_average": 228592, 
        "date": "2013-06-30", 
        "operating_revenue": 219561, 
        "short_term_average": 236784
    }, 
    {
        "accumulated_operating_revenue_yoy": -11.749912931069646, 
        "accumulated_operating_revenue": 1687587, 
        "long_term_average": 231089, 
        "date": "2013-07-31", 
        "operating_revenue": 246698, 
        "short_term_average": 240073
    }, 
    {
        "accumulated_operating_revenue_yoy": -11.66362418478661, 
        "accumulated_operating_revenue": 1920136, 
        "long_term_average": 228686, 
        "date": "2013-08-31", 
        "operating_revenue": 232549, 
        "short_term_average": 232936
    }, 
    {
        "accumulated_operating_revenue_yoy": -9.982539809065731, 
        "accumulated_operating_revenue": 2123069, 
        "long_term_average": 230194, 
        "date": "2013-09-30", 
        "operating_revenue": 202933, 
        "short_term_average": 227393
    }, 
    {
        "accumulated_operating_revenue_yoy": -8.216489161031951, 
        "accumulated_operating_revenue": 2372076, 
        "long_term_average": 232118, 
        "date": "2013-10-31", 
        "operating_revenue": 249007, 
        "short_term_average": 228163
    }, 
    {
        "accumulated_operating_revenue_yoy": -6.058792742874004, 
        "accumulated_operating_revenue": 2617001, 
        "long_term_average": 235748, 
        "date": "2013-11-30", 
        "operating_revenue": 244925, 
        "short_term_average": 232288
    }, 
    {
        "accumulated_operating_revenue_yoy": -5.057564513853144, 
        "accumulated_operating_revenue": 2846153, 
        "long_term_average": 237179, 
        "date": "2013-12-31", 
        "operating_revenue": 229152, 
        "short_term_average": 241028
    }, 
    {
        "accumulated_operating_revenue_yoy": -27.568993421190914, 
        "accumulated_operating_revenue": 206763, 
        "long_term_average": 230621, 
        "date": "2014-01-31", 
        "operating_revenue": 206763, 
        "short_term_average": 226946
    }, 
    {
        "accumulated_operating_revenue_yoy": -10.968704906399436, 
        "accumulated_operating_revenue": 412766, 
        "long_term_average": 232941, 
        "date": "2014-02-28", 
        "operating_revenue": 206003, 
        "short_term_average": 213972
    }, 
    {
        "accumulated_operating_revenue_yoy": -11.62748995258276, 
        "accumulated_operating_revenue": 645593, 
        "long_term_average": 230100, 
        "date": "2014-03-31", 
        "operating_revenue": 232827, 
        "short_term_average": 215197
    }, 
    {
        "accumulated_operating_revenue_yoy": -9.184104895039836, 
        "accumulated_operating_revenue": 878523, 
        "long_term_average": 229775, 
        "date": "2014-04-30", 
        "operating_revenue": 232930, 
        "short_term_average": 223920
    }, 
    {
        "accumulated_operating_revenue_yoy": -6.438810868169729, 
        "accumulated_operating_revenue": 1142689, 
        "long_term_average": 230626, 
        "date": "2014-05-31", 
        "operating_revenue": 264166, 
        "short_term_average": 243307
    }, 
    {
        "accumulated_operating_revenue_yoy": -4.103924729802226, 
        "accumulated_operating_revenue": 1381756, 
        "long_term_average": 232251, 
        "date": "2014-06-30", 
        "operating_revenue": 239067, 
        "short_term_average": 245387
    }, 
    {
        "accumulated_operating_revenue_yoy": -3.4734209258544895, 
        "accumulated_operating_revenue": 1628970, 
        "long_term_average": 232294, 
        "date": "2014-07-31", 
        "operating_revenue": 247214, 
        "short_term_average": 250149
    }, 
    {
        "accumulated_operating_revenue_yoy": -3.4412666602782305, 
        "accumulated_operating_revenue": 1854059, 
        "long_term_average": 231673, 
        "date": "2014-08-31", 
        "operating_revenue": 225089, 
        "short_term_average": 237123
    }, 
    {
        "accumulated_operating_revenue_yoy": -1.4902012134320646, 
        "accumulated_operating_revenue": 2091431, 
        "long_term_average": 234542, 
        "date": "2014-09-30", 
        "operating_revenue": 237372, 
        "short_term_average": 236558
    }, 
    {
        "accumulated_operating_revenue_yoy": -1.0696537547700833, 
        "accumulated_operating_revenue": 2346703, 
        "long_term_average": 235065, 
        "date": "2014-10-31", 
        "operating_revenue": 255272, 
        "short_term_average": 239244
    }, 
    {
        "accumulated_operating_revenue_yoy": -1.931714966864743, 
        "accumulated_operating_revenue": 2566448, 
        "long_term_average": 232966, 
        "date": "2014-11-30", 
        "operating_revenue": 219745, 
        "short_term_average": 237463
    }, 
    {
        "accumulated_operating_revenue_yoy": -1.624719401943606, 
        "accumulated_operating_revenue": 2799911, 
        "long_term_average": 233325, 
        "date": "2014-12-31", 
        "operating_revenue": 233463, 
        "short_term_average": 236160
    }, 
    {
        "accumulated_operating_revenue_yoy": 8.86135333691231, 
        "accumulated_operating_revenue": 225085, 
        "long_term_average": 234852, 
        "date": "2015-01-31", 
        "operating_revenue": 225085, 
        "short_term_average": 226097
    }, 
    {
        "accumulated_operating_revenue_yoy": -8.622560966746292, 
        "accumulated_operating_revenue": 377175, 
        "long_term_average": 230360, 
        "date": "2015-02-28", 
        "operating_revenue": 152090, 
        "short_term_average": 203546
    }, 
    {
        "accumulated_operating_revenue_yoy": -4.453270094316388, 
        "accumulated_operating_revenue": 616843, 
        "long_term_average": 230930, 
        "date": "2015-03-31", 
        "operating_revenue": 239668, 
        "short_term_average": 205614
    }, 
    {
        "accumulated_operating_revenue_yoy": -1.2845423511962692, 
        "accumulated_operating_revenue": 867238, 
        "long_term_average": 232385, 
        "date": "2015-04-30", 
        "operating_revenue": 250395, 
        "short_term_average": 214051
    }, 
    {
        "accumulated_operating_revenue_yoy": -5.982205131930035, 
        "accumulated_operating_revenue": 1074331, 
        "long_term_average": 227629, 
        "date": "2015-05-31", 
        "operating_revenue": 207093, 
        "short_term_average": 232385
    }, 
    {
        "accumulated_operating_revenue_yoy": -7.38668766410278, 
        "accumulated_operating_revenue": 1279690, 
        "long_term_average": 224820, 
        "date": "2015-06-30", 
        "operating_revenue": 205359, 
        "short_term_average": 220949
    }, 
    {
        "accumulated_operating_revenue_yoy": -9.558125686783674, 
        "accumulated_operating_revenue": 1473271, 
        "long_term_average": 220351, 
        "date": "2015-07-31", 
        "operating_revenue": 193581, 
        "short_term_average": 202011
    }, 
    {
        "accumulated_operating_revenue_yoy": -12.487736366534183, 
        "accumulated_operating_revenue": 1622529, 
        "long_term_average": 214031, 
        "date": "2015-08-31", 
        "operating_revenue": 149258, 
        "short_term_average": 182732
    }
]