[
    {
        "date": "2012-01-31", 
        "operating_revenue": 74738, 
        "accumulated_operating_revenue": 74738, 
        "long_term_average": 74738, 
        "short_term_average": 74738
    }, 
    {
        "date": "2012-02-29", 
        "operating_revenue": 73252, 
        "accumulated_operating_revenue": 147990, 
        "long_term_average": 73995, 
        "short_term_average": 73995
    }, 
    {
        "date": "2012-03-31", 
        "operating_revenue": 90185, 
        "accumulated_operating_revenue": 238175, 
        "long_term_average": 79391, 
        "short_term_average": 79391
    }, 
    {
        "date": "2012-04-30", 
        "operating_revenue": 84104, 
        "accumulated_operating_revenue": 322279, 
        "long_term_average": 80569, 
        "short_term_average": 82513
    }, 
    {
        "date": "2012-05-31", 
        "operating_revenue": 78088, 
        "accumulated_operating_revenue": 400367, 
        "long_term_average": 80073, 
        "short_term_average": 84125
    }, 
    {
        "date": "2012-06-30", 
        "operating_revenue": 77339, 
        "accumulated_operating_revenue": 477706, 
        "long_term_average": 79617, 
        "short_term_average": 79843
    }, 
    {
        "date": "2012-07-31", 
        "operating_revenue": 85901, 
        "accumulated_operating_revenue": 563607, 
        "long_term_average": 80515, 
        "short_term_average": 80442
    }, 
    {
        "date": "2012-08-31", 
        "operating_revenue": 84149, 
        "accumulated_operating_revenue": 647756, 
        "long_term_average": 80969, 
        "short_term_average": 82463
    }, 
    {
        "date": "2012-09-30", 
        "operating_revenue": 92073, 
        "accumulated_operating_revenue": 739829, 
        "long_term_average": 82203, 
        "short_term_average": 87374
    }, 
    {
        "date": "2012-10-31", 
        "operating_revenue": 89157, 
        "accumulated_operating_revenue": 828986, 
        "long_term_average": 82898, 
        "short_term_average": 88459
    }, 
    {
        "date": "2012-11-30", 
        "operating_revenue": 67094, 
        "accumulated_operating_revenue": 896080, 
        "long_term_average": 81461, 
        "short_term_average": 82774
    }, 
    {
        "date": "2012-12-31", 
        "operating_revenue": 82165, 
        "accumulated_operating_revenue": 978245, 
        "long_term_average": 81520, 
        "short_term_average": 79472
    }, 
    {
        "accumulated_operating_revenue_yoy": -8.412052771013407, 
        "accumulated_operating_revenue": 68451, 
        "long_term_average": 80996, 
        "date": "2013-01-31", 
        "operating_revenue": 68451, 
        "short_term_average": 72570
    }, 
    {
        "accumulated_operating_revenue_yoy": -10.31488614095547, 
        "accumulated_operating_revenue": 132725, 
        "long_term_average": 80248, 
        "date": "2013-02-28", 
        "operating_revenue": 64274, 
        "short_term_average": 71630
    }, 
    {
        "accumulated_operating_revenue_yoy": -7.321087435709038, 
        "accumulated_operating_revenue": 220738, 
        "long_term_average": 80067, 
        "date": "2013-03-31", 
        "operating_revenue": 88013, 
        "short_term_average": 73579
    }, 
    {
        "accumulated_operating_revenue_yoy": -1.0999785899794898, 
        "accumulated_operating_revenue": 318734, 
        "long_term_average": 81225, 
        "date": "2013-04-30", 
        "operating_revenue": 97996, 
        "short_term_average": 83427
    }, 
    {
        "accumulated_operating_revenue_yoy": 0.8070095687206987, 
        "accumulated_operating_revenue": 403598, 
        "long_term_average": 81789, 
        "date": "2013-05-31", 
        "operating_revenue": 84864, 
        "short_term_average": 90291
    }, 
    {
        "accumulated_operating_revenue_yoy": 3.7780559591045537, 
        "accumulated_operating_revenue": 495754, 
        "long_term_average": 83024, 
        "date": "2013-06-30", 
        "operating_revenue": 92156, 
        "short_term_average": 91672
    }, 
    {
        "accumulated_operating_revenue_yoy": 5.511641977477214, 
        "accumulated_operating_revenue": 594671, 
        "long_term_average": 84109, 
        "date": "2013-07-31", 
        "operating_revenue": 98917, 
        "short_term_average": 91979
    }, 
    {
        "accumulated_operating_revenue_yoy": 6.031283384484281, 
        "accumulated_operating_revenue": 686824, 
        "long_term_average": 84776, 
        "date": "2013-08-31", 
        "operating_revenue": 92153, 
        "short_term_average": 94408
    }, 
    {
        "accumulated_operating_revenue_yoy": 5.062250871485167, 
        "accumulated_operating_revenue": 777281, 
        "long_term_average": 84641, 
        "date": "2013-09-30", 
        "operating_revenue": 90457, 
        "short_term_average": 93842
    }, 
    {
        "accumulated_operating_revenue_yoy": 5.080906070790098, 
        "accumulated_operating_revenue": 871106, 
        "long_term_average": 85030, 
        "date": "2013-10-31", 
        "operating_revenue": 93825, 
        "short_term_average": 92145
    }, 
    {
        "accumulated_operating_revenue_yoy": 6.7076600303544325, 
        "accumulated_operating_revenue": 956186, 
        "long_term_average": 86529, 
        "date": "2013-11-30", 
        "operating_revenue": 85080, 
        "short_term_average": 89787
    }, 
    {
        "accumulated_operating_revenue_yoy": 8.70477232186211, 
        "accumulated_operating_revenue": 1063399, 
        "long_term_average": 88616, 
        "date": "2013-12-31", 
        "operating_revenue": 107213, 
        "short_term_average": 95372
    }, 
    {
        "accumulated_operating_revenue_yoy": 44.452235905976536, 
        "accumulated_operating_revenue": 98879, 
        "long_term_average": 91152, 
        "date": "2014-01-31", 
        "operating_revenue": 98879, 
        "short_term_average": 97057
    }, 
    {
        "accumulated_operating_revenue_yoy": 38.88039178753061, 
        "accumulated_operating_revenue": 184329, 
        "long_term_average": 92916, 
        "date": "2014-02-28", 
        "operating_revenue": 85450, 
        "short_term_average": 97180
    }, 
    {
        "accumulated_operating_revenue_yoy": 33.42016327048356, 
        "accumulated_operating_revenue": 294509, 
        "long_term_average": 94764, 
        "date": "2014-03-31", 
        "operating_revenue": 110180, 
        "short_term_average": 98169
    }, 
    {
        "accumulated_operating_revenue_yoy": 26.99555114923416, 
        "accumulated_operating_revenue": 404778, 
        "long_term_average": 95786, 
        "date": "2014-04-30", 
        "operating_revenue": 110269, 
        "short_term_average": 101966
    }, 
    {
        "accumulated_operating_revenue_yoy": 27.49889741772754, 
        "accumulated_operating_revenue": 514583, 
        "long_term_average": 97865, 
        "date": "2014-05-31", 
        "operating_revenue": 109805, 
        "short_term_average": 110084
    }, 
    {
        "accumulated_operating_revenue_yoy": 26.221674459510158, 
        "accumulated_operating_revenue": 625749, 
        "long_term_average": 99449, 
        "date": "2014-06-30", 
        "operating_revenue": 111166, 
        "short_term_average": 110413
    }, 
    {
        "accumulated_operating_revenue_yoy": 22.7643520534884, 
        "accumulated_operating_revenue": 730044, 
        "long_term_average": 99897, 
        "date": "2014-07-31", 
        "operating_revenue": 104295, 
        "short_term_average": 108422
    }, 
    {
        "accumulated_operating_revenue_yoy": 22.467764667513073, 
        "accumulated_operating_revenue": 841138, 
        "long_term_average": 101476, 
        "date": "2014-08-31", 
        "operating_revenue": 111094, 
        "short_term_average": 108851
    }, 
    {
        "accumulated_operating_revenue_yoy": 21.5180867665619, 
        "accumulated_operating_revenue": 944537, 
        "long_term_average": 102554, 
        "date": "2014-09-30", 
        "operating_revenue": 103399, 
        "short_term_average": 106262
    }, 
    {
        "accumulated_operating_revenue_yoy": 20.4094564840559, 
        "accumulated_operating_revenue": 1048894, 
        "long_term_average": 103432, 
        "date": "2014-10-31", 
        "operating_revenue": 104357, 
        "short_term_average": 106283
    }, 
    {
        "accumulated_operating_revenue_yoy": 19.27909423480369, 
        "accumulated_operating_revenue": 1140530, 
        "long_term_average": 103978, 
        "date": "2014-11-30", 
        "operating_revenue": 91636, 
        "short_term_average": 99797
    }, 
    {
        "accumulated_operating_revenue_yoy": 20.132236347786673, 
        "accumulated_operating_revenue": 1277485, 
        "long_term_average": 106457, 
        "date": "2014-12-31", 
        "operating_revenue": 136955, 
        "short_term_average": 110982
    }, 
    {
        "accumulated_operating_revenue_yoy": 3.5214757430799257, 
        "accumulated_operating_revenue": 102361, 
        "long_term_average": 106747, 
        "date": "2015-01-31", 
        "operating_revenue": 102361, 
        "short_term_average": 110317
    }, 
    {
        "accumulated_operating_revenue_yoy": 3.73191413179695, 
        "accumulated_operating_revenue": 191208, 
        "long_term_average": 107030, 
        "date": "2015-02-28", 
        "operating_revenue": 88847, 
        "short_term_average": 109387
    }, 
    {
        "accumulated_operating_revenue_yoy": 5.7363272429705034, 
        "accumulated_operating_revenue": 311403, 
        "long_term_average": 107864, 
        "date": "2015-03-31", 
        "operating_revenue": 120195, 
        "short_term_average": 103801
    }, 
    {
        "accumulated_operating_revenue_yoy": 2.8840500224814587, 
        "accumulated_operating_revenue": 416452, 
        "long_term_average": 107429, 
        "date": "2015-04-30", 
        "operating_revenue": 105049, 
        "short_term_average": 104697
    }, 
    {
        "accumulated_operating_revenue_yoy": 4.340213337790017, 
        "accumulated_operating_revenue": 536917, 
        "long_term_average": 108318, 
        "date": "2015-05-31", 
        "operating_revenue": 120465, 
        "short_term_average": 115236
    }, 
    {
        "accumulated_operating_revenue_yoy": 5.217587243447452, 
        "accumulated_operating_revenue": 658398, 
        "long_term_average": 109177, 
        "date": "2015-06-30", 
        "operating_revenue": 121481, 
        "short_term_average": 115665
    }, 
    {
        "accumulated_operating_revenue_yoy": 4.620269463210437, 
        "accumulated_operating_revenue": 763774, 
        "long_term_average": 109267, 
        "date": "2015-07-31", 
        "operating_revenue": 105376, 
        "short_term_average": 115774
    }, 
    {
        "accumulated_operating_revenue_yoy": 2.706571335500239, 
        "accumulated_operating_revenue": 863904, 
        "long_term_average": 108354, 
        "date": "2015-08-31", 
        "operating_revenue": 100130, 
        "short_term_average": 108995
    }
]