[
    {
        "date": "2012-01-31", 
        "operating_revenue": 76891, 
        "accumulated_operating_revenue": 76891, 
        "long_term_average": 76891, 
        "short_term_average": 76891
    }, 
    {
        "date": "2012-02-29", 
        "operating_revenue": 84531, 
        "accumulated_operating_revenue": 161422, 
        "long_term_average": 80711, 
        "short_term_average": 80711
    }, 
    {
        "date": "2012-03-31", 
        "operating_revenue": 91506, 
        "accumulated_operating_revenue": 252928, 
        "long_term_average": 84309, 
        "short_term_average": 84309
    }, 
    {
        "date": "2012-04-30", 
        "operating_revenue": 81196, 
        "accumulated_operating_revenue": 334124, 
        "long_term_average": 83531, 
        "short_term_average": 85744
    }, 
    {
        "date": "2012-05-31", 
        "operating_revenue": 83609, 
        "accumulated_operating_revenue": 417733, 
        "long_term_average": 83546, 
        "short_term_average": 85437
    }, 
    {
        "date": "2012-06-30", 
        "operating_revenue": 79730, 
        "accumulated_operating_revenue": 497463, 
        "long_term_average": 82910, 
        "short_term_average": 81511
    }, 
    {
        "date": "2012-07-31", 
        "operating_revenue": 77795, 
        "accumulated_operating_revenue": 575258, 
        "long_term_average": 82179, 
        "short_term_average": 80378
    }, 
    {
        "date": "2012-08-31", 
        "operating_revenue": 82350, 
        "accumulated_operating_revenue": 657608, 
        "long_term_average": 82201, 
        "short_term_average": 79958
    }, 
    {
        "date": "2012-09-30", 
        "operating_revenue": 79500, 
        "accumulated_operating_revenue": 737108, 
        "long_term_average": 81900, 
        "short_term_average": 79881
    }, 
    {
        "date": "2012-10-31", 
        "operating_revenue": 69792, 
        "accumulated_operating_revenue": 806900, 
        "long_term_average": 80690, 
        "short_term_average": 77214
    }, 
    {
        "date": "2012-11-30", 
        "operating_revenue": 67073, 
        "accumulated_operating_revenue": 873973, 
        "long_term_average": 79452, 
        "short_term_average": 72121
    }, 
    {
        "date": "2012-12-31", 
        "operating_revenue": 63782, 
        "accumulated_operating_revenue": 937755, 
        "long_term_average": 78146, 
        "short_term_average": 66882
    }, 
    {
        "accumulated_operating_revenue_yoy": 8.86449649503843, 
        "accumulated_operating_revenue": 83707, 
        "long_term_average": 78714, 
        "date": "2013-01-31", 
        "operating_revenue": 83707, 
        "short_term_average": 71520
    }, 
    {
        "accumulated_operating_revenue_yoy": -1.209872260286702, 
        "accumulated_operating_revenue": 159469, 
        "long_term_average": 77983, 
        "date": "2013-02-28", 
        "operating_revenue": 75762, 
        "short_term_average": 74417
    }, 
    {
        "accumulated_operating_revenue_yoy": -6.473383729757084, 
        "accumulated_operating_revenue": 236555, 
        "long_term_average": 76781, 
        "date": "2013-03-31", 
        "operating_revenue": 77086, 
        "short_term_average": 78851
    }, 
    {
        "accumulated_operating_revenue_yoy": -7.9656055835558055, 
        "accumulated_operating_revenue": 307509, 
        "long_term_average": 75928, 
        "date": "2013-04-30", 
        "operating_revenue": 70954, 
        "short_term_average": 74600
    }, 
    {
        "accumulated_operating_revenue_yoy": -8.325652988870882, 
        "accumulated_operating_revenue": 382954, 
        "long_term_average": 75248, 
        "date": "2013-05-31", 
        "operating_revenue": 75445, 
        "short_term_average": 74495
    }, 
    {
        "accumulated_operating_revenue_yoy": -6.700799858481937, 
        "accumulated_operating_revenue": 464129, 
        "long_term_average": 75368, 
        "date": "2013-06-30", 
        "operating_revenue": 81175, 
        "short_term_average": 75858
    }, 
    {
        "accumulated_operating_revenue_yoy": -3.406993036168119, 
        "accumulated_operating_revenue": 555659, 
        "long_term_average": 76513, 
        "date": "2013-07-31", 
        "operating_revenue": 91530, 
        "short_term_average": 82716
    }, 
    {
        "accumulated_operating_revenue_yoy": -2.6020060583204585, 
        "accumulated_operating_revenue": 640497, 
        "long_term_average": 76720, 
        "date": "2013-08-31", 
        "operating_revenue": 84838, 
        "short_term_average": 85847
    }, 
    {
        "accumulated_operating_revenue_yoy": -1.578330448183984, 
        "accumulated_operating_revenue": 725474, 
        "long_term_average": 77176, 
        "date": "2013-09-30", 
        "operating_revenue": 84977, 
        "short_term_average": 87115
    }, 
    {
        "accumulated_operating_revenue_yoy": 3.212170033461396, 
        "accumulated_operating_revenue": 832819, 
        "long_term_average": 80306, 
        "date": "2013-10-31", 
        "operating_revenue": 107345, 
        "short_term_average": 92386
    }, 
    {
        "accumulated_operating_revenue_yoy": 6.189664898114701, 
        "accumulated_operating_revenue": 928069, 
        "long_term_average": 82654, 
        "date": "2013-11-30", 
        "operating_revenue": 95250, 
        "short_term_average": 95857
    }, 
    {
        "accumulated_operating_revenue_yoy": 10.748223149969876, 
        "accumulated_operating_revenue": 1038547, 
        "long_term_average": 86545, 
        "date": "2013-12-31", 
        "operating_revenue": 110478, 
        "short_term_average": 104357
    }, 
    {
        "accumulated_operating_revenue_yoy": 27.43856547242166, 
        "accumulated_operating_revenue": 106675, 
        "long_term_average": 88459, 
        "date": "2014-01-31", 
        "operating_revenue": 106675, 
        "short_term_average": 104134
    }, 
    {
        "accumulated_operating_revenue_yoy": 12.413697960105099, 
        "accumulated_operating_revenue": 179265, 
        "long_term_average": 88195, 
        "date": "2014-02-28", 
        "operating_revenue": 72590, 
        "short_term_average": 96581
    }, 
    {
        "accumulated_operating_revenue_yoy": 20.388493162266702, 
        "accumulated_operating_revenue": 284785, 
        "long_term_average": 90564, 
        "date": "2014-03-31", 
        "operating_revenue": 105520, 
        "short_term_average": 94928
    }, 
    {
        "accumulated_operating_revenue_yoy": 31.169819419919413, 
        "accumulated_operating_revenue": 403359, 
        "long_term_average": 94533, 
        "date": "2014-04-30", 
        "operating_revenue": 118574, 
        "short_term_average": 98894
    }, 
    {
        "accumulated_operating_revenue_yoy": 32.6284619040407, 
        "accumulated_operating_revenue": 507906, 
        "long_term_average": 96958, 
        "date": "2014-05-31", 
        "operating_revenue": 104547, 
        "short_term_average": 109547
    }, 
    {
        "accumulated_operating_revenue_yoy": 30.349967358212908, 
        "accumulated_operating_revenue": 604992, 
        "long_term_average": 98284, 
        "date": "2014-06-30", 
        "operating_revenue": 97086, 
        "short_term_average": 106735
    }, 
    {
        "accumulated_operating_revenue_yoy": 29.214680226541816, 
        "accumulated_operating_revenue": 717993, 
        "long_term_average": 100073, 
        "date": "2014-07-31", 
        "operating_revenue": 113001, 
        "short_term_average": 104878
    }, 
    {
        "accumulated_operating_revenue_yoy": 25.72299323806357, 
        "accumulated_operating_revenue": 805252, 
        "long_term_average": 100275, 
        "date": "2014-08-31", 
        "operating_revenue": 87259, 
        "short_term_average": 99115
    }, 
    {
        "accumulated_operating_revenue_yoy": 25.086081651444438, 
        "accumulated_operating_revenue": 907467, 
        "long_term_average": 101711, 
        "date": "2014-09-30", 
        "operating_revenue": 102215, 
        "short_term_average": 100825
    }, 
    {
        "accumulated_operating_revenue_yoy": 18.927522066619517, 
        "accumulated_operating_revenue": 990451, 
        "long_term_average": 99681, 
        "date": "2014-10-31", 
        "operating_revenue": 82984, 
        "short_term_average": 90819
    }, 
    {
        "accumulated_operating_revenue_yoy": 15.3630818398201, 
        "accumulated_operating_revenue": 1070649, 
        "long_term_average": 98427, 
        "date": "2014-11-30", 
        "operating_revenue": 80198, 
        "short_term_average": 88465
    }, 
    {
        "accumulated_operating_revenue_yoy": 11.93080332425976, 
        "accumulated_operating_revenue": 1162454, 
        "long_term_average": 96871, 
        "date": "2014-12-31", 
        "operating_revenue": 91805, 
        "short_term_average": 84995
    }, 
    {
        "accumulated_operating_revenue_yoy": -26.738223576283104, 
        "accumulated_operating_revenue": 78152, 
        "long_term_average": 94494, 
        "date": "2015-01-31", 
        "operating_revenue": 78152, 
        "short_term_average": 83385
    }, 
    {
        "accumulated_operating_revenue_yoy": -20.810531894123223, 
        "accumulated_operating_revenue": 141959, 
        "long_term_average": 93762, 
        "date": "2015-02-28", 
        "operating_revenue": 63807, 
        "short_term_average": 77921
    }, 
    {
        "accumulated_operating_revenue_yoy": -21.624734448794705, 
        "accumulated_operating_revenue": 223201, 
        "long_term_average": 91739, 
        "date": "2015-03-31", 
        "operating_revenue": 81242, 
        "short_term_average": 74400
    }, 
    {
        "accumulated_operating_revenue_yoy": -26.93035236600646, 
        "accumulated_operating_revenue": 294733, 
        "long_term_average": 87819, 
        "date": "2015-04-30", 
        "operating_revenue": 71532, 
        "short_term_average": 72193
    }, 
    {
        "accumulated_operating_revenue_yoy": -28.321185416199064, 
        "accumulated_operating_revenue": 364061, 
        "long_term_average": 84884, 
        "date": "2015-05-31", 
        "operating_revenue": 69328, 
        "short_term_average": 74034
    }, 
    {
        "accumulated_operating_revenue_yoy": -30.540238548608905, 
        "accumulated_operating_revenue": 420226, 
        "long_term_average": 81474, 
        "date": "2015-06-30", 
        "operating_revenue": 56165, 
        "short_term_average": 65675
    }, 
    {
        "accumulated_operating_revenue_yoy": -33.08876270381466, 
        "accumulated_operating_revenue": 480418, 
        "long_term_average": 77073, 
        "date": "2015-07-31", 
        "operating_revenue": 60192, 
        "short_term_average": 61895
    }, 
    {
        "accumulated_operating_revenue_yoy": -33.48566659877902, 
        "accumulated_operating_revenue": 535608, 
        "long_term_average": 74400, 
        "date": "2015-08-31", 
        "operating_revenue": 55190, 
        "short_term_average": 57182
    }, 
    {
        "accumulated_operating_revenue_yoy": -32.72460596363283, 
        "accumulated_operating_revenue": 610502, 
        "long_term_average": 72124, 
        "date": "2015-09-30", 
        "operating_revenue": 74894, 
        "short_term_average": 63425
    }, 
    {
        "accumulated_operating_revenue_yoy": -31.667089033177813, 
        "accumulated_operating_revenue": 676804, 
        "long_term_average": 70733, 
        "date": "2015-10-31", 
        "operating_revenue": 66302, 
        "short_term_average": 65462
    }
]