[
    {
        "date": "2011-09-30", 
        "operating_revenue": 1536246, 
        "accumulated_operating_revenue": 1536246, 
        "long_term_average": 1536246, 
        "short_term_average": 1536246
    }, 
    {
        "date": "2011-10-31", 
        "operating_revenue": 1405234, 
        "accumulated_operating_revenue": 2941480, 
        "long_term_average": 1470740, 
        "short_term_average": 1470740
    }, 
    {
        "date": "2011-11-30", 
        "operating_revenue": 1411160, 
        "accumulated_operating_revenue": 4352640, 
        "long_term_average": 1450880, 
        "short_term_average": 1450880
    }, 
    {
        "date": "2011-12-31", 
        "operating_revenue": 1293884, 
        "accumulated_operating_revenue": 5646524, 
        "long_term_average": 1411631, 
        "short_term_average": 1370092
    }, 
    {
        "date": "2012-01-31", 
        "operating_revenue": 1118413, 
        "accumulated_operating_revenue": 1118413, 
        "long_term_average": 1352987, 
        "short_term_average": 1274485
    }, 
    {
        "date": "2012-02-29", 
        "operating_revenue": 1154887, 
        "accumulated_operating_revenue": 2273300, 
        "long_term_average": 1319970, 
        "short_term_average": 1189061
    }, 
    {
        "date": "2012-03-31", 
        "operating_revenue": 1216632, 
        "accumulated_operating_revenue": 3489932, 
        "long_term_average": 1305208, 
        "short_term_average": 1163310
    }, 
    {
        "date": "2012-04-30", 
        "operating_revenue": 1270372, 
        "accumulated_operating_revenue": 4760304, 
        "long_term_average": 1300853, 
        "short_term_average": 1213963
    }, 
    {
        "date": "2012-05-31", 
        "operating_revenue": 1418028, 
        "accumulated_operating_revenue": 6178332, 
        "long_term_average": 1313872, 
        "short_term_average": 1301677
    }, 
    {
        "date": "2012-06-30", 
        "operating_revenue": 1339160, 
        "accumulated_operating_revenue": 7517492, 
        "long_term_average": 1316401, 
        "short_term_average": 1342520
    }, 
    {
        "date": "2012-07-31", 
        "operating_revenue": 1211590, 
        "accumulated_operating_revenue": 8729082, 
        "long_term_average": 1306873, 
        "short_term_average": 1322926
    }, 
    {
        "date": "2012-08-31", 
        "operating_revenue": 1086178, 
        "accumulated_operating_revenue": 9815260, 
        "long_term_average": 1288482, 
        "short_term_average": 1212309
    }, 
    {
        "accumulated_operating_revenue_yoy": 601.3543403855894, 
        "accumulated_operating_revenue": 10774528, 
        "long_term_average": 1240400, 
        "date": "2012-09-30", 
        "operating_revenue": 959268, 
        "short_term_average": 1085678
    }, 
    {
        "accumulated_operating_revenue_yoy": 300.05143669173344, 
        "accumulated_operating_revenue": 11767433, 
        "long_term_average": 1206039, 
        "date": "2012-10-31", 
        "operating_revenue": 992905, 
        "short_term_average": 1012783
    }, 
    {
        "accumulated_operating_revenue_yoy": 192.0651145052198, 
        "accumulated_operating_revenue": 12712543, 
        "long_term_average": 1167202, 
        "date": "2012-11-30", 
        "operating_revenue": 945110, 
        "short_term_average": 965761
    }, 
    {
        "accumulated_operating_revenue_yoy": 139.22321059823707, 
        "accumulated_operating_revenue": 13507796, 
        "long_term_average": 1125649, 
        "date": "2012-12-31", 
        "operating_revenue": 795253, 
        "short_term_average": 911089
    }, 
    {
        "accumulated_operating_revenue_yoy": -16.552650943792678, 
        "accumulated_operating_revenue": 933286, 
        "long_term_average": 1110222, 
        "date": "2013-01-31", 
        "operating_revenue": 933286, 
        "short_term_average": 891216
    }, 
    {
        "accumulated_operating_revenue_yoy": -22.969911582281267, 
        "accumulated_operating_revenue": 1751125, 
        "long_term_average": 1082135, 
        "date": "2013-02-28", 
        "operating_revenue": 817839, 
        "short_term_average": 848792
    }, 
    {
        "accumulated_operating_revenue_yoy": -17.152970315754004, 
        "accumulated_operating_revenue": 2891305, 
        "long_term_average": 1075764, 
        "date": "2013-03-31", 
        "operating_revenue": 1140180, 
        "short_term_average": 963768
    }, 
    {
        "accumulated_operating_revenue_yoy": -13.672110016503147, 
        "accumulated_operating_revenue": 4109470, 
        "long_term_average": 1071413, 
        "date": "2013-04-30", 
        "operating_revenue": 1218165, 
        "short_term_average": 1058728
    }, 
    {
        "accumulated_operating_revenue_yoy": -11.906126119476907, 
        "accumulated_operating_revenue": 5442732, 
        "long_term_average": 1064349, 
        "date": "2013-05-31", 
        "operating_revenue": 1333262, 
        "short_term_average": 1230535
    }, 
    {
        "accumulated_operating_revenue_yoy": -11.444734493897698, 
        "accumulated_operating_revenue": 6657135, 
        "long_term_average": 1053953, 
        "date": "2013-06-30", 
        "operating_revenue": 1214403, 
        "short_term_average": 1255276
    }, 
    {
        "accumulated_operating_revenue_yoy": -9.438105862678343, 
        "accumulated_operating_revenue": 7905222, 
        "long_term_average": 1056994, 
        "date": "2013-07-31", 
        "operating_revenue": 1248087, 
        "short_term_average": 1265250
    }, 
    {
        "accumulated_operating_revenue_yoy": -7.267703555484012, 
        "accumulated_operating_revenue": 9101916, 
        "long_term_average": 1066204, 
        "date": "2013-08-31", 
        "operating_revenue": 1196694, 
        "short_term_average": 1219728
    }, 
    {
        "accumulated_operating_revenue_yoy": -6.231567638044098, 
        "accumulated_operating_revenue": 10103106, 
        "long_term_average": 1069697, 
        "date": "2013-09-30", 
        "operating_revenue": 1001190, 
        "short_term_average": 1148657
    }, 
    {
        "accumulated_operating_revenue_yoy": -5.502720941772092, 
        "accumulated_operating_revenue": 11119904, 
        "long_term_average": 1071688, 
        "date": "2013-10-31", 
        "operating_revenue": 1016798, 
        "short_term_average": 1071560
    }, 
    {
        "accumulated_operating_revenue_yoy": -4.448299604571642, 
        "accumulated_operating_revenue": 12147051, 
        "long_term_average": 1078525, 
        "date": "2013-11-30", 
        "operating_revenue": 1027147, 
        "short_term_average": 1015045
    }, 
    {
        "accumulated_operating_revenue_yoy": -2.6693103745422273, 
        "accumulated_operating_revenue": 13147231, 
        "long_term_average": 1095602, 
        "date": "2013-12-31", 
        "operating_revenue": 1000180, 
        "short_term_average": 1014708
    }, 
    {
        "accumulated_operating_revenue_yoy": 2.7836054542766098, 
        "accumulated_operating_revenue": 959265, 
        "long_term_average": 1097767, 
        "date": "2014-01-31", 
        "operating_revenue": 959265, 
        "short_term_average": 995530
    }, 
    {
        "accumulated_operating_revenue_yoy": 9.127389535298738, 
        "accumulated_operating_revenue": 1910957, 
        "long_term_average": 1108921, 
        "date": "2014-02-28", 
        "operating_revenue": 951692, 
        "short_term_average": 970379
    }, 
    {
        "accumulated_operating_revenue_yoy": 9.522966273015127, 
        "accumulated_operating_revenue": 3166643, 
        "long_term_average": 1118547, 
        "date": "2014-03-31", 
        "operating_revenue": 1255686, 
        "short_term_average": 1055547
    }, 
    {
        "accumulated_operating_revenue_yoy": 8.891681895718913, 
        "accumulated_operating_revenue": 4474871, 
        "long_term_average": 1126052, 
        "date": "2014-04-30", 
        "operating_revenue": 1308228, 
        "short_term_average": 1171868
    }, 
    {
        "accumulated_operating_revenue_yoy": 6.278611550228819, 
        "accumulated_operating_revenue": 5784460, 
        "long_term_average": 1124079, 
        "date": "2014-05-31", 
        "operating_revenue": 1309589, 
        "short_term_average": 1291167
    }, 
    {
        "accumulated_operating_revenue_yoy": 4.57231226345868, 
        "accumulated_operating_revenue": 6961520, 
        "long_term_average": 1120968, 
        "date": "2014-06-30", 
        "operating_revenue": 1177060, 
        "short_term_average": 1264959
    }, 
    {
        "accumulated_operating_revenue_yoy": 0.8616582810704114, 
        "accumulated_operating_revenue": 7973338, 
        "long_term_average": 1101278, 
        "date": "2014-07-31", 
        "operating_revenue": 1011818, 
        "short_term_average": 1166155
    }, 
    {
        "accumulated_operating_revenue_yoy": -2.316940740828634, 
        "accumulated_operating_revenue": 8891030, 
        "long_term_average": 1078028, 
        "date": "2014-08-31", 
        "operating_revenue": 917692, 
        "short_term_average": 1035523
    }, 
    {
        "accumulated_operating_revenue_yoy": -3.5365757817447427, 
        "accumulated_operating_revenue": 9745802, 
        "long_term_average": 1065827, 
        "date": "2014-09-30", 
        "operating_revenue": 854772, 
        "short_term_average": 928094
    }, 
    {
        "accumulated_operating_revenue_yoy": -4.7805988253136, 
        "accumulated_operating_revenue": 10588306, 
        "long_term_average": 1051302, 
        "date": "2014-10-31", 
        "operating_revenue": 842504, 
        "short_term_average": 871656
    }, 
    {
        "accumulated_operating_revenue_yoy": -5.7009557299133755, 
        "accumulated_operating_revenue": 11454553, 
        "long_term_average": 1037894, 
        "date": "2014-11-30", 
        "operating_revenue": 866247, 
        "short_term_average": 854507
    }, 
    {
        "accumulated_operating_revenue_yoy": -5.975919948466715, 
        "accumulated_operating_revenue": 12361563, 
        "long_term_average": 1030130, 
        "date": "2014-12-31", 
        "operating_revenue": 907010, 
        "short_term_average": 871920
    }, 
    {
        "accumulated_operating_revenue_yoy": 4.426514049819393, 
        "accumulated_operating_revenue": 1001727, 
        "long_term_average": 1033668, 
        "date": "2015-01-31", 
        "operating_revenue": 1001727, 
        "short_term_average": 924994
    }, 
    {
        "accumulated_operating_revenue_yoy": -6.237189010532419, 
        "accumulated_operating_revenue": 1791767, 
        "long_term_average": 1020197, 
        "date": "2015-02-28", 
        "operating_revenue": 790040, 
        "short_term_average": 899592
    }, 
    {
        "accumulated_operating_revenue_yoy": -11.041693048442783, 
        "accumulated_operating_revenue": 2816992, 
        "long_term_average": 1000992, 
        "date": "2015-03-31", 
        "operating_revenue": 1025225, 
        "short_term_average": 938997
    }, 
    {
        "accumulated_operating_revenue_yoy": -14.665495385230098, 
        "accumulated_operating_revenue": 3818609, 
        "long_term_average": 975441, 
        "date": "2015-04-30", 
        "operating_revenue": 1001617, 
        "short_term_average": 938960
    }, 
    {
        "accumulated_operating_revenue_yoy": -16.29835801440411, 
        "accumulated_operating_revenue": 4841688, 
        "long_term_average": 951565, 
        "date": "2015-05-31", 
        "operating_revenue": 1023079, 
        "short_term_average": 1016640
    }, 
    {
        "accumulated_operating_revenue_yoy": -16.252456360105263, 
        "accumulated_operating_revenue": 5830102, 
        "long_term_average": 935845, 
        "date": "2015-06-30", 
        "operating_revenue": 988414, 
        "short_term_average": 1004370
    }, 
    {
        "accumulated_operating_revenue_yoy": -15.17930131646244, 
        "accumulated_operating_revenue": 6763041, 
        "long_term_average": 929272, 
        "date": "2015-07-31", 
        "operating_revenue": 932939, 
        "short_term_average": 981477
    }, 
    {
        "accumulated_operating_revenue_yoy": -14.218712567610279, 
        "accumulated_operating_revenue": 7626840, 
        "long_term_average": 924781, 
        "date": "2015-08-31", 
        "operating_revenue": 863799, 
        "short_term_average": 928384
    }, 
    {
        "accumulated_operating_revenue_yoy": -13.739823567111253, 
        "accumulated_operating_revenue": 8406746, 
        "long_term_average": 918542, 
        "date": "2015-09-30", 
        "operating_revenue": 779906, 
        "short_term_average": 858881
    }
]