[
    {
        "date": "2012-01-31", 
        "operating_revenue": 666403, 
        "accumulated_operating_revenue": 666403, 
        "long_term_average": 666403, 
        "short_term_average": 666403
    }, 
    {
        "date": "2012-02-29", 
        "operating_revenue": 802316, 
        "accumulated_operating_revenue": 1468719, 
        "long_term_average": 734359, 
        "short_term_average": 734359
    }, 
    {
        "date": "2012-03-31", 
        "operating_revenue": 1008759, 
        "accumulated_operating_revenue": 2477478, 
        "long_term_average": 825826, 
        "short_term_average": 825826
    }, 
    {
        "date": "2012-04-30", 
        "operating_revenue": 951935, 
        "accumulated_operating_revenue": 3429413, 
        "long_term_average": 857353, 
        "short_term_average": 921003
    }, 
    {
        "date": "2012-05-31", 
        "operating_revenue": 993707, 
        "accumulated_operating_revenue": 4423120, 
        "long_term_average": 884624, 
        "short_term_average": 984800
    }, 
    {
        "date": "2012-06-30", 
        "operating_revenue": 816595, 
        "accumulated_operating_revenue": 5239715, 
        "long_term_average": 873285, 
        "short_term_average": 920745
    }, 
    {
        "date": "2012-07-31", 
        "operating_revenue": 803390, 
        "accumulated_operating_revenue": 6043105, 
        "long_term_average": 863300, 
        "short_term_average": 871230
    }, 
    {
        "date": "2012-08-31", 
        "operating_revenue": 706128, 
        "accumulated_operating_revenue": 6749233, 
        "long_term_average": 843654, 
        "short_term_average": 775371
    }, 
    {
        "date": "2012-09-30", 
        "operating_revenue": 687009, 
        "accumulated_operating_revenue": 7436242, 
        "long_term_average": 826249, 
        "short_term_average": 732175
    }, 
    {
        "date": "2012-10-31", 
        "operating_revenue": 708316, 
        "accumulated_operating_revenue": 8144558, 
        "long_term_average": 814455, 
        "short_term_average": 700484
    }, 
    {
        "date": "2012-11-30", 
        "operating_revenue": 618667, 
        "accumulated_operating_revenue": 8763225, 
        "long_term_average": 796656, 
        "short_term_average": 671330
    }, 
    {
        "date": "2012-12-31", 
        "operating_revenue": 660453, 
        "accumulated_operating_revenue": 9423678, 
        "long_term_average": 785306, 
        "short_term_average": 662478
    }, 
    {
        "accumulated_operating_revenue_yoy": 15.792996129969403, 
        "accumulated_operating_revenue": 771648, 
        "long_term_average": 794076, 
        "date": "2013-01-31", 
        "operating_revenue": 771648, 
        "short_term_average": 683589
    }, 
    {
        "accumulated_operating_revenue_yoy": -7.312358592760085, 
        "accumulated_operating_revenue": 1361321, 
        "long_term_average": 776356, 
        "date": "2013-02-28", 
        "operating_revenue": 589673, 
        "short_term_average": 673924
    }, 
    {
        "accumulated_operating_revenue_yoy": -15.706052687450706, 
        "accumulated_operating_revenue": 2088364, 
        "long_term_average": 752880, 
        "date": "2013-03-31", 
        "operating_revenue": 727043, 
        "short_term_average": 696121
    }, 
    {
        "accumulated_operating_revenue_yoy": -15.973870746976232, 
        "accumulated_operating_revenue": 2881603, 
        "long_term_average": 739655, 
        "date": "2013-04-30", 
        "operating_revenue": 793239, 
        "short_term_average": 703318
    }, 
    {
        "accumulated_operating_revenue_yoy": -17.24689811716616, 
        "accumulated_operating_revenue": 3660269, 
        "long_term_average": 721735, 
        "date": "2013-05-31", 
        "operating_revenue": 778666, 
        "short_term_average": 766316
    }, 
    {
        "accumulated_operating_revenue_yoy": -17.058313286123386, 
        "accumulated_operating_revenue": 4345908, 
        "long_term_average": 710822, 
        "date": "2013-06-30", 
        "operating_revenue": 685639, 
        "short_term_average": 752514
    }, 
    {
        "accumulated_operating_revenue_yoy": -15.587715255650862, 
        "accumulated_operating_revenue": 5101123, 
        "long_term_average": 706808, 
        "date": "2013-07-31", 
        "operating_revenue": 755215, 
        "short_term_average": 739840
    }, 
    {
        "accumulated_operating_revenue_yoy": -13.343471769310675, 
        "accumulated_operating_revenue": 5848651, 
        "long_term_average": 710258, 
        "date": "2013-08-31", 
        "operating_revenue": 747528, 
        "short_term_average": 729460
    }, 
    {
        "accumulated_operating_revenue_yoy": -13.016157892655993, 
        "accumulated_operating_revenue": 6468329, 
        "long_term_average": 704647, 
        "date": "2013-09-30", 
        "operating_revenue": 619678, 
        "short_term_average": 707473
    }, 
    {
        "accumulated_operating_revenue_yoy": -13.108384764403421, 
        "accumulated_operating_revenue": 7076938, 
        "long_term_average": 696338, 
        "date": "2013-10-31", 
        "operating_revenue": 608609, 
        "short_term_average": 658605
    }, 
    {
        "accumulated_operating_revenue_yoy": -12.801919384701407, 
        "accumulated_operating_revenue": 7641364, 
        "long_term_average": 691818, 
        "date": "2013-11-30", 
        "operating_revenue": 564426, 
        "short_term_average": 597571
    }, 
    {
        "accumulated_operating_revenue_yoy": -12.04813025232823, 
        "accumulated_operating_revenue": 8288301, 
        "long_term_average": 690691, 
        "date": "2013-12-31", 
        "operating_revenue": 646937, 
        "short_term_average": 606657
    }, 
    {
        "accumulated_operating_revenue_yoy": -16.43093742224434, 
        "accumulated_operating_revenue": 644859, 
        "long_term_average": 680126, 
        "date": "2014-01-31", 
        "operating_revenue": 644859, 
        "short_term_average": 618740
    }, 
    {
        "accumulated_operating_revenue_yoy": -4.69903865436587, 
        "accumulated_operating_revenue": 1297352, 
        "long_term_average": 685361, 
        "date": "2014-02-28", 
        "operating_revenue": 652493, 
        "short_term_average": 648096
    }, 
    {
        "accumulated_operating_revenue_yoy": -0.4327789599897336, 
        "accumulated_operating_revenue": 2079326, 
        "long_term_average": 689938, 
        "date": "2014-03-31", 
        "operating_revenue": 781974, 
        "short_term_average": 693108
    }, 
    {
        "accumulated_operating_revenue_yoy": -3.023004903867743, 
        "accumulated_operating_revenue": 2794492, 
        "long_term_average": 683432, 
        "date": "2014-04-30", 
        "operating_revenue": 715166, 
        "short_term_average": 716544
    }, 
    {
        "accumulated_operating_revenue_yoy": -6.278882781566055, 
        "accumulated_operating_revenue": 3430445, 
        "long_term_average": 671539, 
        "date": "2014-05-31", 
        "operating_revenue": 635953, 
        "short_term_average": 711031
    }, 
    {
        "accumulated_operating_revenue_yoy": -6.6458148676870294, 
        "accumulated_operating_revenue": 4057087, 
        "long_term_average": 666623, 
        "date": "2014-06-30", 
        "operating_revenue": 626642, 
        "short_term_average": 659253
    }, 
    {
        "accumulated_operating_revenue_yoy": -8.317560662622721, 
        "accumulated_operating_revenue": 4676834, 
        "long_term_average": 655334, 
        "date": "2014-07-31", 
        "operating_revenue": 619747, 
        "short_term_average": 627447
    }, 
    {
        "accumulated_operating_revenue_yoy": -10.420573906700877, 
        "accumulated_operating_revenue": 5239188, 
        "long_term_average": 639903, 
        "date": "2014-08-31", 
        "operating_revenue": 562354, 
        "short_term_average": 602914
    }, 
    {
        "accumulated_operating_revenue_yoy": -9.55351838164076, 
        "accumulated_operating_revenue": 5850376, 
        "long_term_average": 639195, 
        "date": "2014-09-30", 
        "operating_revenue": 611188, 
        "short_term_average": 597763
    }, 
    {
        "accumulated_operating_revenue_yoy": -9.113687303746337, 
        "accumulated_operating_revenue": 6431968, 
        "long_term_average": 636944, 
        "date": "2014-10-31", 
        "operating_revenue": 581592, 
        "short_term_average": 585044
    }, 
    {
        "accumulated_operating_revenue_yoy": -8.10371027999713, 
        "accumulated_operating_revenue": 7022130, 
        "long_term_average": 639088, 
        "date": "2014-11-30", 
        "operating_revenue": 590162, 
        "short_term_average": 594314
    }, 
    {
        "accumulated_operating_revenue_yoy": -7.525004219803311, 
        "accumulated_operating_revenue": 7664606, 
        "long_term_average": 638717, 
        "date": "2014-12-31", 
        "operating_revenue": 642476, 
        "short_term_average": 604743
    }, 
    {
        "accumulated_operating_revenue_yoy": -10.029789457850475, 
        "accumulated_operating_revenue": 580181, 
        "long_term_average": 633327, 
        "date": "2015-01-31", 
        "operating_revenue": 580181, 
        "short_term_average": 604273
    }, 
    {
        "accumulated_operating_revenue_yoy": -10.63396826767138, 
        "accumulated_operating_revenue": 1159392, 
        "long_term_average": 627220, 
        "date": "2015-02-28", 
        "operating_revenue": 579211, 
        "short_term_average": 600622
    }, 
    {
        "accumulated_operating_revenue_yoy": -4.8628738350792515, 
        "accumulated_operating_revenue": 1978211, 
        "long_term_average": 630290, 
        "date": "2015-03-31", 
        "operating_revenue": 818819, 
        "short_term_average": 659403
    }, 
    {
        "accumulated_operating_revenue_yoy": -5.332525553839481, 
        "accumulated_operating_revenue": 2645475, 
        "long_term_average": 626299, 
        "date": "2015-04-30", 
        "operating_revenue": 667264, 
        "short_term_average": 688431
    }, 
    {
        "accumulated_operating_revenue_yoy": -4.075331334564466, 
        "accumulated_operating_revenue": 3290643, 
        "long_term_average": 627067, 
        "date": "2015-05-31", 
        "operating_revenue": 645168, 
        "short_term_average": 710417
    }, 
    {
        "accumulated_operating_revenue_yoy": -2.3747333986182695, 
        "accumulated_operating_revenue": 3960742, 
        "long_term_average": 630688, 
        "date": "2015-06-30", 
        "operating_revenue": 670099, 
        "short_term_average": 660843
    }, 
    {
        "accumulated_operating_revenue_yoy": -1.6580447371020652, 
        "accumulated_operating_revenue": 4599290, 
        "long_term_average": 632255, 
        "date": "2015-07-31", 
        "operating_revenue": 638548, 
        "short_term_average": 651271
    }, 
    {
        "accumulated_operating_revenue_yoy": -0.3390220011192574, 
        "accumulated_operating_revenue": 5221426, 
        "long_term_average": 637237, 
        "date": "2015-08-31", 
        "operating_revenue": 622136, 
        "short_term_average": 643594
    }, 
    {
        "accumulated_operating_revenue_yoy": -0.9908422979993081, 
        "accumulated_operating_revenue": 5792408, 
        "long_term_average": 633886, 
        "date": "2015-09-30", 
        "operating_revenue": 570982, 
        "short_term_average": 610555
    }
]