[
    {
        "date": "2011-09-30", 
        "operating_revenue": 5014749, 
        "accumulated_operating_revenue": 5014749, 
        "long_term_average": 5014749, 
        "short_term_average": 5014749
    }, 
    {
        "date": "2011-10-31", 
        "operating_revenue": 4069075, 
        "accumulated_operating_revenue": 9083824, 
        "long_term_average": 4541912, 
        "short_term_average": 4541912
    }, 
    {
        "date": "2011-11-30", 
        "operating_revenue": 4151020, 
        "accumulated_operating_revenue": 13234844, 
        "long_term_average": 4411614, 
        "short_term_average": 4411614
    }, 
    {
        "date": "2011-12-31", 
        "operating_revenue": 4880168, 
        "accumulated_operating_revenue": 18115012, 
        "long_term_average": 4528753, 
        "short_term_average": 4366754
    }, 
    {
        "date": "2012-01-31", 
        "operating_revenue": 3632489, 
        "accumulated_operating_revenue": 3632489, 
        "long_term_average": 4349500, 
        "short_term_average": 4221225
    }, 
    {
        "date": "2012-02-29", 
        "operating_revenue": 4044718, 
        "accumulated_operating_revenue": 7677207, 
        "long_term_average": 4298703, 
        "short_term_average": 4185791
    }, 
    {
        "date": "2012-03-31", 
        "operating_revenue": 4137398, 
        "accumulated_operating_revenue": 11814605, 
        "long_term_average": 4275659, 
        "short_term_average": 3938201
    }, 
    {
        "date": "2012-04-30", 
        "operating_revenue": 3938437, 
        "accumulated_operating_revenue": 15753042, 
        "long_term_average": 4233506, 
        "short_term_average": 4040184
    }, 
    {
        "date": "2012-05-31", 
        "operating_revenue": 4053603, 
        "accumulated_operating_revenue": 19806645, 
        "long_term_average": 4213517, 
        "short_term_average": 4043146
    }, 
    {
        "date": "2012-06-30", 
        "operating_revenue": 4325258, 
        "accumulated_operating_revenue": 24131903, 
        "long_term_average": 4224691, 
        "short_term_average": 4105766
    }, 
    {
        "date": "2012-07-31", 
        "operating_revenue": 3961053, 
        "accumulated_operating_revenue": 28092956, 
        "long_term_average": 4200724, 
        "short_term_average": 4113304
    }, 
    {
        "date": "2012-08-31", 
        "operating_revenue": 3682501, 
        "accumulated_operating_revenue": 31775457, 
        "long_term_average": 4157539, 
        "short_term_average": 3989604
    }, 
    {
        "accumulated_operating_revenue_yoy": 608.1015221300208, 
        "accumulated_operating_revenue": 35509514, 
        "long_term_average": 4050814, 
        "date": "2012-09-30", 
        "operating_revenue": 3734057, 
        "short_term_average": 3792537
    }, 
    {
        "accumulated_operating_revenue_yoy": 328.6046493194936, 
        "accumulated_operating_revenue": 38933692, 
        "long_term_average": 3997073, 
        "date": "2012-10-31", 
        "operating_revenue": 3424178, 
        "short_term_average": 3613578
    }, 
    {
        "accumulated_operating_revenue_yoy": 218.24888906888512, 
        "accumulated_operating_revenue": 42119744, 
        "long_term_average": 3916659, 
        "date": "2012-11-30", 
        "operating_revenue": 3186052, 
        "short_term_average": 3448095
    }, 
    {
        "accumulated_operating_revenue_yoy": 150.42420065744366, 
        "accumulated_operating_revenue": 45364374, 
        "long_term_average": 3780364, 
        "date": "2012-12-31", 
        "operating_revenue": 3244630, 
        "short_term_average": 3284953
    }, 
    {
        "accumulated_operating_revenue_yoy": -0.14117042061242305, 
        "accumulated_operating_revenue": 3627361, 
        "long_term_average": 3779937, 
        "date": "2013-01-31", 
        "operating_revenue": 3627361, 
        "short_term_average": 3352681
    }, 
    {
        "accumulated_operating_revenue_yoy": -11.338329160591867, 
        "accumulated_operating_revenue": 6806740, 
        "long_term_average": 3707825, 
        "date": "2013-02-28", 
        "operating_revenue": 3179379, 
        "short_term_average": 3350456
    }, 
    {
        "accumulated_operating_revenue_yoy": -14.495507890445767, 
        "accumulated_operating_revenue": 10102018, 
        "long_term_average": 3637648, 
        "date": "2013-03-31", 
        "operating_revenue": 3295278, 
        "short_term_average": 3367339
    }, 
    {
        "accumulated_operating_revenue_yoy": -16.46184273488257, 
        "accumulated_operating_revenue": 13159801, 
        "long_term_average": 3564261, 
        "date": "2013-04-30", 
        "operating_revenue": 3057783, 
        "short_term_average": 3177480
    }, 
    {
        "accumulated_operating_revenue_yoy": -16.594395466773904, 
        "accumulated_operating_revenue": 16519852, 
        "long_term_average": 3506465, 
        "date": "2013-05-31", 
        "operating_revenue": 3360051, 
        "short_term_average": 3237704
    }, 
    {
        "accumulated_operating_revenue_yoy": -20.115574805683583, 
        "accumulated_operating_revenue": 19277632, 
        "long_term_average": 3375841, 
        "date": "2013-06-30", 
        "operating_revenue": 2757780, 
        "short_term_average": 3058538
    }, 
    {
        "accumulated_operating_revenue_yoy": -22.269126823108255, 
        "accumulated_operating_revenue": 21836900, 
        "long_term_average": 3259026, 
        "date": "2013-07-31", 
        "operating_revenue": 2559268, 
        "short_term_average": 2892366
    }, 
    {
        "accumulated_operating_revenue_yoy": -22.08428347702442, 
        "accumulated_operating_revenue": 24758075, 
        "long_term_average": 3195582, 
        "date": "2013-08-31", 
        "operating_revenue": 2921175, 
        "short_term_average": 2746074
    }, 
    {
        "accumulated_operating_revenue_yoy": -23.38071706641775, 
        "accumulated_operating_revenue": 27207135, 
        "long_term_average": 3088499, 
        "date": "2013-09-30", 
        "operating_revenue": 2449060, 
        "short_term_average": 2643167
    }, 
    {
        "accumulated_operating_revenue_yoy": -24.485923400226213, 
        "accumulated_operating_revenue": 29400418, 
        "long_term_average": 2985925, 
        "date": "2013-10-31", 
        "operating_revenue": 2193283, 
        "short_term_average": 2521172
    }, 
    {
        "accumulated_operating_revenue_yoy": -24.281785758242023, 
        "accumulated_operating_revenue": 31892318, 
        "long_term_average": 2928079, 
        "date": "2013-11-30", 
        "operating_revenue": 2491900, 
        "short_term_average": 2378081
    }, 
    {
        "accumulated_operating_revenue_yoy": -24.118871341639146, 
        "accumulated_operating_revenue": 34422999, 
        "long_term_average": 2868583, 
        "date": "2013-12-31", 
        "operating_revenue": 2530681, 
        "short_term_average": 2405288
    }, 
    {
        "accumulated_operating_revenue_yoy": -26.203981351732015, 
        "accumulated_operating_revenue": 2676848, 
        "long_term_average": 2789373, 
        "date": "2014-01-31", 
        "operating_revenue": 2676848, 
        "short_term_average": 2566476
    }, 
    {
        "accumulated_operating_revenue_yoy": -24.445887458607203, 
        "accumulated_operating_revenue": 5142772, 
        "long_term_average": 2729919, 
        "date": "2014-02-28", 
        "operating_revenue": 2465924, 
        "short_term_average": 2557817
    }, 
    {
        "accumulated_operating_revenue_yoy": -21.485845699344427, 
        "accumulated_operating_revenue": 7931514, 
        "long_term_average": 2687707, 
        "date": "2014-03-31", 
        "operating_revenue": 2788742, 
        "short_term_average": 2643838
    }, 
    {
        "accumulated_operating_revenue_yoy": -20.091626005590815, 
        "accumulated_operating_revenue": 10515783, 
        "long_term_average": 2648248, 
        "date": "2014-04-30", 
        "operating_revenue": 2584269, 
        "short_term_average": 2612978
    }, 
    {
        "accumulated_operating_revenue_yoy": -18.54042639122917, 
        "accumulated_operating_revenue": 13457001, 
        "long_term_average": 2613345, 
        "date": "2014-05-31", 
        "operating_revenue": 2941218, 
        "short_term_average": 2771409
    }, 
    {
        "accumulated_operating_revenue_yoy": -16.40106523456823, 
        "accumulated_operating_revenue": 16115895, 
        "long_term_average": 2605105, 
        "date": "2014-06-30", 
        "operating_revenue": 2658894, 
        "short_term_average": 2728127
    }, 
    {
        "accumulated_operating_revenue_yoy": -14.54407905884077, 
        "accumulated_operating_revenue": 18660924, 
        "long_term_average": 2603918, 
        "date": "2014-07-31", 
        "operating_revenue": 2545029, 
        "short_term_average": 2715047
    }, 
    {
        "accumulated_operating_revenue_yoy": -13.682453098635497, 
        "accumulated_operating_revenue": 21370563, 
        "long_term_average": 2586290, 
        "date": "2014-08-31", 
        "operating_revenue": 2709639, 
        "short_term_average": 2637854
    }, 
    {
        "accumulated_operating_revenue_yoy": -11.980122126052596, 
        "accumulated_operating_revenue": 23947687, 
        "long_term_average": 2596962, 
        "date": "2014-09-30", 
        "operating_revenue": 2577124, 
        "short_term_average": 2610597
    }, 
    {
        "accumulated_operating_revenue_yoy": -9.487110013197771, 
        "accumulated_operating_revenue": 26611168, 
        "long_term_average": 2636145, 
        "date": "2014-10-31", 
        "operating_revenue": 2663481, 
        "short_term_average": 2650081
    }, 
    {
        "accumulated_operating_revenue_yoy": -8.137567799242438, 
        "accumulated_operating_revenue": 29297059, 
        "long_term_average": 2652311, 
        "date": "2014-11-30", 
        "operating_revenue": 2685891, 
        "short_term_average": 2642165
    }, 
    {
        "accumulated_operating_revenue_yoy": -7.420692775780519, 
        "accumulated_operating_revenue": 31868574, 
        "long_term_average": 2655714, 
        "date": "2014-12-31", 
        "operating_revenue": 2571515, 
        "short_term_average": 2640295
    }, 
    {
        "accumulated_operating_revenue_yoy": -8.38781283061272, 
        "accumulated_operating_revenue": 2452319, 
        "long_term_average": 2637003, 
        "date": "2015-01-31", 
        "operating_revenue": 2452319, 
        "short_term_average": 2569908
    }, 
    {
        "accumulated_operating_revenue_yoy": -14.449269771243992, 
        "accumulated_operating_revenue": 4399679, 
        "long_term_average": 2593790, 
        "date": "2015-02-28", 
        "operating_revenue": 1947360, 
        "short_term_average": 2323731
    }, 
    {
        "accumulated_operating_revenue_yoy": -14.822378173952666, 
        "accumulated_operating_revenue": 6755875, 
        "long_term_average": 2557744, 
        "date": "2015-03-31", 
        "operating_revenue": 2356196, 
        "short_term_average": 2251958
    }, 
    {
        "accumulated_operating_revenue_yoy": -14.179704925443973, 
        "accumulated_operating_revenue": 9024676, 
        "long_term_average": 2531455, 
        "date": "2015-04-30", 
        "operating_revenue": 2268801, 
        "short_term_average": 2190785
    }, 
    {
        "accumulated_operating_revenue_yoy": -17.36895910166017, 
        "accumulated_operating_revenue": 11119660, 
        "long_term_average": 2460936, 
        "date": "2015-05-31", 
        "operating_revenue": 2094984, 
        "short_term_average": 2239993
    }, 
    {
        "accumulated_operating_revenue_yoy": -17.699916759199535, 
        "accumulated_operating_revenue": 13263395, 
        "long_term_average": 2418006, 
        "date": "2015-06-30", 
        "operating_revenue": 2143735, 
        "short_term_average": 2169173
    }, 
    {
        "accumulated_operating_revenue_yoy": -17.511485497717047, 
        "accumulated_operating_revenue": 15393119, 
        "long_term_average": 2383397, 
        "date": "2015-07-31", 
        "operating_revenue": 2129724, 
        "short_term_average": 2122814
    }, 
    {
        "accumulated_operating_revenue_yoy": -18.139175837342236, 
        "accumulated_operating_revenue": 17494119, 
        "long_term_average": 2332677, 
        "date": "2015-08-31", 
        "operating_revenue": 2101000, 
        "short_term_average": 2124819
    }, 
    {
        "accumulated_operating_revenue_yoy": -17.82468177406862, 
        "accumulated_operating_revenue": 19679088, 
        "long_term_average": 2299997, 
        "date": "2015-09-30", 
        "operating_revenue": 2184969, 
        "short_term_average": 2138564
    }, 
    {
        "accumulated_operating_revenue_yoy": -17.877185999502164, 
        "accumulated_operating_revenue": 21853840, 
        "long_term_average": 2259270, 
        "date": "2015-10-31", 
        "operating_revenue": 2174752, 
        "short_term_average": 2153573
    }
]