[
    {
        "date": "2011-09-30", 
        "operating_revenue": 2097504, 
        "accumulated_operating_revenue": 2097504, 
        "long_term_average": 2097504, 
        "short_term_average": 2097504
    }, 
    {
        "date": "2011-10-31", 
        "operating_revenue": 1883314, 
        "accumulated_operating_revenue": 3980818, 
        "long_term_average": 1990409, 
        "short_term_average": 1990409
    }, 
    {
        "date": "2011-11-30", 
        "operating_revenue": 1803838, 
        "accumulated_operating_revenue": 5784656, 
        "long_term_average": 1928218, 
        "short_term_average": 1928218
    }, 
    {
        "date": "2011-12-31", 
        "operating_revenue": 2345344, 
        "accumulated_operating_revenue": 8130000, 
        "long_term_average": 2032500, 
        "short_term_average": 2010832
    }, 
    {
        "date": "2012-01-31", 
        "operating_revenue": 1883486, 
        "accumulated_operating_revenue": 1883486, 
        "long_term_average": 2002697, 
        "short_term_average": 2010889
    }, 
    {
        "date": "2012-02-29", 
        "operating_revenue": 1967646, 
        "accumulated_operating_revenue": 3851132, 
        "long_term_average": 1996855, 
        "short_term_average": 2065492
    }, 
    {
        "date": "2012-03-31", 
        "operating_revenue": 2120236, 
        "accumulated_operating_revenue": 5971368, 
        "long_term_average": 2014481, 
        "short_term_average": 1990456
    }, 
    {
        "date": "2012-04-30", 
        "operating_revenue": 2110538, 
        "accumulated_operating_revenue": 8081906, 
        "long_term_average": 2026488, 
        "short_term_average": 2066140
    }, 
    {
        "date": "2012-05-31", 
        "operating_revenue": 2194607, 
        "accumulated_operating_revenue": 10276513, 
        "long_term_average": 2045168, 
        "short_term_average": 2141793
    }, 
    {
        "date": "2012-06-30", 
        "operating_revenue": 2041048, 
        "accumulated_operating_revenue": 12317561, 
        "long_term_average": 2044756, 
        "short_term_average": 2115397
    }, 
    {
        "date": "2012-07-31", 
        "operating_revenue": 1837524, 
        "accumulated_operating_revenue": 14155085, 
        "long_term_average": 2025916, 
        "short_term_average": 2024393
    }, 
    {
        "date": "2012-08-31", 
        "operating_revenue": 1930935, 
        "accumulated_operating_revenue": 16086020, 
        "long_term_average": 2018001, 
        "short_term_average": 1936502
    }, 
    {
        "accumulated_operating_revenue_yoy": 755.5013482691809, 
        "accumulated_operating_revenue": 17944175, 
        "long_term_average": 1998055, 
        "date": "2012-09-30", 
        "operating_revenue": 1858155, 
        "short_term_average": 1875538
    }, 
    {
        "accumulated_operating_revenue_yoy": 400.6561214303191, 
        "accumulated_operating_revenue": 19930209, 
        "long_term_average": 2006615, 
        "date": "2012-10-31", 
        "operating_revenue": 1986034, 
        "short_term_average": 1925041
    }, 
    {
        "accumulated_operating_revenue_yoy": 277.0879028934478, 
        "accumulated_operating_revenue": 21813238, 
        "long_term_average": 2013215, 
        "date": "2012-11-30", 
        "operating_revenue": 1883029, 
        "short_term_average": 1909072
    }, 
    {
        "accumulated_operating_revenue_yoy": 186.78965559655595, 
        "accumulated_operating_revenue": 23315999, 
        "long_term_average": 1942999, 
        "date": "2012-12-31", 
        "operating_revenue": 1502761, 
        "short_term_average": 1790608
    }, 
    {
        "accumulated_operating_revenue_yoy": -2.3974162802378145, 
        "accumulated_operating_revenue": 1838331, 
        "long_term_average": 1939237, 
        "date": "2013-01-31", 
        "operating_revenue": 1838331, 
        "short_term_average": 1741373
    }, 
    {
        "accumulated_operating_revenue_yoy": -9.198931638801266, 
        "accumulated_operating_revenue": 3496869, 
        "long_term_average": 1913478, 
        "date": "2013-02-28", 
        "operating_revenue": 1658538, 
        "short_term_average": 1666543
    }, 
    {
        "accumulated_operating_revenue_yoy": -9.170947092860464, 
        "accumulated_operating_revenue": 5423737, 
        "long_term_average": 1897364, 
        "date": "2013-03-31", 
        "operating_revenue": 1926868, 
        "short_term_average": 1807912
    }, 
    {
        "accumulated_operating_revenue_yoy": -10.835835012186482, 
        "accumulated_operating_revenue": 7206164, 
        "long_term_average": 1870021, 
        "date": "2013-04-30", 
        "operating_revenue": 1782427, 
        "short_term_average": 1789277
    }, 
    {
        "accumulated_operating_revenue_yoy": -10.764390606035334, 
        "accumulated_operating_revenue": 9170309, 
        "long_term_average": 1850816, 
        "date": "2013-05-31", 
        "operating_revenue": 1964145, 
        "short_term_average": 1891146
    }, 
    {
        "accumulated_operating_revenue_yoy": -9.790460952456415, 
        "accumulated_operating_revenue": 11111615, 
        "long_term_average": 1842504, 
        "date": "2013-06-30", 
        "operating_revenue": 1941306, 
        "short_term_average": 1895959
    }, 
    {
        "accumulated_operating_revenue_yoy": -8.976703424952941, 
        "accumulated_operating_revenue": 12884425, 
        "long_term_average": 1837111, 
        "date": "2013-07-31", 
        "operating_revenue": 1772810, 
        "short_term_average": 1892753
    }, 
    {
        "accumulated_operating_revenue_yoy": -8.820435384265343, 
        "accumulated_operating_revenue": 14667163, 
        "long_term_average": 1824761, 
        "date": "2013-08-31", 
        "operating_revenue": 1782738, 
        "short_term_average": 1832284
    }, 
    {
        "accumulated_operating_revenue_yoy": -8.610142288514238, 
        "accumulated_operating_revenue": 16399156, 
        "long_term_average": 1814248, 
        "date": "2013-09-30", 
        "operating_revenue": 1731993, 
        "short_term_average": 1762513
    }, 
    {
        "accumulated_operating_revenue_yoy": -8.852531350775097, 
        "accumulated_operating_revenue": 18165881, 
        "long_term_average": 1795972, 
        "date": "2013-10-31", 
        "operating_revenue": 1766725, 
        "short_term_average": 1760485
    }, 
    {
        "accumulated_operating_revenue_yoy": -9.056381267191968, 
        "accumulated_operating_revenue": 19837748, 
        "long_term_average": 1778375, 
        "date": "2013-11-30", 
        "operating_revenue": 1671867, 
        "short_term_average": 1723528
    }, 
    {
        "accumulated_operating_revenue_yoy": -7.6537145159424655, 
        "accumulated_operating_revenue": 21531459, 
        "long_term_average": 1794288, 
        "date": "2013-12-31", 
        "operating_revenue": 1693711, 
        "short_term_average": 1710767
    }, 
    {
        "accumulated_operating_revenue_yoy": 0.2790030739839561, 
        "accumulated_operating_revenue": 1843460, 
        "long_term_average": 1794715, 
        "date": "2014-01-31", 
        "operating_revenue": 1843460, 
        "short_term_average": 1736346
    }, 
    {
        "accumulated_operating_revenue_yoy": 2.104196639908444, 
        "accumulated_operating_revenue": 3570450, 
        "long_term_average": 1800420, 
        "date": "2014-02-28", 
        "operating_revenue": 1726990, 
        "short_term_average": 1754720
    }, 
    {
        "accumulated_operating_revenue_yoy": 0.8586330790006964, 
        "accumulated_operating_revenue": 5470307, 
        "long_term_average": 1798169, 
        "date": "2014-03-31", 
        "operating_revenue": 1899857, 
        "short_term_average": 1823435
    }, 
    {
        "accumulated_operating_revenue_yoy": 3.3644529877477116, 
        "accumulated_operating_revenue": 7448612, 
        "long_term_average": 1814492, 
        "date": "2014-04-30", 
        "operating_revenue": 1978305, 
        "short_term_average": 1868384
    }, 
    {
        "accumulated_operating_revenue_yoy": 2.6005666766517903, 
        "accumulated_operating_revenue": 9408789, 
        "long_term_average": 1814161, 
        "date": "2014-05-31", 
        "operating_revenue": 1960177, 
        "short_term_average": 1946113
    }, 
    {
        "accumulated_operating_revenue_yoy": 1.8154606688586674, 
        "accumulated_operating_revenue": 11313342, 
        "long_term_average": 1811098, 
        "date": "2014-06-30", 
        "operating_revenue": 1904553, 
        "short_term_average": 1947678
    }, 
    {
        "accumulated_operating_revenue_yoy": 2.208441587420471, 
        "accumulated_operating_revenue": 13168970, 
        "long_term_average": 1818000, 
        "date": "2014-07-31", 
        "operating_revenue": 1855628, 
        "short_term_average": 1906786
    }, 
    {
        "accumulated_operating_revenue_yoy": 2.4784002195925687, 
        "accumulated_operating_revenue": 15030674, 
        "long_term_average": 1824580, 
        "date": "2014-08-31", 
        "operating_revenue": 1861704, 
        "short_term_average": 1873961
    }, 
    {
        "accumulated_operating_revenue_yoy": 2.930260557311608, 
        "accumulated_operating_revenue": 16879694, 
        "long_term_average": 1834333, 
        "date": "2014-09-30", 
        "operating_revenue": 1849020, 
        "short_term_average": 1855450
    }, 
    {
        "accumulated_operating_revenue_yoy": 3.5328041618240262, 
        "accumulated_operating_revenue": 18807646, 
        "long_term_average": 1847768, 
        "date": "2014-10-31", 
        "operating_revenue": 1927952, 
        "short_term_average": 1879558
    }, 
    {
        "accumulated_operating_revenue_yoy": 3.364494800518688, 
        "accumulated_operating_revenue": 20505188, 
        "long_term_average": 1849908, 
        "date": "2014-11-30", 
        "operating_revenue": 1697542, 
        "short_term_average": 1824838
    }, 
    {
        "accumulated_operating_revenue_yoy": 2.2068685638070322, 
        "accumulated_operating_revenue": 22006630, 
        "long_term_average": 1833885, 
        "date": "2014-12-31", 
        "operating_revenue": 1501442, 
        "short_term_average": 1708978
    }, 
    {
        "accumulated_operating_revenue_yoy": -4.632647304525187, 
        "accumulated_operating_revenue": 1758059, 
        "long_term_average": 1826769, 
        "date": "2015-01-31", 
        "operating_revenue": 1758059, 
        "short_term_average": 1652347
    }, 
    {
        "accumulated_operating_revenue_yoy": -12.734109145905977, 
        "accumulated_operating_revenue": 3115785, 
        "long_term_average": 1795997, 
        "date": "2015-02-28", 
        "operating_revenue": 1357726, 
        "short_term_average": 1539075
    }, 
    {
        "accumulated_operating_revenue_yoy": -14.986014496078557, 
        "accumulated_operating_revenue": 4650526, 
        "long_term_average": 1765570, 
        "date": "2015-03-31", 
        "operating_revenue": 1534741, 
        "short_term_average": 1550175
    }, 
    {
        "accumulated_operating_revenue_yoy": -18.672942019264795, 
        "accumulated_operating_revenue": 6057737, 
        "long_term_average": 1717979, 
        "date": "2015-04-30", 
        "operating_revenue": 1407211, 
        "short_term_average": 1433226
    }, 
    {
        "accumulated_operating_revenue_yoy": -21.01156695085839, 
        "accumulated_operating_revenue": 7431855, 
        "long_term_average": 1669141, 
        "date": "2015-05-31", 
        "operating_revenue": 1374118, 
        "short_term_average": 1438690
    }, 
    {
        "accumulated_operating_revenue_yoy": -21.4685722397502, 
        "accumulated_operating_revenue": 8884529, 
        "long_term_average": 1631484, 
        "date": "2015-06-30", 
        "operating_revenue": 1452674, 
        "short_term_average": 1411334
    }, 
    {
        "accumulated_operating_revenue_yoy": -21.86590902705375, 
        "accumulated_operating_revenue": 10289455, 
        "long_term_average": 1593926, 
        "date": "2015-07-31", 
        "operating_revenue": 1404926, 
        "short_term_average": 1410572
    }, 
    {
        "accumulated_operating_revenue_yoy": -21.613288931687293, 
        "accumulated_operating_revenue": 11782051, 
        "long_term_average": 1563167, 
        "date": "2015-08-31", 
        "operating_revenue": 1492596, 
        "short_term_average": 1450065
    }
]