[
    {
        "date": "2012-01-31", 
        "operating_revenue": 7925475, 
        "accumulated_operating_revenue": 7925475, 
        "long_term_average": 7925475, 
        "short_term_average": 7925475
    }, 
    {
        "date": "2012-02-29", 
        "operating_revenue": 11061160, 
        "accumulated_operating_revenue": 18986635, 
        "long_term_average": 9493317, 
        "short_term_average": 9493317
    }, 
    {
        "date": "2012-03-31", 
        "operating_revenue": 11801272, 
        "accumulated_operating_revenue": 30787907, 
        "long_term_average": 10262635, 
        "short_term_average": 10262635
    }, 
    {
        "date": "2012-04-30", 
        "operating_revenue": 11384050, 
        "accumulated_operating_revenue": 42171957, 
        "long_term_average": 10542989, 
        "short_term_average": 11415494
    }, 
    {
        "date": "2012-05-31", 
        "operating_revenue": 11731784, 
        "accumulated_operating_revenue": 53903741, 
        "long_term_average": 10780748, 
        "short_term_average": 11639035
    }, 
    {
        "date": "2012-06-30", 
        "operating_revenue": 11838858, 
        "accumulated_operating_revenue": 65742599, 
        "long_term_average": 10957099, 
        "short_term_average": 11651564
    }, 
    {
        "date": "2012-07-31", 
        "operating_revenue": 10095284, 
        "accumulated_operating_revenue": 75837883, 
        "long_term_average": 10833983, 
        "short_term_average": 11221975
    }, 
    {
        "date": "2012-08-31", 
        "operating_revenue": 11987374, 
        "accumulated_operating_revenue": 87825257, 
        "long_term_average": 10978157, 
        "short_term_average": 11307172
    }, 
    {
        "date": "2012-09-30", 
        "operating_revenue": 11031553, 
        "accumulated_operating_revenue": 98856810, 
        "long_term_average": 10984090, 
        "short_term_average": 11038070
    }, 
    {
        "date": "2012-10-31", 
        "operating_revenue": 11017429, 
        "accumulated_operating_revenue": 109874239, 
        "long_term_average": 10987423, 
        "short_term_average": 11345452
    }, 
    {
        "date": "2012-11-30", 
        "operating_revenue": 10600970, 
        "accumulated_operating_revenue": 120475209, 
        "long_term_average": 10952291, 
        "short_term_average": 10883317
    }, 
    {
        "date": "2012-12-31", 
        "operating_revenue": 9767078, 
        "accumulated_operating_revenue": 130242287, 
        "long_term_average": 10853523, 
        "short_term_average": 10461825
    }, 
    {
        "accumulated_operating_revenue_yoy": 24.89970632675013, 
        "accumulated_operating_revenue": 9898895, 
        "long_term_average": 11017975, 
        "date": "2013-01-31", 
        "operating_revenue": 9898895, 
        "short_term_average": 10088981
    }, 
    {
        "accumulated_operating_revenue_yoy": -4.478160558729864, 
        "accumulated_operating_revenue": 18136383, 
        "long_term_average": 10782669, 
        "date": "2013-02-28", 
        "operating_revenue": 8237488, 
        "short_term_average": 9301153
    }, 
    {
        "accumulated_operating_revenue_yoy": -1.9310016754305512, 
        "accumulated_operating_revenue": 30193392, 
        "long_term_average": 10803981, 
        "date": "2013-03-31", 
        "operating_revenue": 12057009, 
        "short_term_average": 10064464
    }, 
    {
        "accumulated_operating_revenue_yoy": -0.695296165648656, 
        "accumulated_operating_revenue": 41878737, 
        "long_term_average": 10829088, 
        "date": "2013-04-30", 
        "operating_revenue": 11685345, 
        "short_term_average": 10659947
    }, 
    {
        "accumulated_operating_revenue_yoy": 0.19695479020649048, 
        "accumulated_operating_revenue": 54009907, 
        "long_term_average": 10862371, 
        "date": "2013-05-31", 
        "operating_revenue": 12131170, 
        "short_term_average": 11957841
    }, 
    {
        "accumulated_operating_revenue_yoy": -0.2958614398557623, 
        "accumulated_operating_revenue": 65548092, 
        "long_term_average": 10837315, 
        "date": "2013-06-30", 
        "operating_revenue": 11538185, 
        "short_term_average": 11784900
    }, 
    {
        "accumulated_operating_revenue_yoy": 2.236696137733697, 
        "accumulated_operating_revenue": 77534146, 
        "long_term_average": 10994879, 
        "date": "2013-07-31", 
        "operating_revenue": 11986054, 
        "short_term_average": 11885136
    }, 
    {
        "accumulated_operating_revenue_yoy": 1.7402943665738433, 
        "accumulated_operating_revenue": 89353675, 
        "long_term_average": 10980892, 
        "date": "2013-08-31", 
        "operating_revenue": 11819529, 
        "short_term_average": 11781256
    }, 
    {
        "accumulated_operating_revenue_yoy": 1.7191319444760558, 
        "accumulated_operating_revenue": 100556289, 
        "long_term_average": 10995147, 
        "date": "2013-09-30", 
        "operating_revenue": 11202614, 
        "short_term_average": 11669399
    }, 
    {
        "accumulated_operating_revenue_yoy": 1.3687421307191032, 
        "accumulated_operating_revenue": 111378134, 
        "long_term_average": 10978848, 
        "date": "2013-10-31", 
        "operating_revenue": 10821845, 
        "short_term_average": 11281329
    }, 
    {
        "accumulated_operating_revenue_yoy": 1.6477946097607516, 
        "accumulated_operating_revenue": 122460393, 
        "long_term_average": 11018955, 
        "date": "2013-11-30", 
        "operating_revenue": 11082259, 
        "short_term_average": 11035572
    }, 
    {
        "accumulated_operating_revenue_yoy": 2.3581373382978144, 
        "accumulated_operating_revenue": 133313579, 
        "long_term_average": 11109464, 
        "date": "2013-12-31", 
        "operating_revenue": 10853186, 
        "short_term_average": 10919096
    }, 
    {
        "accumulated_operating_revenue_yoy": -2.4489602122257077, 
        "accumulated_operating_revenue": 9656475, 
        "long_term_average": 11089263, 
        "date": "2014-01-31", 
        "operating_revenue": 9656475, 
        "short_term_average": 10530640
    }, 
    {
        "accumulated_operating_revenue_yoy": 6.2713938054792955, 
        "accumulated_operating_revenue": 19273787, 
        "long_term_average": 11204248, 
        "date": "2014-02-28", 
        "operating_revenue": 9617312, 
        "short_term_average": 10042324
    }, 
    {
        "accumulated_operating_revenue_yoy": 5.081893415618888, 
        "accumulated_operating_revenue": 31727788, 
        "long_term_average": 11237331, 
        "date": "2014-03-31", 
        "operating_revenue": 12454001, 
        "short_term_average": 10575929
    }, 
    {
        "accumulated_operating_revenue_yoy": 1.6081860348367238, 
        "accumulated_operating_revenue": 42552225, 
        "long_term_average": 11165588, 
        "date": "2014-04-30", 
        "operating_revenue": 10824437, 
        "short_term_average": 10965250
    }, 
    {
        "accumulated_operating_revenue_yoy": -0.7246707534601013, 
        "accumulated_operating_revenue": 53618513, 
        "long_term_average": 11076848, 
        "date": "2014-05-31", 
        "operating_revenue": 11066288, 
        "short_term_average": 11448242
    }, 
    {
        "accumulated_operating_revenue_yoy": -1.7153710591606541, 
        "accumulated_operating_revenue": 64423699, 
        "long_term_average": 11015765, 
        "date": "2014-06-30", 
        "operating_revenue": 10805186, 
        "short_term_average": 10898637
    }, 
    {
        "accumulated_operating_revenue_yoy": -2.0710165557250093, 
        "accumulated_operating_revenue": 75928401, 
        "long_term_average": 10975652, 
        "date": "2014-07-31", 
        "operating_revenue": 11504702, 
        "short_term_average": 11125392
    }, 
    {
        "accumulated_operating_revenue_yoy": -2.43644147820445, 
        "accumulated_operating_revenue": 87176625, 
        "long_term_average": 10928044, 
        "date": "2014-08-31", 
        "operating_revenue": 11248224, 
        "short_term_average": 11186037
    }, 
    {
        "accumulated_operating_revenue_yoy": -1.8531859305189753, 
        "accumulated_operating_revenue": 98692794, 
        "long_term_average": 10954173, 
        "date": "2014-09-30", 
        "operating_revenue": 11516169, 
        "short_term_average": 11423031
    }, 
    {
        "accumulated_operating_revenue_yoy": -1.8988305191035073, 
        "accumulated_operating_revenue": 109263252, 
        "long_term_average": 10933224, 
        "date": "2014-10-31", 
        "operating_revenue": 10570458, 
        "short_term_average": 11111617
    }, 
    {
        "accumulated_operating_revenue_yoy": -2.6347212522827688, 
        "accumulated_operating_revenue": 119233903, 
        "long_term_average": 10840590, 
        "date": "2014-11-30", 
        "operating_revenue": 9970651, 
        "short_term_average": 10685759
    }, 
    {
        "accumulated_operating_revenue_yoy": -3.216063233888575, 
        "accumulated_operating_revenue": 129026130, 
        "long_term_average": 10752177, 
        "date": "2014-12-31", 
        "operating_revenue": 9792227, 
        "short_term_average": 10111112
    }, 
    {
        "accumulated_operating_revenue_yoy": 4.16364149443767, 
        "accumulated_operating_revenue": 10058536, 
        "long_term_average": 10785682, 
        "date": "2015-01-31", 
        "operating_revenue": 10058536, 
        "short_term_average": 9940471
    }, 
    {
        "accumulated_operating_revenue_yoy": -8.707743838821088, 
        "accumulated_operating_revenue": 17595475, 
        "long_term_average": 10612318, 
        "date": "2015-02-28", 
        "operating_revenue": 7536939, 
        "short_term_average": 9129234
    }, 
    {
        "accumulated_operating_revenue_yoy": -8.963971897442079, 
        "accumulated_operating_revenue": 28883718, 
        "long_term_average": 10515171, 
        "date": "2015-03-31", 
        "operating_revenue": 11288243, 
        "short_term_average": 9627906
    }, 
    {
        "accumulated_operating_revenue_yoy": -7.702370440088621, 
        "accumulated_operating_revenue": 39274695, 
        "long_term_average": 10479050, 
        "date": "2015-04-30", 
        "operating_revenue": 10390977, 
        "short_term_average": 9738719
    }, 
    {
        "accumulated_operating_revenue_yoy": -7.634019988581183, 
        "accumulated_operating_revenue": 49525265, 
        "long_term_average": 10411073, 
        "date": "2015-05-31", 
        "operating_revenue": 10250570, 
        "short_term_average": 10643263
    }, 
    {
        "accumulated_operating_revenue_yoy": -6.755878764427979, 
        "accumulated_operating_revenue": 60071312, 
        "long_term_average": 10389478, 
        "date": "2015-06-30", 
        "operating_revenue": 10546047, 
        "short_term_average": 10395864
    }, 
    {
        "accumulated_operating_revenue_yoy": -8.212677888475486, 
        "accumulated_operating_revenue": 69692646, 
        "long_term_average": 10232531, 
        "date": "2015-07-31", 
        "operating_revenue": 9621334, 
        "short_term_average": 10139317
    }, 
    {
        "accumulated_operating_revenue_yoy": -9.100313300727116, 
        "accumulated_operating_revenue": 79243279, 
        "long_term_average": 10091065, 
        "date": "2015-08-31", 
        "operating_revenue": 9550633, 
        "short_term_average": 9906004
    }
]