[
    {
        "date": "2012-01-31", 
        "operating_revenue": 1945014, 
        "accumulated_operating_revenue": 1945014, 
        "long_term_average": 1945014, 
        "short_term_average": 1945014
    }, 
    {
        "date": "2012-02-29", 
        "operating_revenue": 2357091, 
        "accumulated_operating_revenue": 4302105, 
        "long_term_average": 2151052, 
        "short_term_average": 2151052
    }, 
    {
        "date": "2012-03-31", 
        "operating_revenue": 2685426, 
        "accumulated_operating_revenue": 6987531, 
        "long_term_average": 2329177, 
        "short_term_average": 2329177
    }, 
    {
        "date": "2012-04-30", 
        "operating_revenue": 2651700, 
        "accumulated_operating_revenue": 9639231, 
        "long_term_average": 2409807, 
        "short_term_average": 2564739
    }, 
    {
        "date": "2012-05-31", 
        "operating_revenue": 2703351, 
        "accumulated_operating_revenue": 12342582, 
        "long_term_average": 2468516, 
        "short_term_average": 2680159
    }, 
    {
        "date": "2012-06-30", 
        "operating_revenue": 2584749, 
        "accumulated_operating_revenue": 14927331, 
        "long_term_average": 2487888, 
        "short_term_average": 2646600
    }, 
    {
        "date": "2012-07-31", 
        "operating_revenue": 2604805, 
        "accumulated_operating_revenue": 17532136, 
        "long_term_average": 2504590, 
        "short_term_average": 2630968
    }, 
    {
        "date": "2012-08-31", 
        "operating_revenue": 2495045, 
        "accumulated_operating_revenue": 20027181, 
        "long_term_average": 2503397, 
        "short_term_average": 2561533
    }, 
    {
        "date": "2012-09-30", 
        "operating_revenue": 2390947, 
        "accumulated_operating_revenue": 22418128, 
        "long_term_average": 2490903, 
        "short_term_average": 2496932
    }, 
    {
        "date": "2012-10-31", 
        "operating_revenue": 2209528, 
        "accumulated_operating_revenue": 24627656, 
        "long_term_average": 2462765, 
        "short_term_average": 2365173
    }, 
    {
        "date": "2012-11-30", 
        "operating_revenue": 2218564, 
        "accumulated_operating_revenue": 26846220, 
        "long_term_average": 2440565, 
        "short_term_average": 2273013
    }, 
    {
        "date": "2012-12-31", 
        "operating_revenue": 2496927, 
        "accumulated_operating_revenue": 29343147, 
        "long_term_average": 2445262, 
        "short_term_average": 2308339
    }, 
    {
        "accumulated_operating_revenue_yoy": 23.21942155686283, 
        "accumulated_operating_revenue": 2396635, 
        "long_term_average": 2482897, 
        "date": "2013-01-31", 
        "operating_revenue": 2396635, 
        "short_term_average": 2370708
    }, 
    {
        "accumulated_operating_revenue_yoy": -4.156081732082318, 
        "accumulated_operating_revenue": 4123306, 
        "long_term_average": 2430362, 
        "date": "2013-02-28", 
        "operating_revenue": 1726671, 
        "short_term_average": 2206744
    }, 
    {
        "accumulated_operating_revenue_yoy": -3.0473424733285617, 
        "accumulated_operating_revenue": 6774597, 
        "long_term_average": 2427517, 
        "date": "2013-03-31", 
        "operating_revenue": 2651291, 
        "short_term_average": 2258199
    }, 
    {
        "accumulated_operating_revenue_yoy": -1.3877974290687711, 
        "accumulated_operating_revenue": 9505458, 
        "long_term_average": 2434114, 
        "date": "2013-04-30", 
        "operating_revenue": 2730861, 
        "short_term_average": 2369607
    }, 
    {
        "accumulated_operating_revenue_yoy": -1.701321490106365, 
        "accumulated_operating_revenue": 12132595, 
        "long_term_average": 2427763, 
        "date": "2013-05-31", 
        "operating_revenue": 2627137, 
        "short_term_average": 2669763
    }, 
    {
        "accumulated_operating_revenue_yoy": -1.707110266396585, 
        "accumulated_operating_revenue": 14672505, 
        "long_term_average": 2424026, 
        "date": "2013-06-30", 
        "operating_revenue": 2539910, 
        "short_term_average": 2632636
    }, 
    {
        "accumulated_operating_revenue_yoy": -2.43067929657858, 
        "accumulated_operating_revenue": 17105986, 
        "long_term_average": 2409749, 
        "date": "2013-07-31", 
        "operating_revenue": 2433481, 
        "short_term_average": 2533509
    }, 
    {
        "accumulated_operating_revenue_yoy": -1.8658092719090122, 
        "accumulated_operating_revenue": 19653512, 
        "long_term_average": 2414123, 
        "date": "2013-08-31", 
        "operating_revenue": 2547526, 
        "short_term_average": 2506972
    }, 
    {
        "accumulated_operating_revenue_yoy": -1.6462346900686802, 
        "accumulated_operating_revenue": 22049073, 
        "long_term_average": 2414507, 
        "date": "2013-09-30", 
        "operating_revenue": 2395561, 
        "short_term_average": 2458856
    }, 
    {
        "accumulated_operating_revenue_yoy": -1.865439406819715, 
        "accumulated_operating_revenue": 24168242, 
        "long_term_average": 2406977, 
        "date": "2013-10-31", 
        "operating_revenue": 2119169, 
        "short_term_average": 2354085
    }, 
    {
        "accumulated_operating_revenue_yoy": -1.0453762205628947, 
        "accumulated_operating_revenue": 26565576, 
        "long_term_average": 2421875, 
        "date": "2013-11-30", 
        "operating_revenue": 2397334, 
        "short_term_average": 2304021
    }, 
    {
        "accumulated_operating_revenue_yoy": 10.589995681104007, 
        "accumulated_operating_revenue": 32450585, 
        "long_term_average": 2704215, 
        "date": "2013-12-31", 
        "operating_revenue": 5885009, 
        "short_term_average": 3467170
    }, 
    {
        "accumulated_operating_revenue_yoy": 10.780698771402404, 
        "accumulated_operating_revenue": 2655009, 
        "long_term_average": 2725746, 
        "date": "2014-01-31", 
        "operating_revenue": 2655009, 
        "short_term_average": 3645784
    }, 
    {
        "accumulated_operating_revenue_yoy": 16.507021307659436, 
        "accumulated_operating_revenue": 4803941, 
        "long_term_average": 2760935, 
        "date": "2014-02-28", 
        "operating_revenue": 2148932, 
        "short_term_average": 3562983
    }, 
    {
        "accumulated_operating_revenue_yoy": 16.73484046357296, 
        "accumulated_operating_revenue": 7908315, 
        "long_term_average": 2798691, 
        "date": "2014-03-31", 
        "operating_revenue": 3104374, 
        "short_term_average": 2636105
    }, 
    {
        "accumulated_operating_revenue_yoy": 16.323716332237755, 
        "accumulated_operating_revenue": 11057102, 
        "long_term_average": 2833519, 
        "date": "2014-04-30", 
        "operating_revenue": 3148787, 
        "short_term_average": 2800697
    }, 
    {
        "accumulated_operating_revenue_yoy": 16.654029908688127, 
        "accumulated_operating_revenue": 14153161, 
        "long_term_average": 2872595, 
        "date": "2014-05-31", 
        "operating_revenue": 3096059, 
        "short_term_average": 3116406
    }, 
    {
        "accumulated_operating_revenue_yoy": 15.871359389552092, 
        "accumulated_operating_revenue": 17001231, 
        "long_term_average": 2898275, 
        "date": "2014-06-30", 
        "operating_revenue": 2848070, 
        "short_term_average": 3030972
    }, 
    {
        "accumulated_operating_revenue_yoy": 15.89946934365549, 
        "accumulated_operating_revenue": 19825747, 
        "long_term_average": 2930862, 
        "date": "2014-07-31", 
        "operating_revenue": 2824516, 
        "short_term_average": 2922881
    }, 
    {
        "accumulated_operating_revenue_yoy": 15.114041704098483, 
        "accumulated_operating_revenue": 22623952, 
        "long_term_average": 2951752, 
        "date": "2014-08-31", 
        "operating_revenue": 2798205, 
        "short_term_average": 2823597
    }, 
    {
        "accumulated_operating_revenue_yoy": 15.271013887976151, 
        "accumulated_operating_revenue": 25416190, 
        "long_term_average": 2984808, 
        "date": "2014-09-30", 
        "operating_revenue": 2792238, 
        "short_term_average": 2804986
    }, 
    {
        "accumulated_operating_revenue_yoy": 16.17863227288108, 
        "accumulated_operating_revenue": 28078333, 
        "long_term_average": 3030056, 
        "date": "2014-10-31", 
        "operating_revenue": 2662143, 
        "short_term_average": 2750862
    }, 
    {
        "accumulated_operating_revenue_yoy": 15.191437972208846, 
        "accumulated_operating_revenue": 30601269, 
        "long_term_average": 3040523, 
        "date": "2014-11-30", 
        "operating_revenue": 2522936, 
        "short_term_average": 2659105
    }, 
    {
        "accumulated_operating_revenue_yoy": 2.6289695547861465, 
        "accumulated_operating_revenue": 33303701, 
        "long_term_average": 2775308, 
        "date": "2014-12-31", 
        "operating_revenue": 2702432, 
        "short_term_average": 2629170
    }, 
    {
        "accumulated_operating_revenue_yoy": 0.7844417853197484, 
        "accumulated_operating_revenue": 2675836, 
        "long_term_average": 2777044, 
        "date": "2015-01-31", 
        "operating_revenue": 2675836, 
        "short_term_average": 2633734
    }, 
    {
        "accumulated_operating_revenue_yoy": -5.633416397078982, 
        "accumulated_operating_revenue": 4533315, 
        "long_term_average": 2752756, 
        "date": "2015-02-28", 
        "operating_revenue": 1857479, 
        "short_term_average": 2411915
    }, 
    {
        "accumulated_operating_revenue_yoy": -6.033042436979306, 
        "accumulated_operating_revenue": 7431203, 
        "long_term_average": 2735549, 
        "date": "2015-03-31", 
        "operating_revenue": 2897888, 
        "short_term_average": 2477067
    }, 
    {
        "accumulated_operating_revenue_yoy": -6.694991146866512, 
        "accumulated_operating_revenue": 10316830, 
        "long_term_average": 2713619, 
        "date": "2015-04-30", 
        "operating_revenue": 2885627, 
        "short_term_average": 2546998
    }, 
    {
        "accumulated_operating_revenue_yoy": -6.333320167840951, 
        "accumulated_operating_revenue": 13256796, 
        "long_term_average": 2700611, 
        "date": "2015-05-31", 
        "operating_revenue": 2939966, 
        "short_term_average": 2907827
    }, 
    {
        "accumulated_operating_revenue_yoy": -6.586552467877178, 
        "accumulated_operating_revenue": 15881436, 
        "long_term_average": 2681992, 
        "date": "2015-06-30", 
        "operating_revenue": 2624640, 
        "short_term_average": 2816744
    }, 
    {
        "accumulated_operating_revenue_yoy": -6.231497859828434, 
        "accumulated_operating_revenue": 18590306, 
        "long_term_average": 2672355, 
        "date": "2015-07-31", 
        "operating_revenue": 2708870, 
        "short_term_average": 2757825
    }, 
    {
        "accumulated_operating_revenue_yoy": -5.542316391053164, 
        "accumulated_operating_revenue": 21370061, 
        "long_term_average": 2670817, 
        "date": "2015-08-31", 
        "operating_revenue": 2779755, 
        "short_term_average": 2704421
    }
]