[
    {
        "date": "2011-09-30", 
        "operating_revenue": 196709, 
        "accumulated_operating_revenue": 196709, 
        "long_term_average": 196709, 
        "short_term_average": 196709
    }, 
    {
        "date": "2011-10-31", 
        "operating_revenue": 124288, 
        "accumulated_operating_revenue": 320997, 
        "long_term_average": 160498, 
        "short_term_average": 160498
    }, 
    {
        "date": "2011-11-30", 
        "operating_revenue": 367699, 
        "accumulated_operating_revenue": 688696, 
        "long_term_average": 229565, 
        "short_term_average": 229565
    }, 
    {
        "date": "2011-12-31", 
        "operating_revenue": 364566, 
        "accumulated_operating_revenue": 1053262, 
        "long_term_average": 263315, 
        "short_term_average": 285517
    }, 
    {
        "date": "2012-01-31", 
        "operating_revenue": 118642, 
        "accumulated_operating_revenue": 118642, 
        "long_term_average": 234380, 
        "short_term_average": 283635
    }, 
    {
        "date": "2012-02-29", 
        "operating_revenue": 116824, 
        "accumulated_operating_revenue": 235466, 
        "long_term_average": 214788, 
        "short_term_average": 200010
    }, 
    {
        "date": "2012-03-31", 
        "operating_revenue": 175531, 
        "accumulated_operating_revenue": 410997, 
        "long_term_average": 209179, 
        "short_term_average": 136999
    }, 
    {
        "date": "2012-04-30", 
        "operating_revenue": 224154, 
        "accumulated_operating_revenue": 635151, 
        "long_term_average": 211051, 
        "short_term_average": 172169
    }, 
    {
        "date": "2012-05-31", 
        "operating_revenue": 275405, 
        "accumulated_operating_revenue": 910556, 
        "long_term_average": 218202, 
        "short_term_average": 225030
    }, 
    {
        "date": "2012-06-30", 
        "operating_revenue": 843294, 
        "accumulated_operating_revenue": 1753850, 
        "long_term_average": 280711, 
        "short_term_average": 447617
    }, 
    {
        "date": "2012-07-31", 
        "operating_revenue": 411429, 
        "accumulated_operating_revenue": 2165279, 
        "long_term_average": 292594, 
        "short_term_average": 510042
    }, 
    {
        "date": "2012-08-31", 
        "operating_revenue": 249242, 
        "accumulated_operating_revenue": 2414521, 
        "long_term_average": 288981, 
        "short_term_average": 501321
    }, 
    {
        "accumulated_operating_revenue_yoy": 1221.2303453324455, 
        "accumulated_operating_revenue": 2598979, 
        "long_term_average": 287961, 
        "date": "2012-09-30", 
        "operating_revenue": 184458, 
        "short_term_average": 281709
    }, 
    {
        "accumulated_operating_revenue_yoy": 817.3098190948824, 
        "accumulated_operating_revenue": 2944537, 
        "long_term_average": 306400, 
        "date": "2012-10-31", 
        "operating_revenue": 345558, 
        "short_term_average": 259752
    }, 
    {
        "accumulated_operating_revenue_yoy": 364.75542184069604, 
        "accumulated_operating_revenue": 3200752, 
        "long_term_average": 297109, 
        "date": "2012-11-30", 
        "operating_revenue": 256215, 
        "short_term_average": 262077
    }, 
    {
        "accumulated_operating_revenue_yoy": 225.0291000719669, 
        "accumulated_operating_revenue": 3423408, 
        "long_term_average": 285284, 
        "date": "2012-12-31", 
        "operating_revenue": 222656, 
        "short_term_average": 274809
    }, 
    {
        "accumulated_operating_revenue_yoy": -2.4856290352489, 
        "accumulated_operating_revenue": 115693, 
        "long_term_average": 285038, 
        "date": "2013-01-31", 
        "operating_revenue": 115693, 
        "short_term_average": 198188
    }, 
    {
        "accumulated_operating_revenue_yoy": -15.961115405196505, 
        "accumulated_operating_revenue": 197883, 
        "long_term_average": 282152, 
        "date": "2013-02-28", 
        "operating_revenue": 82190, 
        "short_term_average": 140179
    }, 
    {
        "accumulated_operating_revenue_yoy": 46.81713005204418, 
        "accumulated_operating_revenue": 603414, 
        "long_term_average": 301318, 
        "date": "2013-03-31", 
        "operating_revenue": 405531, 
        "short_term_average": 201138
    }, 
    {
        "accumulated_operating_revenue_yoy": 73.39876659251108, 
        "accumulated_operating_revenue": 1101344, 
        "long_term_average": 324133, 
        "date": "2013-04-30", 
        "operating_revenue": 497930, 
        "short_term_average": 328550
    }, 
    {
        "accumulated_operating_revenue_yoy": 82.62314454025892, 
        "accumulated_operating_revenue": 1662886, 
        "long_term_average": 347978, 
        "date": "2013-05-31", 
        "operating_revenue": 561542, 
        "short_term_average": 488334
    }, 
    {
        "accumulated_operating_revenue_yoy": 26.281038857370927, 
        "accumulated_operating_revenue": 2214780, 
        "long_term_average": 323694, 
        "date": "2013-06-30", 
        "operating_revenue": 551894, 
        "short_term_average": 537122
    }, 
    {
        "accumulated_operating_revenue_yoy": 16.469702056871192, 
        "accumulated_operating_revenue": 2521894, 
        "long_term_average": 315001, 
        "date": "2013-07-31", 
        "operating_revenue": 307114, 
        "short_term_average": 473516
    }, 
    {
        "accumulated_operating_revenue_yoy": 14.851848461868835, 
        "accumulated_operating_revenue": 2773122, 
        "long_term_average": 315167, 
        "date": "2013-08-31", 
        "operating_revenue": 251228, 
        "short_term_average": 370078
    }, 
    {
        "accumulated_operating_revenue_yoy": 21.490285223543555, 
        "accumulated_operating_revenue": 3157507, 
        "long_term_average": 331828, 
        "date": "2013-09-30", 
        "operating_revenue": 384385, 
        "short_term_average": 314242
    }, 
    {
        "accumulated_operating_revenue_yoy": 22.12089710538533, 
        "accumulated_operating_revenue": 3595895, 
        "long_term_average": 339563, 
        "date": "2013-10-31", 
        "operating_revenue": 438388, 
        "short_term_average": 358000
    }, 
    {
        "accumulated_operating_revenue_yoy": 19.800846801001764, 
        "accumulated_operating_revenue": 3834528, 
        "long_term_average": 338098, 
        "date": "2013-11-30", 
        "operating_revenue": 238633, 
        "short_term_average": 353802
    }, 
    {
        "accumulated_operating_revenue_yoy": 20.35173721624767, 
        "accumulated_operating_revenue": 4120131, 
        "long_term_average": 343344, 
        "date": "2013-12-31", 
        "operating_revenue": 285603, 
        "short_term_average": 320874
    }, 
    {
        "accumulated_operating_revenue_yoy": 65.76283785535858, 
        "accumulated_operating_revenue": 191776, 
        "long_term_average": 349684, 
        "date": "2014-01-31", 
        "operating_revenue": 191776, 
        "short_term_average": 238670
    }, 
    {
        "accumulated_operating_revenue_yoy": 233.5961148759621, 
        "accumulated_operating_revenue": 660130, 
        "long_term_average": 381864, 
        "date": "2014-02-28", 
        "operating_revenue": 468354, 
        "short_term_average": 315244
    }, 
    {
        "accumulated_operating_revenue_yoy": 36.145167331218694, 
        "accumulated_operating_revenue": 821519, 
        "long_term_average": 361519, 
        "date": "2014-03-31", 
        "operating_revenue": 161389, 
        "short_term_average": 273839
    }, 
    {
        "accumulated_operating_revenue_yoy": 39.9184087805445, 
        "accumulated_operating_revenue": 1540983, 
        "long_term_average": 379980, 
        "date": "2014-04-30", 
        "operating_revenue": 719464, 
        "short_term_average": 449735
    }, 
    {
        "accumulated_operating_revenue_yoy": 54.74873202372261, 
        "accumulated_operating_revenue": 2573295, 
        "long_term_average": 419211, 
        "date": "2014-05-31", 
        "operating_revenue": 1032312, 
        "short_term_average": 637721
    }, 
    {
        "accumulated_operating_revenue_yoy": 55.03395371097807, 
        "accumulated_operating_revenue": 3433661, 
        "long_term_average": 444917, 
        "date": "2014-06-30", 
        "operating_revenue": 860366, 
        "short_term_average": 870714
    }, 
    {
        "accumulated_operating_revenue_yoy": 53.79996145753946, 
        "accumulated_operating_revenue": 3878672, 
        "long_term_average": 456409, 
        "date": "2014-07-31", 
        "operating_revenue": 445011, 
        "short_term_average": 779229
    }, 
    {
        "accumulated_operating_revenue_yoy": 49.06664762675425, 
        "accumulated_operating_revenue": 4133800, 
        "long_term_average": 456734, 
        "date": "2014-08-31", 
        "operating_revenue": 255128, 
        "short_term_average": 520168
    }, 
    {
        "accumulated_operating_revenue_yoy": 48.28920410944457, 
        "accumulated_operating_revenue": 4682242, 
        "long_term_average": 470405, 
        "date": "2014-09-30", 
        "operating_revenue": 548442, 
        "short_term_average": 416193
    }, 
    {
        "accumulated_operating_revenue_yoy": 39.42929368071092, 
        "accumulated_operating_revenue": 5013731, 
        "long_term_average": 461497, 
        "date": "2014-10-31", 
        "operating_revenue": 331489, 
        "short_term_average": 378353
    }, 
    {
        "accumulated_operating_revenue_yoy": 41.651462709360835, 
        "accumulated_operating_revenue": 5431665, 
        "long_term_average": 476439, 
        "date": "2014-11-30", 
        "operating_revenue": 417934, 
        "short_term_average": 432621
    }, 
    {
        "accumulated_operating_revenue_yoy": 34.69394541095902, 
        "accumulated_operating_revenue": 5549567, 
        "long_term_average": 462463, 
        "date": "2014-12-31", 
        "operating_revenue": 117902, 
        "short_term_average": 289108
    }, 
    {
        "accumulated_operating_revenue_yoy": 126.10076339062239, 
        "accumulated_operating_revenue": 433607, 
        "long_term_average": 482616, 
        "date": "2015-01-31", 
        "operating_revenue": 433607, 
        "short_term_average": 323147
    }, 
    {
        "accumulated_operating_revenue_yoy": -22.750367351885235, 
        "accumulated_operating_revenue": 509948, 
        "long_term_average": 449948, 
        "date": "2015-02-28", 
        "operating_revenue": 76341, 
        "short_term_average": 209283
    }, 
    {
        "accumulated_operating_revenue_yoy": -8.210765667014396, 
        "accumulated_operating_revenue": 754066, 
        "long_term_average": 456842, 
        "date": "2015-03-31", 
        "operating_revenue": 244118, 
        "short_term_average": 251355
    }, 
    {
        "accumulated_operating_revenue_yoy": -43.59535439391609, 
        "accumulated_operating_revenue": 869186, 
        "long_term_average": 406480, 
        "date": "2015-04-30", 
        "operating_revenue": 115120, 
        "short_term_average": 145193
    }, 
    {
        "accumulated_operating_revenue_yoy": -58.6159379317179, 
        "accumulated_operating_revenue": 1064934, 
        "long_term_average": 336767, 
        "date": "2015-05-31", 
        "operating_revenue": 195748, 
        "short_term_average": 184995
    }, 
    {
        "accumulated_operating_revenue_yoy": -61.51702221040458, 
        "accumulated_operating_revenue": 1321375, 
        "long_term_average": 286440, 
        "date": "2015-06-30", 
        "operating_revenue": 256441, 
        "short_term_average": 189103
    }, 
    {
        "accumulated_operating_revenue_yoy": -62.951185354162455, 
        "accumulated_operating_revenue": 1437002, 
        "long_term_average": 258991, 
        "date": "2015-07-31", 
        "operating_revenue": 115627, 
        "short_term_average": 189272
    }, 
    {
        "accumulated_operating_revenue_yoy": -62.370941990420434, 
        "accumulated_operating_revenue": 1555510, 
        "long_term_average": 247606, 
        "date": "2015-08-31", 
        "operating_revenue": 118508, 
        "short_term_average": 163525
    }
]