[
    {
        "date": "2012-01-31", 
        "operating_revenue": 687179, 
        "accumulated_operating_revenue": 687179, 
        "long_term_average": 687179, 
        "short_term_average": 687179
    }, 
    {
        "date": "2012-02-29", 
        "operating_revenue": 1074918, 
        "accumulated_operating_revenue": 1762097, 
        "long_term_average": 881048, 
        "short_term_average": 881048
    }, 
    {
        "date": "2012-03-31", 
        "operating_revenue": 814259, 
        "accumulated_operating_revenue": 2576356, 
        "long_term_average": 858785, 
        "short_term_average": 858785
    }, 
    {
        "date": "2012-04-30", 
        "operating_revenue": 777973, 
        "accumulated_operating_revenue": 3354329, 
        "long_term_average": 838582, 
        "short_term_average": 889050
    }, 
    {
        "date": "2012-05-31", 
        "operating_revenue": 849638, 
        "accumulated_operating_revenue": 4203967, 
        "long_term_average": 840793, 
        "short_term_average": 813956
    }, 
    {
        "date": "2012-06-30", 
        "operating_revenue": 781221, 
        "accumulated_operating_revenue": 4985188, 
        "long_term_average": 830864, 
        "short_term_average": 802944
    }, 
    {
        "date": "2012-07-31", 
        "operating_revenue": 835893, 
        "accumulated_operating_revenue": 5821081, 
        "long_term_average": 831583, 
        "short_term_average": 822250
    }, 
    {
        "date": "2012-08-31", 
        "operating_revenue": 798202, 
        "accumulated_operating_revenue": 6619283, 
        "long_term_average": 827410, 
        "short_term_average": 805105
    }, 
    {
        "date": "2012-09-30", 
        "operating_revenue": 833201, 
        "accumulated_operating_revenue": 7452484, 
        "long_term_average": 828053, 
        "short_term_average": 822432
    }, 
    {
        "date": "2012-10-31", 
        "operating_revenue": 731443, 
        "accumulated_operating_revenue": 8183927, 
        "long_term_average": 818392, 
        "short_term_average": 787615
    }, 
    {
        "date": "2012-11-30", 
        "operating_revenue": 673989, 
        "accumulated_operating_revenue": 8857916, 
        "long_term_average": 805265, 
        "short_term_average": 746211
    }, 
    {
        "date": "2012-12-31", 
        "operating_revenue": 794078, 
        "accumulated_operating_revenue": 9651994, 
        "long_term_average": 804332, 
        "short_term_average": 733170
    }, 
    {
        "accumulated_operating_revenue_yoy": 35.12883833760927, 
        "accumulated_operating_revenue": 928577, 
        "long_term_average": 824449, 
        "date": "2013-01-31", 
        "operating_revenue": 928577, 
        "short_term_average": 798881
    }, 
    {
        "accumulated_operating_revenue_yoy": -7.117939591293783, 
        "accumulated_operating_revenue": 1636672, 
        "long_term_average": 793880, 
        "date": "2013-02-28", 
        "operating_revenue": 708095, 
        "short_term_average": 810250
    }, 
    {
        "accumulated_operating_revenue_yoy": -5.449867953031336, 
        "accumulated_operating_revenue": 2435948, 
        "long_term_average": 792632, 
        "date": "2013-03-31", 
        "operating_revenue": 799276, 
        "short_term_average": 811982
    }, 
    {
        "accumulated_operating_revenue_yoy": -3.968066340540836, 
        "accumulated_operating_revenue": 3221227, 
        "long_term_average": 793241, 
        "date": "2013-04-30", 
        "operating_revenue": 785279, 
        "short_term_average": 764216
    }, 
    {
        "accumulated_operating_revenue_yoy": -4.5015814824426545, 
        "accumulated_operating_revenue": 4014722, 
        "long_term_average": 788562, 
        "date": "2013-05-31", 
        "operating_revenue": 793495, 
        "short_term_average": 792683
    }, 
    {
        "accumulated_operating_revenue_yoy": -7.239907501983877, 
        "accumulated_operating_revenue": 4624265, 
        "long_term_average": 774255, 
        "date": "2013-06-30", 
        "operating_revenue": 609543, 
        "short_term_average": 729439
    }, 
    {
        "accumulated_operating_revenue_yoy": -10.769855289764909, 
        "accumulated_operating_revenue": 5194159, 
        "long_term_average": 752089, 
        "date": "2013-07-31", 
        "operating_revenue": 569894, 
        "short_term_average": 657644
    }, 
    {
        "accumulated_operating_revenue_yoy": -10.861916615440071, 
        "accumulated_operating_revenue": 5900302, 
        "long_term_average": 744417, 
        "date": "2013-08-31", 
        "operating_revenue": 706143, 
        "short_term_average": 628526
    }, 
    {
        "accumulated_operating_revenue_yoy": -11.66511729511932, 
        "accumulated_operating_revenue": 6583143, 
        "long_term_average": 731887, 
        "date": "2013-09-30", 
        "operating_revenue": 682841, 
        "short_term_average": 652959
    }, 
    {
        "accumulated_operating_revenue_yoy": -11.27992710589916, 
        "accumulated_operating_revenue": 7260786, 
        "long_term_average": 727404, 
        "date": "2013-10-31", 
        "operating_revenue": 677643, 
        "short_term_average": 688875
    }, 
    {
        "accumulated_operating_revenue_yoy": -11.611241289711936, 
        "accumulated_operating_revenue": 7829402, 
        "long_term_average": 718623, 
        "date": "2013-11-30", 
        "operating_revenue": 568616, 
        "short_term_average": 643033
    }, 
    {
        "accumulated_operating_revenue_yoy": -11.852680389150677, 
        "accumulated_operating_revenue": 8507974, 
        "long_term_average": 708997, 
        "date": "2013-12-31", 
        "operating_revenue": 678572, 
        "short_term_average": 641610
    }, 
    {
        "accumulated_operating_revenue_yoy": -40.33623490566749, 
        "accumulated_operating_revenue": 554024, 
        "long_term_average": 677785, 
        "date": "2014-01-31", 
        "operating_revenue": 554024, 
        "short_term_average": 600404
    }, 
    {
        "accumulated_operating_revenue_yoy": -36.30837455519493, 
        "accumulated_operating_revenue": 1042423, 
        "long_term_average": 659477, 
        "date": "2014-02-28", 
        "operating_revenue": 488399, 
        "short_term_average": 573665
    }, 
    {
        "accumulated_operating_revenue_yoy": -27.97268250389581, 
        "accumulated_operating_revenue": 1754548, 
        "long_term_average": 652214, 
        "date": "2014-03-31", 
        "operating_revenue": 712125, 
        "short_term_average": 584849
    }, 
    {
        "accumulated_operating_revenue_yoy": -22.582730121161905, 
        "accumulated_operating_revenue": 2493786, 
        "long_term_average": 648377, 
        "date": "2014-04-30", 
        "operating_revenue": 739238, 
        "short_term_average": 646587
    }, 
    {
        "accumulated_operating_revenue_yoy": -21.795705904418785, 
        "accumulated_operating_revenue": 3139685, 
        "long_term_average": 636078, 
        "date": "2014-05-31", 
        "operating_revenue": 645899, 
        "short_term_average": 699087
    }, 
    {
        "accumulated_operating_revenue_yoy": -16.884348107212713, 
        "accumulated_operating_revenue": 3843488, 
        "long_term_average": 643933, 
        "date": "2014-06-30", 
        "operating_revenue": 703803, 
        "short_term_average": 696313
    }, 
    {
        "accumulated_operating_revenue_yoy": -12.95549481638895, 
        "accumulated_operating_revenue": 4521230, 
        "long_term_average": 652920, 
        "date": "2014-07-31", 
        "operating_revenue": 677742, 
        "short_term_average": 675814
    }, 
    {
        "accumulated_operating_revenue_yoy": -10.918932624126697, 
        "accumulated_operating_revenue": 5256052, 
        "long_term_average": 655310, 
        "date": "2014-08-31", 
        "operating_revenue": 734822, 
        "short_term_average": 705455
    }, 
    {
        "accumulated_operating_revenue_yoy": -8.407230406509475, 
        "accumulated_operating_revenue": 6029683, 
        "long_term_average": 662876, 
        "date": "2014-09-30", 
        "operating_revenue": 773631, 
        "short_term_average": 728731
    }, 
    {
        "accumulated_operating_revenue_yoy": -7.3647949409333915, 
        "accumulated_operating_revenue": 6726044, 
        "long_term_average": 664436, 
        "date": "2014-10-31", 
        "operating_revenue": 696361, 
        "short_term_average": 734938
    }, 
    {
        "accumulated_operating_revenue_yoy": -4.378610269341133, 
        "accumulated_operating_revenue": 7486583, 
        "long_term_average": 680429, 
        "date": "2014-11-30", 
        "operating_revenue": 760539, 
        "short_term_average": 743510
    }, 
    {
        "accumulated_operating_revenue_yoy": -3.524152753640291, 
        "accumulated_operating_revenue": 8208140, 
        "long_term_average": 684011, 
        "date": "2014-12-31", 
        "operating_revenue": 721557, 
        "short_term_average": 726152
    }, 
    {
        "accumulated_operating_revenue_yoy": 27.35513262963337, 
        "accumulated_operating_revenue": 705578, 
        "long_term_average": 696641, 
        "date": "2015-01-31", 
        "operating_revenue": 705578, 
        "short_term_average": 729224
    }, 
    {
        "accumulated_operating_revenue_yoy": 28.348376810565384, 
        "accumulated_operating_revenue": 1337933, 
        "long_term_average": 708637, 
        "date": "2015-02-28", 
        "operating_revenue": 632355, 
        "short_term_average": 686496
    }, 
    {
        "accumulated_operating_revenue_yoy": 21.28935771492145, 
        "accumulated_operating_revenue": 2128080, 
        "long_term_average": 715139, 
        "date": "2015-03-31", 
        "operating_revenue": 790147, 
        "short_term_average": 709360
    }, 
    {
        "accumulated_operating_revenue_yoy": 20.33209746145018, 
        "accumulated_operating_revenue": 3000825, 
        "long_term_average": 726264, 
        "date": "2015-04-30", 
        "operating_revenue": 872745, 
        "short_term_average": 765082
    }, 
    {
        "accumulated_operating_revenue_yoy": 23.715309019853905, 
        "accumulated_operating_revenue": 3884271, 
        "long_term_average": 746060, 
        "date": "2015-05-31", 
        "operating_revenue": 883446, 
        "short_term_average": 848779
    }, 
    {
        "accumulated_operating_revenue_yoy": 23.085384942011007, 
        "accumulated_operating_revenue": 4730772, 
        "long_term_average": 757952, 
        "date": "2015-06-30", 
        "operating_revenue": 846501, 
        "short_term_average": 867564
    }, 
    {
        "accumulated_operating_revenue_yoy": 22.980693306909846, 
        "accumulated_operating_revenue": 5560240, 
        "long_term_average": 770595, 
        "date": "2015-07-31", 
        "operating_revenue": 829468, 
        "short_term_average": 853138
    }, 
    {
        "accumulated_operating_revenue_yoy": 22.41439011638393, 
        "accumulated_operating_revenue": 6434164, 
        "long_term_average": 782187, 
        "date": "2015-08-31", 
        "operating_revenue": 873924, 
        "short_term_average": 849964
    }
]