[
    {
        "date": "2012-01-31", 
        "operating_revenue": 500130, 
        "accumulated_operating_revenue": 500130, 
        "long_term_average": 500130, 
        "short_term_average": 500130
    }, 
    {
        "date": "2012-02-29", 
        "operating_revenue": 620486, 
        "accumulated_operating_revenue": 1120616, 
        "long_term_average": 560308, 
        "short_term_average": 560308
    }, 
    {
        "date": "2012-03-31", 
        "operating_revenue": 694770, 
        "accumulated_operating_revenue": 1815386, 
        "long_term_average": 605128, 
        "short_term_average": 605128
    }, 
    {
        "date": "2012-04-30", 
        "operating_revenue": 626854, 
        "accumulated_operating_revenue": 2442240, 
        "long_term_average": 610560, 
        "short_term_average": 647370
    }, 
    {
        "date": "2012-05-31", 
        "operating_revenue": 639323, 
        "accumulated_operating_revenue": 3081563, 
        "long_term_average": 616312, 
        "short_term_average": 653649
    }, 
    {
        "date": "2012-06-30", 
        "operating_revenue": 572263, 
        "accumulated_operating_revenue": 3653826, 
        "long_term_average": 608971, 
        "short_term_average": 612813
    }, 
    {
        "date": "2012-07-31", 
        "operating_revenue": 475109, 
        "accumulated_operating_revenue": 4128935, 
        "long_term_average": 589847, 
        "short_term_average": 562231
    }, 
    {
        "date": "2012-08-31", 
        "operating_revenue": 479942, 
        "accumulated_operating_revenue": 4608877, 
        "long_term_average": 576109, 
        "short_term_average": 509104
    }, 
    {
        "date": "2012-09-30", 
        "operating_revenue": 472433, 
        "accumulated_operating_revenue": 5081310, 
        "long_term_average": 564590, 
        "short_term_average": 475828
    }, 
    {
        "date": "2012-10-31", 
        "operating_revenue": 733724, 
        "accumulated_operating_revenue": 5815034, 
        "long_term_average": 581503, 
        "short_term_average": 562033
    }, 
    {
        "date": "2012-11-30", 
        "operating_revenue": 709206, 
        "accumulated_operating_revenue": 6524240, 
        "long_term_average": 593112, 
        "short_term_average": 638454
    }, 
    {
        "date": "2012-12-31", 
        "operating_revenue": 876604, 
        "accumulated_operating_revenue": 7400844, 
        "long_term_average": 616737, 
        "short_term_average": 773178
    }, 
    {
        "accumulated_operating_revenue_yoy": 26.417131545798096, 
        "accumulated_operating_revenue": 632250, 
        "long_term_average": 627747, 
        "date": "2013-01-31", 
        "operating_revenue": 632250, 
        "short_term_average": 739353
    }, 
    {
        "accumulated_operating_revenue_yoy": 4.558921164787938, 
        "accumulated_operating_revenue": 1171704, 
        "long_term_average": 620994, 
        "date": "2013-02-28", 
        "operating_revenue": 539454, 
        "short_term_average": 682769
    }, 
    {
        "accumulated_operating_revenue_yoy": 3.4197685781426097, 
        "accumulated_operating_revenue": 1877468, 
        "long_term_average": 621910, 
        "date": "2013-03-31", 
        "operating_revenue": 705764, 
        "short_term_average": 625822
    }, 
    {
        "accumulated_operating_revenue_yoy": 1.3931882206498951, 
        "accumulated_operating_revenue": 2476265, 
        "long_term_average": 619572, 
        "date": "2013-04-30", 
        "operating_revenue": 598797, 
        "short_term_average": 614671
    }, 
    {
        "accumulated_operating_revenue_yoy": 1.8672991595498778, 
        "accumulated_operating_revenue": 3139105, 
        "long_term_average": 621532, 
        "date": "2013-05-31", 
        "operating_revenue": 662840, 
        "short_term_average": 655800
    }, 
    {
        "accumulated_operating_revenue_yoy": 3.823800038644424, 
        "accumulated_operating_revenue": 3793541, 
        "long_term_average": 628379, 
        "date": "2013-06-30", 
        "operating_revenue": 654436, 
        "short_term_average": 638691
    }, 
    {
        "accumulated_operating_revenue_yoy": 6.220054323935834, 
        "accumulated_operating_revenue": 4385757, 
        "long_term_average": 638138, 
        "date": "2013-07-31", 
        "operating_revenue": 592216, 
        "short_term_average": 636497
    }, 
    {
        "accumulated_operating_revenue_yoy": 9.374930161946175, 
        "accumulated_operating_revenue": 5040956, 
        "long_term_average": 652743, 
        "date": "2013-08-31", 
        "operating_revenue": 655199, 
        "short_term_average": 633950
    }, 
    {
        "accumulated_operating_revenue_yoy": 10.565917056821961, 
        "accumulated_operating_revenue": 5618197, 
        "long_term_average": 661477, 
        "date": "2013-09-30", 
        "operating_revenue": 577241, 
        "short_term_average": 608218
    }, 
    {
        "accumulated_operating_revenue_yoy": 7.954536465306996, 
        "accumulated_operating_revenue": 6277593, 
        "long_term_average": 655283, 
        "date": "2013-10-31", 
        "operating_revenue": 659396, 
        "short_term_average": 630612
    }, 
    {
        "accumulated_operating_revenue_yoy": 5.087826321533236, 
        "accumulated_operating_revenue": 6856182, 
        "long_term_average": 644398, 
        "date": "2013-11-30", 
        "operating_revenue": 578589, 
        "short_term_average": 605075
    }, 
    {
        "accumulated_operating_revenue_yoy": 1.2563567074241804, 
        "accumulated_operating_revenue": 7493825, 
        "long_term_average": 624485, 
        "date": "2013-12-31", 
        "operating_revenue": 637643, 
        "short_term_average": 625209
    }, 
    {
        "accumulated_operating_revenue_yoy": -18.831000395413206, 
        "accumulated_operating_revenue": 513191, 
        "long_term_average": 614563, 
        "date": "2014-01-31", 
        "operating_revenue": 513191, 
        "short_term_average": 576474
    }, 
    {
        "accumulated_operating_revenue_yoy": -11.945593767709251, 
        "accumulated_operating_revenue": 1031737, 
        "long_term_average": 612821, 
        "date": "2014-02-28", 
        "operating_revenue": 518546, 
        "short_term_average": 556460
    }, 
    {
        "accumulated_operating_revenue_yoy": -11.496973583571064, 
        "accumulated_operating_revenue": 1661616, 
        "long_term_average": 606497, 
        "date": "2014-03-31", 
        "operating_revenue": 629879, 
        "short_term_average": 553872
    }, 
    {
        "accumulated_operating_revenue_yoy": -12.732199502072678, 
        "accumulated_operating_revenue": 2160982, 
        "long_term_average": 598211, 
        "date": "2014-04-30", 
        "operating_revenue": 499366, 
        "short_term_average": 549263
    }, 
    {
        "accumulated_operating_revenue_yoy": -12.290318418784972, 
        "accumulated_operating_revenue": 2753299, 
        "long_term_average": 592334, 
        "date": "2014-05-31", 
        "operating_revenue": 592317, 
        "short_term_average": 573854
    }, 
    {
        "accumulated_operating_revenue_yoy": -11.419304549496104, 
        "accumulated_operating_revenue": 3360345, 
        "long_term_average": 588385, 
        "date": "2014-06-30", 
        "operating_revenue": 607046, 
        "short_term_average": 566243
    }, 
    {
        "accumulated_operating_revenue_yoy": -10.015602779634165, 
        "accumulated_operating_revenue": 3946497, 
        "long_term_average": 587880, 
        "date": "2014-07-31", 
        "operating_revenue": 586152, 
        "short_term_average": 595171
    }, 
    {
        "accumulated_operating_revenue_yoy": -11.107873189133171, 
        "accumulated_operating_revenue": 4481013, 
        "long_term_average": 577823, 
        "date": "2014-08-31", 
        "operating_revenue": 534516, 
        "short_term_average": 575904
    }, 
    {
        "accumulated_operating_revenue_yoy": -9.128337792355804, 
        "accumulated_operating_revenue": 5105349, 
        "long_term_average": 581748, 
        "date": "2014-09-30", 
        "operating_revenue": 624336, 
        "short_term_average": 581668
    }, 
    {
        "accumulated_operating_revenue_yoy": -9.509233873556314, 
        "accumulated_operating_revenue": 5680642, 
        "long_term_average": 574739, 
        "date": "2014-10-31", 
        "operating_revenue": 575293, 
        "short_term_average": 578048
    }, 
    {
        "accumulated_operating_revenue_yoy": -9.273864083538038, 
        "accumulated_operating_revenue": 6220349, 
        "long_term_average": 571499, 
        "date": "2014-11-30", 
        "operating_revenue": 539707, 
        "short_term_average": 579778
    }, 
    {
        "accumulated_operating_revenue_yoy": -8.415195177362696, 
        "accumulated_operating_revenue": 6863205, 
        "long_term_average": 571933, 
        "date": "2014-12-31", 
        "operating_revenue": 642856, 
        "short_term_average": 585952
    }, 
    {
        "accumulated_operating_revenue_yoy": 19.18155228754986, 
        "accumulated_operating_revenue": 611629, 
        "long_term_average": 580136, 
        "date": "2015-01-31", 
        "operating_revenue": 611629, 
        "short_term_average": 598064
    }, 
    {
        "accumulated_operating_revenue_yoy": 5.206365575723271, 
        "accumulated_operating_revenue": 1085453, 
        "long_term_average": 576410, 
        "date": "2015-02-28", 
        "operating_revenue": 473824, 
        "short_term_average": 576103
    }, 
    {
        "accumulated_operating_revenue_yoy": 5.592507534833559, 
        "accumulated_operating_revenue": 1754542, 
        "long_term_average": 579677, 
        "date": "2015-03-31", 
        "operating_revenue": 669089, 
        "short_term_average": 584847
    }, 
    {
        "accumulated_operating_revenue_yoy": 6.755262190985395, 
        "accumulated_operating_revenue": 2306962, 
        "long_term_average": 584098, 
        "date": "2015-04-30", 
        "operating_revenue": 552420, 
        "short_term_average": 565111
    }, 
    {
        "accumulated_operating_revenue_yoy": 4.9937184446730996, 
        "accumulated_operating_revenue": 2890791, 
        "long_term_average": 583391, 
        "date": "2015-05-31", 
        "operating_revenue": 583829, 
        "short_term_average": 601779
    }, 
    {
        "accumulated_operating_revenue_yoy": 3.36248212609122, 
        "accumulated_operating_revenue": 3473336, 
        "long_term_average": 581349, 
        "date": "2015-06-30", 
        "operating_revenue": 582545, 
        "short_term_average": 572931
    }, 
    {
        "accumulated_operating_revenue_yoy": 2.0940849568617437, 
        "accumulated_operating_revenue": 4029140, 
        "long_term_average": 578820, 
        "date": "2015-07-31", 
        "operating_revenue": 555804, 
        "short_term_average": 574059
    }, 
    {
        "accumulated_operating_revenue_yoy": 1.3628391615913635, 
        "accumulated_operating_revenue": 4542082, 
        "long_term_average": 577022, 
        "date": "2015-08-31", 
        "operating_revenue": 512942, 
        "short_term_average": 550430
    }
]