[
    {
        "date": "2012-01-31", 
        "operating_revenue": 121116, 
        "accumulated_operating_revenue": 121116, 
        "long_term_average": 121116, 
        "short_term_average": 121116
    }, 
    {
        "date": "2012-02-29", 
        "operating_revenue": 157625, 
        "accumulated_operating_revenue": 278741, 
        "long_term_average": 139370, 
        "short_term_average": 139370
    }, 
    {
        "date": "2012-03-31", 
        "operating_revenue": 193193, 
        "accumulated_operating_revenue": 471934, 
        "long_term_average": 157311, 
        "short_term_average": 157311
    }, 
    {
        "date": "2012-04-30", 
        "operating_revenue": 197419, 
        "accumulated_operating_revenue": 669353, 
        "long_term_average": 167338, 
        "short_term_average": 182745
    }, 
    {
        "date": "2012-05-31", 
        "operating_revenue": 198306, 
        "accumulated_operating_revenue": 867659, 
        "long_term_average": 173531, 
        "short_term_average": 196306
    }, 
    {
        "date": "2012-06-30", 
        "operating_revenue": 197562, 
        "accumulated_operating_revenue": 1065221, 
        "long_term_average": 177536, 
        "short_term_average": 197762
    }, 
    {
        "date": "2012-07-31", 
        "operating_revenue": 194915, 
        "accumulated_operating_revenue": 1260136, 
        "long_term_average": 180019, 
        "short_term_average": 196927
    }, 
    {
        "date": "2012-08-31", 
        "operating_revenue": 193804, 
        "accumulated_operating_revenue": 1453940, 
        "long_term_average": 181742, 
        "short_term_average": 195427
    }, 
    {
        "date": "2012-09-30", 
        "operating_revenue": 195809, 
        "accumulated_operating_revenue": 1649749, 
        "long_term_average": 183305, 
        "short_term_average": 194842
    }, 
    {
        "date": "2012-10-31", 
        "operating_revenue": 197326, 
        "accumulated_operating_revenue": 1847075, 
        "long_term_average": 184707, 
        "short_term_average": 195646
    }, 
    {
        "date": "2012-11-30", 
        "operating_revenue": 182802, 
        "accumulated_operating_revenue": 2029877, 
        "long_term_average": 184534, 
        "short_term_average": 191979
    }, 
    {
        "date": "2012-12-31", 
        "operating_revenue": 196652, 
        "accumulated_operating_revenue": 2226529, 
        "long_term_average": 185544, 
        "short_term_average": 192260
    }, 
    {
        "accumulated_operating_revenue_yoy": 27.997952376234352, 
        "accumulated_operating_revenue": 155026, 
        "long_term_average": 188369, 
        "date": "2013-01-31", 
        "operating_revenue": 155026, 
        "short_term_average": 178160
    }, 
    {
        "accumulated_operating_revenue_yoy": -1.1117847751138155, 
        "accumulated_operating_revenue": 275642, 
        "long_term_average": 185285, 
        "date": "2013-02-28", 
        "operating_revenue": 120616, 
        "short_term_average": 157431
    }, 
    {
        "accumulated_operating_revenue_yoy": -7.980565079015286, 
        "accumulated_operating_revenue": 434271, 
        "long_term_average": 182405, 
        "date": "2013-03-31", 
        "operating_revenue": 158629, 
        "short_term_average": 144757
    }, 
    {
        "accumulated_operating_revenue_yoy": -10.979109677554295, 
        "accumulated_operating_revenue": 595864, 
        "long_term_average": 179420, 
        "date": "2013-04-30", 
        "operating_revenue": 161593, 
        "short_term_average": 146946
    }, 
    {
        "accumulated_operating_revenue_yoy": -14.008959741096444, 
        "accumulated_operating_revenue": 746109, 
        "long_term_average": 175414, 
        "date": "2013-05-31", 
        "operating_revenue": 150245, 
        "short_term_average": 156822
    }, 
    {
        "accumulated_operating_revenue_yoy": -15.806109718077282, 
        "accumulated_operating_revenue": 896851, 
        "long_term_average": 171513, 
        "date": "2013-06-30", 
        "operating_revenue": 150742, 
        "short_term_average": 154193
    }, 
    {
        "accumulated_operating_revenue_yoy": -16.62368188830412, 
        "accumulated_operating_revenue": 1050655, 
        "long_term_average": 168087, 
        "date": "2013-07-31", 
        "operating_revenue": 153804, 
        "short_term_average": 151597
    }, 
    {
        "accumulated_operating_revenue_yoy": -17.054623987234688, 
        "accumulated_operating_revenue": 1205976, 
        "long_term_average": 164880, 
        "date": "2013-08-31", 
        "operating_revenue": 155321, 
        "short_term_average": 153289
    }, 
    {
        "accumulated_operating_revenue_yoy": -17.456776758161393, 
        "accumulated_operating_revenue": 1361756, 
        "long_term_average": 161544, 
        "date": "2013-09-30", 
        "operating_revenue": 155780, 
        "short_term_average": 154968
    }, 
    {
        "accumulated_operating_revenue_yoy": -18.10662804704736, 
        "accumulated_operating_revenue": 1512632, 
        "long_term_average": 157673, 
        "date": "2013-10-31", 
        "operating_revenue": 150876, 
        "short_term_average": 153992
    }, 
    {
        "accumulated_operating_revenue_yoy": -18.211004903252757, 
        "accumulated_operating_revenue": 1660216, 
        "long_term_average": 154739, 
        "date": "2013-11-30", 
        "operating_revenue": 147584, 
        "short_term_average": 151413
    }, 
    {
        "accumulated_operating_revenue_yoy": -18.309934431574888, 
        "accumulated_operating_revenue": 1818853, 
        "long_term_average": 151571, 
        "date": "2013-12-31", 
        "operating_revenue": 158637, 
        "short_term_average": 152365
    }, 
    {
        "accumulated_operating_revenue_yoy": -7.33167339672055, 
        "accumulated_operating_revenue": 143660, 
        "long_term_average": 150623, 
        "date": "2014-01-31", 
        "operating_revenue": 143660, 
        "short_term_average": 149960
    }, 
    {
        "accumulated_operating_revenue_yoy": -2.4568099201137708, 
        "accumulated_operating_revenue": 268870, 
        "long_term_average": 151006, 
        "date": "2014-02-28", 
        "operating_revenue": 125210, 
        "short_term_average": 142502
    }, 
    {
        "accumulated_operating_revenue_yoy": -1.911939779538583, 
        "accumulated_operating_revenue": 425968, 
        "long_term_average": 150879, 
        "date": "2014-03-31", 
        "operating_revenue": 157098, 
        "short_term_average": 141989
    }, 
    {
        "accumulated_operating_revenue_yoy": 0.8871151806452479, 
        "accumulated_operating_revenue": 601150, 
        "long_term_average": 152011, 
        "date": "2014-04-30", 
        "operating_revenue": 175182, 
        "short_term_average": 152496
    }, 
    {
        "accumulated_operating_revenue_yoy": 4.84754908465117, 
        "accumulated_operating_revenue": 782277, 
        "long_term_average": 154585, 
        "date": "2014-05-31", 
        "operating_revenue": 181127, 
        "short_term_average": 171135
    }, 
    {
        "accumulated_operating_revenue_yoy": 7.874775185621692, 
        "accumulated_operating_revenue": 967476, 
        "long_term_average": 157456, 
        "date": "2014-06-30", 
        "operating_revenue": 185199, 
        "short_term_average": 180502
    }, 
    {
        "accumulated_operating_revenue_yoy": 10.393897140355302, 
        "accumulated_operating_revenue": 1159859, 
        "long_term_average": 160671, 
        "date": "2014-07-31", 
        "operating_revenue": 192383, 
        "short_term_average": 186236
    }, 
    {
        "accumulated_operating_revenue_yoy": 12.398422522504594, 
        "accumulated_operating_revenue": 1355498, 
        "long_term_average": 164031, 
        "date": "2014-08-31", 
        "operating_revenue": 195639, 
        "short_term_average": 191073
    }, 
    {
        "accumulated_operating_revenue_yoy": 14.097092283786521, 
        "accumulated_operating_revenue": 1553724, 
        "long_term_average": 167568, 
        "date": "2014-09-30", 
        "operating_revenue": 198226, 
        "short_term_average": 195416
    }, 
    {
        "accumulated_operating_revenue_yoy": 16.08289392264609, 
        "accumulated_operating_revenue": 1755907, 
        "long_term_average": 171844, 
        "date": "2014-10-31", 
        "operating_revenue": 202183, 
        "short_term_average": 198682
    }, 
    {
        "accumulated_operating_revenue_yoy": 18.16095014142738, 
        "accumulated_operating_revenue": 1961727, 
        "long_term_average": 176697, 
        "date": "2014-11-30", 
        "operating_revenue": 205820, 
        "short_term_average": 202076
    }, 
    {
        "accumulated_operating_revenue_yoy": 18.435519527966253, 
        "accumulated_operating_revenue": 2154168, 
        "long_term_average": 179514, 
        "date": "2014-12-31", 
        "operating_revenue": 192441, 
        "short_term_average": 200148
    }, 
    {
        "accumulated_operating_revenue_yoy": 37.95210914659613, 
        "accumulated_operating_revenue": 198182, 
        "long_term_average": 184057, 
        "date": "2015-01-31", 
        "operating_revenue": 198182, 
        "short_term_average": 198814
    }, 
    {
        "accumulated_operating_revenue_yoy": 25.570721910216832, 
        "accumulated_operating_revenue": 337622, 
        "long_term_average": 185243, 
        "date": "2015-02-28", 
        "operating_revenue": 139440, 
        "short_term_average": 176687
    }, 
    {
        "accumulated_operating_revenue_yoy": 16.36789617999474, 
        "accumulated_operating_revenue": 495690, 
        "long_term_average": 185324, 
        "date": "2015-03-31", 
        "operating_revenue": 158068, 
        "short_term_average": 165230
    }, 
    {
        "accumulated_operating_revenue_yoy": 9.177077268568578, 
        "accumulated_operating_revenue": 656318, 
        "long_term_average": 184111, 
        "date": "2015-04-30", 
        "operating_revenue": 160628, 
        "short_term_average": 152712
    }, 
    {
        "accumulated_operating_revenue_yoy": 3.736272445693789, 
        "accumulated_operating_revenue": 811505, 
        "long_term_average": 181949, 
        "date": "2015-05-31", 
        "operating_revenue": 155187, 
        "short_term_average": 157961
    }, 
    {
        "accumulated_operating_revenue_yoy": -0.2763892851088813, 
        "accumulated_operating_revenue": 964802, 
        "long_term_average": 179291, 
        "date": "2015-06-30", 
        "operating_revenue": 153297, 
        "short_term_average": 156370
    }, 
    {
        "accumulated_operating_revenue_yoy": -3.4045517601708486, 
        "accumulated_operating_revenue": 1120371, 
        "long_term_average": 176223, 
        "date": "2015-07-31", 
        "operating_revenue": 155569, 
        "short_term_average": 154684
    }, 
    {
        "accumulated_operating_revenue_yoy": -6.775812284488801, 
        "accumulated_operating_revenue": 1263652, 
        "long_term_average": 171860, 
        "date": "2015-08-31", 
        "operating_revenue": 143281, 
        "short_term_average": 150715
    }
]