[
    {
        "date": "2012-10-31", 
        "operating_revenue": 166464, 
        "accumulated_operating_revenue": 166464, 
        "long_term_average": 166464, 
        "short_term_average": 166464
    }, 
    {
        "date": "2012-11-30", 
        "operating_revenue": 195266, 
        "accumulated_operating_revenue": 361730, 
        "long_term_average": 180865, 
        "short_term_average": 180865
    }, 
    {
        "date": "2012-12-31", 
        "operating_revenue": 175248, 
        "accumulated_operating_revenue": 536978, 
        "long_term_average": 178992, 
        "short_term_average": 178992
    }, 
    {
        "date": "2013-01-31", 
        "operating_revenue": 248257, 
        "accumulated_operating_revenue": 248257, 
        "long_term_average": 196308, 
        "short_term_average": 206257
    }, 
    {
        "date": "2013-02-28", 
        "operating_revenue": 139746, 
        "accumulated_operating_revenue": 388003, 
        "long_term_average": 184996, 
        "short_term_average": 187750
    }, 
    {
        "date": "2013-03-31", 
        "operating_revenue": 200727, 
        "accumulated_operating_revenue": 588730, 
        "long_term_average": 187618, 
        "short_term_average": 196243
    }, 
    {
        "date": "2013-04-30", 
        "operating_revenue": 208304, 
        "accumulated_operating_revenue": 797034, 
        "long_term_average": 190573, 
        "short_term_average": 182925
    }, 
    {
        "date": "2013-05-31", 
        "operating_revenue": 197383, 
        "accumulated_operating_revenue": 994417, 
        "long_term_average": 191424, 
        "short_term_average": 202138
    }, 
    {
        "date": "2013-06-30", 
        "operating_revenue": 162938, 
        "accumulated_operating_revenue": 1157355, 
        "long_term_average": 188259, 
        "short_term_average": 189541
    }, 
    {
        "date": "2013-07-31", 
        "operating_revenue": 199541, 
        "accumulated_operating_revenue": 1356896, 
        "long_term_average": 189387, 
        "short_term_average": 186620
    }, 
    {
        "date": "2013-08-31", 
        "operating_revenue": 207790, 
        "accumulated_operating_revenue": 1564686, 
        "long_term_average": 191060, 
        "short_term_average": 190089
    }, 
    {
        "date": "2013-09-30", 
        "operating_revenue": 192516, 
        "accumulated_operating_revenue": 1757202, 
        "long_term_average": 191181, 
        "short_term_average": 199949
    }, 
    {
        "accumulated_operating_revenue_yoy": 1057.6058487120338, 
        "accumulated_operating_revenue": 1926997, 
        "long_term_average": 191459, 
        "date": "2013-10-31", 
        "operating_revenue": 169795, 
        "short_term_average": 190033
    }, 
    {
        "accumulated_operating_revenue_yoy": 495.6857324523816, 
        "accumulated_operating_revenue": 2154774, 
        "long_term_average": 194168, 
        "date": "2013-11-30", 
        "operating_revenue": 227777, 
        "short_term_average": 196696
    }, 
    {
        "accumulated_operating_revenue_yoy": 347.12520810908455, 
        "accumulated_operating_revenue": 2400964, 
        "long_term_average": 200080, 
        "date": "2013-12-31", 
        "operating_revenue": 246190, 
        "short_term_average": 214587
    }, 
    {
        "accumulated_operating_revenue_yoy": -7.046326991786738, 
        "accumulated_operating_revenue": 230764, 
        "long_term_average": 198622, 
        "date": "2014-01-31", 
        "operating_revenue": 230764, 
        "short_term_average": 234910
    }, 
    {
        "accumulated_operating_revenue_yoy": 1.1948361224011155, 
        "accumulated_operating_revenue": 392639, 
        "long_term_average": 200466, 
        "date": "2014-02-28", 
        "operating_revenue": 161875, 
        "short_term_average": 212943
    }, 
    {
        "accumulated_operating_revenue_yoy": 6.8595111511219065, 
        "accumulated_operating_revenue": 629114, 
        "long_term_average": 203445, 
        "date": "2014-03-31", 
        "operating_revenue": 236475, 
        "short_term_average": 209704
    }, 
    {
        "accumulated_operating_revenue_yoy": 10.317000278532658, 
        "accumulated_operating_revenue": 879264, 
        "long_term_average": 206932, 
        "date": "2014-04-30", 
        "operating_revenue": 250150, 
        "short_term_average": 216166
    }, 
    {
        "accumulated_operating_revenue_yoy": 10.27918871057112, 
        "accumulated_operating_revenue": 1096635, 
        "long_term_average": 208598, 
        "date": "2014-05-31", 
        "operating_revenue": 217371, 
        "short_term_average": 234665
    }, 
    {
        "accumulated_operating_revenue_yoy": 14.496675609471597, 
        "accumulated_operating_revenue": 1325133, 
        "long_term_average": 214061, 
        "date": "2014-06-30", 
        "operating_revenue": 228498, 
        "short_term_average": 232006
    }, 
    {
        "accumulated_operating_revenue_yoy": 12.454749663938872, 
        "accumulated_operating_revenue": 1525894, 
        "long_term_average": 214163, 
        "date": "2014-07-31", 
        "operating_revenue": 200761, 
        "short_term_average": 215543
    }, 
    {
        "accumulated_operating_revenue_yoy": 10.736019878748836, 
        "accumulated_operating_revenue": 1732671, 
        "long_term_average": 214079, 
        "date": "2014-08-31", 
        "operating_revenue": 206777, 
        "short_term_average": 212012
    }, 
    {
        "accumulated_operating_revenue_yoy": 11.144706186312103, 
        "accumulated_operating_revenue": 1953037, 
        "long_term_average": 216399, 
        "date": "2014-09-30", 
        "operating_revenue": 220366, 
        "short_term_average": 209301
    }, 
    {
        "accumulated_operating_revenue_yoy": 12.373760830971714, 
        "accumulated_operating_revenue": 2165439, 
        "long_term_average": 219950, 
        "date": "2014-10-31", 
        "operating_revenue": 212402, 
        "short_term_average": 213181
    }, 
    {
        "accumulated_operating_revenue_yoy": 11.22335799485236, 
        "accumulated_operating_revenue": 2396612, 
        "long_term_average": 220233, 
        "date": "2014-11-30", 
        "operating_revenue": 231173, 
        "short_term_average": 221313
    }, 
    {
        "accumulated_operating_revenue_yoy": 9.697729745219004, 
        "accumulated_operating_revenue": 2633803, 
        "long_term_average": 219483, 
        "date": "2014-12-31", 
        "operating_revenue": 237191, 
        "short_term_average": 226922
    }, 
    {
        "accumulated_operating_revenue_yoy": -1.0651574769028098, 
        "accumulated_operating_revenue": 228306, 
        "long_term_average": 219278, 
        "date": "2015-01-31", 
        "operating_revenue": 228306, 
        "short_term_average": 232223
    }, 
    {
        "accumulated_operating_revenue_yoy": 6.041682053998711, 
        "accumulated_operating_revenue": 416361, 
        "long_term_average": 221460, 
        "date": "2015-02-28", 
        "operating_revenue": 188055, 
        "short_term_average": 217850
    }, 
    {
        "accumulated_operating_revenue_yoy": 3.442619302701895, 
        "accumulated_operating_revenue": 650772, 
        "long_term_average": 221288, 
        "date": "2015-03-31", 
        "operating_revenue": 234411, 
        "short_term_average": 216924
    }, 
    {
        "accumulated_operating_revenue_yoy": -0.9215662190195437, 
        "accumulated_operating_revenue": 871161, 
        "long_term_average": 218808, 
        "date": "2015-04-30", 
        "operating_revenue": 220389, 
        "short_term_average": 214285
    }, 
    {
        "accumulated_operating_revenue_yoy": 0.7325135528229538, 
        "accumulated_operating_revenue": 1104668, 
        "long_term_average": 220153, 
        "date": "2015-05-31", 
        "operating_revenue": 233507, 
        "short_term_average": 229435
    }, 
    {
        "accumulated_operating_revenue_yoy": -2.0008557631573587, 
        "accumulated_operating_revenue": 1298619, 
        "long_term_average": 217274, 
        "date": "2015-06-30", 
        "operating_revenue": 193951, 
        "short_term_average": 215949
    }, 
    {
        "accumulated_operating_revenue_yoy": -2.166205516241626, 
        "accumulated_operating_revenue": 1492840, 
        "long_term_average": 216729, 
        "date": "2015-07-31", 
        "operating_revenue": 194221, 
        "short_term_average": 207226
    }, 
    {
        "accumulated_operating_revenue_yoy": -2.4176545922451522, 
        "accumulated_operating_revenue": 1690781, 
        "long_term_average": 215992, 
        "date": "2015-08-31", 
        "operating_revenue": 197941, 
        "short_term_average": 195371
    }, 
    {
        "accumulated_operating_revenue_yoy": -3.7762725437357307, 
        "accumulated_operating_revenue": 1879285, 
        "long_term_average": 213337, 
        "date": "2015-09-30", 
        "operating_revenue": 188504, 
        "short_term_average": 193555
    }
]