[
    {
        "date": "2012-01-31", 
        "operating_revenue": 8739328, 
        "accumulated_operating_revenue": 8739328, 
        "long_term_average": 8739328, 
        "short_term_average": 8739328
    }, 
    {
        "date": "2012-02-29", 
        "operating_revenue": 7091550, 
        "accumulated_operating_revenue": 15830878, 
        "long_term_average": 7915439, 
        "short_term_average": 7915439
    }, 
    {
        "date": "2012-03-31", 
        "operating_revenue": 7649722, 
        "accumulated_operating_revenue": 23480600, 
        "long_term_average": 7826866, 
        "short_term_average": 7826866
    }, 
    {
        "date": "2012-04-30", 
        "operating_revenue": 6189636, 
        "accumulated_operating_revenue": 29670236, 
        "long_term_average": 7417559, 
        "short_term_average": 6976969
    }, 
    {
        "date": "2012-05-31", 
        "operating_revenue": 5908571, 
        "accumulated_operating_revenue": 35578807, 
        "long_term_average": 7115761, 
        "short_term_average": 6582643
    }, 
    {
        "date": "2012-06-30", 
        "operating_revenue": 6585772, 
        "accumulated_operating_revenue": 42164579, 
        "long_term_average": 7027429, 
        "short_term_average": 6227993
    }, 
    {
        "date": "2012-07-31", 
        "operating_revenue": 7207197, 
        "accumulated_operating_revenue": 49371776, 
        "long_term_average": 7053110, 
        "short_term_average": 6567180
    }, 
    {
        "date": "2012-08-31", 
        "operating_revenue": 7264766, 
        "accumulated_operating_revenue": 56636542, 
        "long_term_average": 7079567, 
        "short_term_average": 7019245
    }, 
    {
        "date": "2012-09-30", 
        "operating_revenue": 6061164, 
        "accumulated_operating_revenue": 62697706, 
        "long_term_average": 6966411, 
        "short_term_average": 6844375
    }, 
    {
        "date": "2012-10-31", 
        "operating_revenue": 5729213, 
        "accumulated_operating_revenue": 68426919, 
        "long_term_average": 6842691, 
        "short_term_average": 6351714
    }, 
    {
        "date": "2012-11-30", 
        "operating_revenue": 6187528, 
        "accumulated_operating_revenue": 74614447, 
        "long_term_average": 6783131, 
        "short_term_average": 5992635
    }, 
    {
        "date": "2012-12-31", 
        "operating_revenue": 8274729, 
        "accumulated_operating_revenue": 82889176, 
        "long_term_average": 6907431, 
        "short_term_average": 6730490
    }, 
    {
        "accumulated_operating_revenue_yoy": -1.4114929660495636, 
        "accumulated_operating_revenue": 8615973, 
        "long_term_average": 6897151, 
        "date": "2013-01-31", 
        "operating_revenue": 8615973, 
        "short_term_average": 7692743
    }, 
    {
        "accumulated_operating_revenue_yoy": -15.798631004546937, 
        "accumulated_operating_revenue": 13329816, 
        "long_term_average": 6699009, 
        "date": "2013-02-28", 
        "operating_revenue": 4713843, 
        "short_term_average": 7201515
    }, 
    {
        "accumulated_operating_revenue_yoy": -12.249499586893009, 
        "accumulated_operating_revenue": 20604344, 
        "long_term_average": 6667743, 
        "date": "2013-03-31", 
        "operating_revenue": 7274528, 
        "short_term_average": 6868114
    }, 
    {
        "accumulated_operating_revenue_yoy": -6.798193313999929, 
        "accumulated_operating_revenue": 27653196, 
        "long_term_average": 6739344, 
        "date": "2013-04-30", 
        "operating_revenue": 7048852, 
        "short_term_average": 6345741
    }, 
    {
        "accumulated_operating_revenue_yoy": -0.8564930240634544, 
        "accumulated_operating_revenue": 35274077, 
        "long_term_average": 6882037, 
        "date": "2013-05-31", 
        "operating_revenue": 7620881, 
        "short_term_average": 7314753
    }, 
    {
        "accumulated_operating_revenue_yoy": -0.06284896144700033, 
        "accumulated_operating_revenue": 42138079, 
        "long_term_average": 6905223, 
        "date": "2013-06-30", 
        "operating_revenue": 6864002, 
        "short_term_average": 7177911
    }, 
    {
        "accumulated_operating_revenue_yoy": 0.026665032264587767, 
        "accumulated_operating_revenue": 49384941, 
        "long_term_average": 6908528, 
        "date": "2013-07-31", 
        "operating_revenue": 7246862, 
        "short_term_average": 7243915
    }, 
    {
        "accumulated_operating_revenue_yoy": 0.9632950401526986, 
        "accumulated_operating_revenue": 57182119, 
        "long_term_average": 6952896, 
        "date": "2013-08-31", 
        "operating_revenue": 7797178, 
        "short_term_average": 7302680
    }, 
    {
        "accumulated_operating_revenue_yoy": 5.524631156361607, 
        "accumulated_operating_revenue": 66161523, 
        "long_term_average": 7196082, 
        "date": "2013-09-30", 
        "operating_revenue": 8979404, 
        "short_term_average": 8007814
    }, 
    {
        "accumulated_operating_revenue_yoy": 7.415640034881594, 
        "accumulated_operating_revenue": 73501213, 
        "long_term_average": 7330289, 
        "date": "2013-10-31", 
        "operating_revenue": 7339690, 
        "short_term_average": 8038757
    }, 
    {
        "accumulated_operating_revenue_yoy": 9.919065673702573, 
        "accumulated_operating_revenue": 82015503, 
        "long_term_average": 7524186, 
        "date": "2013-11-30", 
        "operating_revenue": 8514290, 
        "short_term_average": 8277794
    }, 
    {
        "accumulated_operating_revenue_yoy": 10.82836919503217, 
        "accumulated_operating_revenue": 91864722, 
        "long_term_average": 7655393, 
        "date": "2013-12-31", 
        "operating_revenue": 9849219, 
        "short_term_average": 8567733
    }, 
    {
        "accumulated_operating_revenue_yoy": 33.53370536328282, 
        "accumulated_operating_revenue": 11505228, 
        "long_term_average": 7896164, 
        "date": "2014-01-31", 
        "operating_revenue": 11505228, 
        "short_term_average": 9956245
    }, 
    {
        "accumulated_operating_revenue_yoy": 24.543181991409334, 
        "accumulated_operating_revenue": 16601377, 
        "long_term_average": 7928023, 
        "date": "2014-02-28", 
        "operating_revenue": 5096149, 
        "short_term_average": 8816865
    }, 
    {
        "accumulated_operating_revenue_yoy": 22.99937818937599, 
        "accumulated_operating_revenue": 25343215, 
        "long_term_average": 8050299, 
        "date": "2014-03-31", 
        "operating_revenue": 8741838, 
        "short_term_average": 8447738
    }, 
    {
        "accumulated_operating_revenue_yoy": 24.887376489863957, 
        "accumulated_operating_revenue": 34535351, 
        "long_term_average": 8228906, 
        "date": "2014-04-30", 
        "operating_revenue": 9192136, 
        "short_term_average": 7676707
    }, 
    {
        "accumulated_operating_revenue_yoy": 25.406510282324323, 
        "accumulated_operating_revenue": 44235989, 
        "long_term_average": 8402219, 
        "date": "2014-05-31", 
        "operating_revenue": 9700638, 
        "short_term_average": 9211537
    }, 
    {
        "accumulated_operating_revenue_yoy": 29.014692387851852, 
        "accumulated_operating_revenue": 54364313, 
        "long_term_average": 8674246, 
        "date": "2014-06-30", 
        "operating_revenue": 10128324, 
        "short_term_average": 9673699
    }, 
    {
        "accumulated_operating_revenue_yoy": 33.39669070375117, 
        "accumulated_operating_revenue": 65877877, 
        "long_term_average": 9029804, 
        "date": "2014-07-31", 
        "operating_revenue": 11513564, 
        "short_term_average": 10447508
    }, 
    {
        "accumulated_operating_revenue_yoy": 32.391477132912826, 
        "accumulated_operating_revenue": 75704252, 
        "long_term_average": 9198904, 
        "date": "2014-08-31", 
        "operating_revenue": 9826375, 
        "short_term_average": 10489421
    }, 
    {
        "accumulated_operating_revenue_yoy": 31.50641801277761, 
        "accumulated_operating_revenue": 87006649, 
        "long_term_average": 9392487, 
        "date": "2014-09-30", 
        "operating_revenue": 11302397, 
        "short_term_average": 10880778
    }, 
    {
        "accumulated_operating_revenue_yoy": 34.14873847047939, 
        "accumulated_operating_revenue": 98600950, 
        "long_term_average": 9747038, 
        "date": "2014-10-31", 
        "operating_revenue": 11594301, 
        "short_term_average": 10907691
    }, 
    {
        "accumulated_operating_revenue_yoy": 33.35212490253215, 
        "accumulated_operating_revenue": 109369416, 
        "long_term_average": 9934886, 
        "date": "2014-11-30", 
        "operating_revenue": 10768466, 
        "short_term_average": 11221721
    }, 
    {
        "accumulated_operating_revenue_yoy": 30.831606936120703, 
        "accumulated_operating_revenue": 120188092, 
        "long_term_average": 10015674, 
        "date": "2014-12-31", 
        "operating_revenue": 10818676, 
        "short_term_average": 11060481
    }, 
    {
        "accumulated_operating_revenue_yoy": 31.464808867759942, 
        "accumulated_operating_revenue": 15125326, 
        "long_term_average": 10317349, 
        "date": "2015-01-31", 
        "operating_revenue": 15125326, 
        "short_term_average": 12237489
    }, 
    {
        "accumulated_operating_revenue_yoy": 32.11826946644245, 
        "accumulated_operating_revenue": 21933452, 
        "long_term_average": 10460013, 
        "date": "2015-02-28", 
        "operating_revenue": 6808126, 
        "short_term_average": 10917376
    }, 
    {
        "accumulated_operating_revenue_yoy": 21.992197911748764, 
        "accumulated_operating_revenue": 30916745, 
        "long_term_average": 10480135, 
        "date": "2015-03-31", 
        "operating_revenue": 8983293, 
        "short_term_average": 10305581
    }, 
    {
        "accumulated_operating_revenue_yoy": 12.728337407081804, 
        "accumulated_operating_revenue": 38931127, 
        "long_term_average": 10381989, 
        "date": "2015-04-30", 
        "operating_revenue": 8014382, 
        "short_term_average": 7935267
    }, 
    {
        "accumulated_operating_revenue_yoy": 10.975766812854575, 
        "accumulated_operating_revenue": 49091228, 
        "long_term_average": 10420277, 
        "date": "2015-05-31", 
        "operating_revenue": 10160101, 
        "short_term_average": 9052592
    }, 
    {
        "accumulated_operating_revenue_yoy": 10.141779957745442, 
        "accumulated_operating_revenue": 59877822, 
        "long_term_average": 10475133, 
        "date": "2015-06-30", 
        "operating_revenue": 10786594, 
        "short_term_average": 9653692
    }, 
    {
        "accumulated_operating_revenue_yoy": 6.174139461112263, 
        "accumulated_operating_revenue": 69945269, 
        "long_term_average": 10354623, 
        "date": "2015-07-31", 
        "operating_revenue": 10067447, 
        "short_term_average": 10338047
    }, 
    {
        "accumulated_operating_revenue_yoy": 3.3526307082460836, 
        "accumulated_operating_revenue": 78242336, 
        "long_term_average": 10227181, 
        "date": "2015-08-31", 
        "operating_revenue": 8297067, 
        "short_term_average": 9717036
    }, 
    {
        "accumulated_operating_revenue_yoy": 0.8817314639942058, 
        "accumulated_operating_revenue": 87773814, 
        "long_term_average": 10079604, 
        "date": "2015-09-30", 
        "operating_revenue": 9531478, 
        "short_term_average": 9298664
    }
]