[
    {
        "date": "2012-01-31", 
        "operating_revenue": 5029958, 
        "accumulated_operating_revenue": 5029958, 
        "long_term_average": 5029958, 
        "short_term_average": 5029958
    }, 
    {
        "date": "2012-02-29", 
        "operating_revenue": 3074546, 
        "accumulated_operating_revenue": 8104504, 
        "long_term_average": 4052252, 
        "short_term_average": 4052252
    }, 
    {
        "date": "2012-03-31", 
        "operating_revenue": 4564083, 
        "accumulated_operating_revenue": 12668587, 
        "long_term_average": 4222862, 
        "short_term_average": 4222862
    }, 
    {
        "date": "2012-04-30", 
        "operating_revenue": 3266207, 
        "accumulated_operating_revenue": 15934794, 
        "long_term_average": 3983698, 
        "short_term_average": 3634945
    }, 
    {
        "date": "2012-05-31", 
        "operating_revenue": 3734971, 
        "accumulated_operating_revenue": 19669765, 
        "long_term_average": 3933953, 
        "short_term_average": 3855087
    }, 
    {
        "date": "2012-06-30", 
        "operating_revenue": 4369956, 
        "accumulated_operating_revenue": 24039721, 
        "long_term_average": 4006620, 
        "short_term_average": 3790378
    }, 
    {
        "date": "2012-07-31", 
        "operating_revenue": 3528975, 
        "accumulated_operating_revenue": 27568696, 
        "long_term_average": 3938385, 
        "short_term_average": 3877967
    }, 
    {
        "date": "2012-08-31", 
        "operating_revenue": 3046665, 
        "accumulated_operating_revenue": 30615361, 
        "long_term_average": 3826920, 
        "short_term_average": 3648532
    }, 
    {
        "date": "2012-09-30", 
        "operating_revenue": 3292826, 
        "accumulated_operating_revenue": 33908187, 
        "long_term_average": 3767576, 
        "short_term_average": 3289488
    }, 
    {
        "date": "2012-10-31", 
        "operating_revenue": 2669725, 
        "accumulated_operating_revenue": 36577912, 
        "long_term_average": 3657791, 
        "short_term_average": 3003072
    }, 
    {
        "date": "2012-11-30", 
        "operating_revenue": 2409893, 
        "accumulated_operating_revenue": 38987805, 
        "long_term_average": 3544345, 
        "short_term_average": 2790814
    }, 
    {
        "date": "2012-12-31", 
        "operating_revenue": 2798325, 
        "accumulated_operating_revenue": 41786130, 
        "long_term_average": 3482177, 
        "short_term_average": 2625981
    }, 
    {
        "accumulated_operating_revenue_yoy": 1.406055477998027, 
        "accumulated_operating_revenue": 5100682, 
        "long_term_average": 3488071, 
        "date": "2013-01-31", 
        "operating_revenue": 5100682, 
        "short_term_average": 3436300
    }, 
    {
        "accumulated_operating_revenue_yoy": -11.021180321460758, 
        "accumulated_operating_revenue": 7211292, 
        "long_term_average": 3407743, 
        "date": "2013-02-28", 
        "operating_revenue": 2110610, 
        "short_term_average": 3336539
    }, 
    {
        "accumulated_operating_revenue_yoy": -20.56980782466111, 
        "accumulated_operating_revenue": 10062683, 
        "long_term_average": 3265018, 
        "date": "2013-03-31", 
        "operating_revenue": 2851391, 
        "short_term_average": 3354227
    }, 
    {
        "accumulated_operating_revenue_yoy": -19.08973533012099, 
        "accumulated_operating_revenue": 12892884, 
        "long_term_average": 3228685, 
        "date": "2013-04-30", 
        "operating_revenue": 2830201, 
        "short_term_average": 2597400
    }, 
    {
        "accumulated_operating_revenue_yoy": -20.681853596115662, 
        "accumulated_operating_revenue": 15601693, 
        "long_term_average": 3143171, 
        "date": "2013-05-31", 
        "operating_revenue": 2708809, 
        "short_term_average": 2796800
    }, 
    {
        "accumulated_operating_revenue_yoy": -22.549591985697337, 
        "accumulated_operating_revenue": 18618862, 
        "long_term_average": 3030439, 
        "date": "2013-06-30", 
        "operating_revenue": 3017169, 
        "short_term_average": 2852059
    }, 
    {
        "accumulated_operating_revenue_yoy": -20.340240249303047, 
        "accumulated_operating_revenue": 21961157, 
        "long_term_average": 3014882, 
        "date": "2013-07-31", 
        "operating_revenue": 3342295, 
        "short_term_average": 3022757
    }, 
    {
        "accumulated_operating_revenue_yoy": -20.762822296950866, 
        "accumulated_operating_revenue": 24258748, 
        "long_term_average": 2952459, 
        "date": "2013-08-31", 
        "operating_revenue": 2297591, 
        "short_term_average": 2885685
    }, 
    {
        "accumulated_operating_revenue_yoy": -20.981272162973504, 
        "accumulated_operating_revenue": 26793818, 
        "long_term_average": 2889313, 
        "date": "2013-09-30", 
        "operating_revenue": 2535070, 
        "short_term_average": 2724985
    }, 
    {
        "accumulated_operating_revenue_yoy": -18.117280723951655, 
        "accumulated_operating_revenue": 29950989, 
        "long_term_average": 2929933, 
        "date": "2013-10-31", 
        "operating_revenue": 3157171, 
        "short_term_average": 2663277
    }, 
    {
        "accumulated_operating_revenue_yoy": -16.025513618938025, 
        "accumulated_operating_revenue": 32739809, 
        "long_term_average": 2961511, 
        "date": "2013-11-30", 
        "operating_revenue": 2788820, 
        "short_term_average": 2827020
    }, 
    {
        "accumulated_operating_revenue_yoy": -14.948273506065291, 
        "accumulated_operating_revenue": 35539825, 
        "long_term_average": 2961652, 
        "date": "2013-12-31", 
        "operating_revenue": 2800016, 
        "short_term_average": 2915335
    }, 
    {
        "accumulated_operating_revenue_yoy": -12.406654639516832, 
        "accumulated_operating_revenue": 4467858, 
        "long_term_average": 2908916, 
        "date": "2014-01-31", 
        "operating_revenue": 4467858, 
        "short_term_average": 3352231
    }, 
    {
        "accumulated_operating_revenue_yoy": -4.768590704689257, 
        "accumulated_operating_revenue": 6867415, 
        "long_term_average": 2932995, 
        "date": "2014-02-28", 
        "operating_revenue": 2399557, 
        "short_term_average": 3222477
    }, 
    {
        "accumulated_operating_revenue_yoy": 0.3480284532465149, 
        "accumulated_operating_revenue": 10097704, 
        "long_term_average": 2964570, 
        "date": "2014-03-31", 
        "operating_revenue": 3230289, 
        "short_term_average": 3365901
    }, 
    {
        "accumulated_operating_revenue_yoy": 3.030803658824511, 
        "accumulated_operating_revenue": 13283642, 
        "long_term_average": 2994215, 
        "date": "2014-04-30", 
        "operating_revenue": 3185938, 
        "short_term_average": 2938594
    }, 
    {
        "accumulated_operating_revenue_yoy": 6.159055943479981, 
        "accumulated_operating_revenue": 16562610, 
        "long_term_average": 3041728, 
        "date": "2014-05-31", 
        "operating_revenue": 3278968, 
        "short_term_average": 3231731
    }, 
    {
        "accumulated_operating_revenue_yoy": 7.269198300089447, 
        "accumulated_operating_revenue": 19972304, 
        "long_term_average": 3074438, 
        "date": "2014-06-30", 
        "operating_revenue": 3409694, 
        "short_term_average": 3291533
    }, 
    {
        "accumulated_operating_revenue_yoy": 5.953679945004719, 
        "accumulated_operating_revenue": 23268654, 
        "long_term_average": 3070610, 
        "date": "2014-07-31", 
        "operating_revenue": 3296350, 
        "short_term_average": 3328337
    }, 
    {
        "accumulated_operating_revenue_yoy": 5.501615334806232, 
        "accumulated_operating_revenue": 25593371, 
        "long_term_average": 3072870, 
        "date": "2014-08-31", 
        "operating_revenue": 2324717, 
        "short_term_average": 3010253
    }, 
    {
        "accumulated_operating_revenue_yoy": 6.288853645269965, 
        "accumulated_operating_revenue": 28478842, 
        "long_term_average": 3102070, 
        "date": "2014-09-30", 
        "operating_revenue": 2885471, 
        "short_term_average": 2835512
    }, 
    {
        "accumulated_operating_revenue_yoy": 4.465144706907675, 
        "accumulated_operating_revenue": 31288344, 
        "long_term_average": 3073098, 
        "date": "2014-10-31", 
        "operating_revenue": 2809502, 
        "short_term_average": 2673230
    }, 
    {
        "accumulated_operating_revenue_yoy": 2.071551486448806, 
        "accumulated_operating_revenue": 33418031, 
        "long_term_average": 3018170, 
        "date": "2014-11-30", 
        "operating_revenue": 2129687, 
        "short_term_average": 2608220
    }, 
    {
        "accumulated_operating_revenue_yoy": 1.1422678642902715, 
        "accumulated_operating_revenue": 35945785, 
        "long_term_average": 2995482, 
        "date": "2014-12-31", 
        "operating_revenue": 2527754, 
        "short_term_average": 2488981
    }, 
    {
        "accumulated_operating_revenue_yoy": 10.741187387781796, 
        "accumulated_operating_revenue": 4947759, 
        "long_term_average": 3035473, 
        "date": "2015-01-31", 
        "operating_revenue": 4947759, 
        "short_term_average": 3201733
    }, 
    {
        "accumulated_operating_revenue_yoy": 9.627465356324032, 
        "accumulated_operating_revenue": 7528573, 
        "long_term_average": 3050578, 
        "date": "2015-02-28", 
        "operating_revenue": 2580814, 
        "short_term_average": 3352109
    }, 
    {
        "accumulated_operating_revenue_yoy": 7.775638897713777, 
        "accumulated_operating_revenue": 10882865, 
        "long_term_average": 3060912, 
        "date": "2015-03-31", 
        "operating_revenue": 3354292, 
        "short_term_average": 3627621
    }, 
    {
        "accumulated_operating_revenue_yoy": 3.262102366203486, 
        "accumulated_operating_revenue": 13716968, 
        "long_term_average": 3031592, 
        "date": "2015-04-30", 
        "operating_revenue": 2834103, 
        "short_term_average": 2923069
    }, 
    {
        "accumulated_operating_revenue_yoy": 2.0227427923497565, 
        "accumulated_operating_revenue": 16897629, 
        "long_term_average": 3023400, 
        "date": "2015-05-31", 
        "operating_revenue": 3180661, 
        "short_term_average": 3123018
    }, 
    {
        "accumulated_operating_revenue_yoy": 0.4630061709455254, 
        "accumulated_operating_revenue": 20064777, 
        "long_term_average": 3003188, 
        "date": "2015-06-30", 
        "operating_revenue": 3167148, 
        "short_term_average": 3060637
    }, 
    {
        "accumulated_operating_revenue_yoy": 1.2455469061510822, 
        "accumulated_operating_revenue": 23558476, 
        "long_term_average": 3019633, 
        "date": "2015-07-31", 
        "operating_revenue": 3493699, 
        "short_term_average": 3280502
    }, 
    {
        "accumulated_operating_revenue_yoy": 1.3961818472447416, 
        "accumulated_operating_revenue": 25950701, 
        "long_term_average": 3025259, 
        "date": "2015-08-31", 
        "operating_revenue": 2392225, 
        "short_term_average": 3017690
    }, 
    {
        "accumulated_operating_revenue_yoy": 0.04638882437705859, 
        "accumulated_operating_revenue": 28492053, 
        "long_term_average": 2996583, 
        "date": "2015-09-30", 
        "operating_revenue": 2541352, 
        "short_term_average": 2809092
    }
]