[
    {
        "date": "2012-01-31", 
        "operating_revenue": 2469132, 
        "accumulated_operating_revenue": 2469132, 
        "long_term_average": 2469132, 
        "short_term_average": 2469132
    }, 
    {
        "date": "2012-02-29", 
        "operating_revenue": 2590587, 
        "accumulated_operating_revenue": 5059719, 
        "long_term_average": 2529859, 
        "short_term_average": 2529859
    }, 
    {
        "date": "2012-03-31", 
        "operating_revenue": 3143363, 
        "accumulated_operating_revenue": 8203082, 
        "long_term_average": 2734360, 
        "short_term_average": 2734360
    }, 
    {
        "date": "2012-04-30", 
        "operating_revenue": 2906027, 
        "accumulated_operating_revenue": 11109109, 
        "long_term_average": 2777277, 
        "short_term_average": 2879992
    }, 
    {
        "date": "2012-05-31", 
        "operating_revenue": 2948981, 
        "accumulated_operating_revenue": 14058090, 
        "long_term_average": 2811618, 
        "short_term_average": 2999457
    }, 
    {
        "date": "2012-06-30", 
        "operating_revenue": 2909315, 
        "accumulated_operating_revenue": 16967405, 
        "long_term_average": 2827900, 
        "short_term_average": 2921441
    }, 
    {
        "date": "2012-07-31", 
        "operating_revenue": 3284911, 
        "accumulated_operating_revenue": 20252316, 
        "long_term_average": 2893188, 
        "short_term_average": 3047735
    }, 
    {
        "date": "2012-08-31", 
        "operating_revenue": 3074203, 
        "accumulated_operating_revenue": 23326519, 
        "long_term_average": 2915814, 
        "short_term_average": 3089476
    }, 
    {
        "date": "2012-09-30", 
        "operating_revenue": 3465508, 
        "accumulated_operating_revenue": 26792027, 
        "long_term_average": 2976891, 
        "short_term_average": 3274874
    }, 
    {
        "date": "2012-10-31", 
        "operating_revenue": 2608975, 
        "accumulated_operating_revenue": 29401002, 
        "long_term_average": 2940100, 
        "short_term_average": 3049562
    }, 
    {
        "date": "2012-11-30", 
        "operating_revenue": 2491720, 
        "accumulated_operating_revenue": 31892722, 
        "long_term_average": 2899338, 
        "short_term_average": 2855401
    }, 
    {
        "date": "2012-12-31", 
        "operating_revenue": 2516099, 
        "accumulated_operating_revenue": 34408821, 
        "long_term_average": 2867401, 
        "short_term_average": 2538931
    }, 
    {
        "accumulated_operating_revenue_yoy": 33.38177140792797, 
        "accumulated_operating_revenue": 3293372, 
        "long_term_average": 2936088, 
        "date": "2013-01-31", 
        "operating_revenue": 3293372, 
        "short_term_average": 2767063
    }, 
    {
        "accumulated_operating_revenue_yoy": 5.093701843916628, 
        "accumulated_operating_revenue": 5317446, 
        "long_term_average": 2888879, 
        "date": "2013-02-28", 
        "operating_revenue": 2024074, 
        "short_term_average": 2611181
    }, 
    {
        "accumulated_operating_revenue_yoy": 0.6875220801157419, 
        "accumulated_operating_revenue": 8259480, 
        "long_term_average": 2872101, 
        "date": "2013-03-31", 
        "operating_revenue": 2942034, 
        "short_term_average": 2753160
    }, 
    {
        "accumulated_operating_revenue_yoy": 0.09150148765306021, 
        "accumulated_operating_revenue": 11119274, 
        "long_term_average": 2868248, 
        "date": "2013-04-30", 
        "operating_revenue": 2859794, 
        "short_term_average": 2608634
    }, 
    {
        "accumulated_operating_revenue_yoy": 0.28348801295197285, 
        "accumulated_operating_revenue": 14097943, 
        "long_term_average": 2870722, 
        "date": "2013-05-31", 
        "operating_revenue": 2978669, 
        "short_term_average": 2926832
    }, 
    {
        "accumulated_operating_revenue_yoy": -0.4030610455753252, 
        "accumulated_operating_revenue": 16899016, 
        "long_term_average": 2861702, 
        "date": "2013-06-30", 
        "operating_revenue": 2801073, 
        "short_term_average": 2879845
    }, 
    {
        "accumulated_operating_revenue_yoy": -1.4761472218782288, 
        "accumulated_operating_revenue": 19953362, 
        "long_term_average": 2842488, 
        "date": "2013-07-31", 
        "operating_revenue": 3054346, 
        "short_term_average": 2944696
    }, 
    {
        "accumulated_operating_revenue_yoy": -3.2427427341387713, 
        "accumulated_operating_revenue": 22570100, 
        "long_term_average": 2804366, 
        "date": "2013-08-31", 
        "operating_revenue": 2616738, 
        "short_term_average": 2824052
    }, 
    {
        "accumulated_operating_revenue_yoy": -4.670736559051691, 
        "accumulated_operating_revenue": 25540642, 
        "long_term_average": 2763119, 
        "date": "2013-09-30", 
        "operating_revenue": 2970542, 
        "short_term_average": 2880542
    }, 
    {
        "accumulated_operating_revenue_yoy": -4.202673092570111, 
        "accumulated_operating_revenue": 28165374, 
        "long_term_average": 2764432, 
        "date": "2013-10-31", 
        "operating_revenue": 2624732, 
        "short_term_average": 2737337
    }, 
    {
        "accumulated_operating_revenue_yoy": -3.972000257613634, 
        "accumulated_operating_revenue": 30625943, 
        "long_term_average": 2761836, 
        "date": "2013-11-30", 
        "operating_revenue": 2460569, 
        "short_term_average": 2685281
    }, 
    {
        "accumulated_operating_revenue_yoy": -3.9502138129057083, 
        "accumulated_operating_revenue": 33049599, 
        "long_term_average": 2754133, 
        "date": "2013-12-31", 
        "operating_revenue": 2423656, 
        "short_term_average": 2502985
    }, 
    {
        "accumulated_operating_revenue_yoy": -5.507850312688636, 
        "accumulated_operating_revenue": 3111978, 
        "long_term_average": 2739017, 
        "date": "2014-01-31", 
        "operating_revenue": 3111978, 
        "short_term_average": 2665401
    }, 
    {
        "accumulated_operating_revenue_yoy": -0.18982797380546979, 
        "accumulated_operating_revenue": 5307352, 
        "long_term_average": 2753292, 
        "date": "2014-02-28", 
        "operating_revenue": 2195374, 
        "short_term_average": 2577002
    }, 
    {
        "accumulated_operating_revenue_yoy": -2.574786790451699, 
        "accumulated_operating_revenue": 8046816, 
        "long_term_average": 2736411, 
        "date": "2014-03-31", 
        "operating_revenue": 2739464, 
        "short_term_average": 2682272
    }, 
    {
        "accumulated_operating_revenue_yoy": 2.2710835257769526, 
        "accumulated_operating_revenue": 11371802, 
        "long_term_average": 2775177, 
        "date": "2014-04-30", 
        "operating_revenue": 3324986, 
        "short_term_average": 2753274
    }, 
    {
        "accumulated_operating_revenue_yoy": 5.589524656185658, 
        "accumulated_operating_revenue": 14885951, 
        "long_term_average": 2819800, 
        "date": "2014-05-31", 
        "operating_revenue": 3514149, 
        "short_term_average": 3192866
    }, 
    {
        "accumulated_operating_revenue_yoy": 9.312974199207812, 
        "accumulated_operating_revenue": 18472817, 
        "long_term_average": 2885283, 
        "date": "2014-06-30", 
        "operating_revenue": 3586866, 
        "short_term_average": 3475333
    }, 
    {
        "accumulated_operating_revenue_yoy": 10.218463434883805, 
        "accumulated_operating_revenue": 21992289, 
        "long_term_average": 2924043, 
        "date": "2014-07-31", 
        "operating_revenue": 3519472, 
        "short_term_average": 3540162
    }, 
    {
        "accumulated_operating_revenue_yoy": 10.487596421814702, 
        "accumulated_operating_revenue": 24937161, 
        "long_term_average": 2951388, 
        "date": "2014-08-31", 
        "operating_revenue": 2944872, 
        "short_term_average": 3350403
    }, 
    {
        "accumulated_operating_revenue_yoy": 10.201000429041681, 
        "accumulated_operating_revenue": 28146043, 
        "long_term_average": 2971250, 
        "date": "2014-09-30", 
        "operating_revenue": 3208882, 
        "short_term_average": 3224408
    }, 
    {
        "accumulated_operating_revenue_yoy": 9.919509678799225, 
        "accumulated_operating_revenue": 30959241, 
        "long_term_average": 2986955, 
        "date": "2014-10-31", 
        "operating_revenue": 2813198, 
        "short_term_average": 2988984
    }, 
    {
        "accumulated_operating_revenue_yoy": 9.313260982690394, 
        "accumulated_operating_revenue": 33478217, 
        "long_term_average": 2991822, 
        "date": "2014-11-30", 
        "operating_revenue": 2518976, 
        "short_term_average": 2847018
    }, 
    {
        "accumulated_operating_revenue_yoy": 11.093202673956801, 
        "accumulated_operating_revenue": 36715858, 
        "long_term_average": 3059654, 
        "date": "2014-12-31", 
        "operating_revenue": 3237641, 
        "short_term_average": 2856605
    }, 
    {
        "accumulated_operating_revenue_yoy": 7.467115770098632, 
        "accumulated_operating_revenue": 3344353, 
        "long_term_average": 3079019, 
        "date": "2015-01-31", 
        "operating_revenue": 3344353, 
        "short_term_average": 3033656
    }, 
    {
        "accumulated_operating_revenue_yoy": 3.4219324439004613, 
        "accumulated_operating_revenue": 5488966, 
        "long_term_average": 3074789, 
        "date": "2015-02-28", 
        "operating_revenue": 2144613, 
        "short_term_average": 2908869
    }, 
    {
        "accumulated_operating_revenue_yoy": 7.43978736434386, 
        "accumulated_operating_revenue": 8645482, 
        "long_term_average": 3109543, 
        "date": "2015-03-31", 
        "operating_revenue": 3156516, 
        "short_term_average": 2881827
    }, 
    {
        "accumulated_operating_revenue_yoy": 1.0027170715775742, 
        "accumulated_operating_revenue": 11485829, 
        "long_term_average": 3069157, 
        "date": "2015-04-30", 
        "operating_revenue": 2840347, 
        "short_term_average": 2713825
    }, 
    {
        "accumulated_operating_revenue_yoy": -3.9635425375241393, 
        "accumulated_operating_revenue": 14295940, 
        "long_term_average": 3010487, 
        "date": "2015-05-31", 
        "operating_revenue": 2810111, 
        "short_term_average": 2935658
    }, 
    {
        "accumulated_operating_revenue_yoy": -6.718764117026656, 
        "accumulated_operating_revenue": 17231672, 
        "long_term_average": 2956226, 
        "date": "2015-06-30", 
        "operating_revenue": 2935732, 
        "short_term_average": 2862063
    }, 
    {
        "accumulated_operating_revenue_yoy": -8.198368982873951, 
        "accumulated_operating_revenue": 20189280, 
        "long_term_average": 2909404, 
        "date": "2015-07-31", 
        "operating_revenue": 2957608, 
        "short_term_average": 2901150
    }, 
    {
        "accumulated_operating_revenue_yoy": -7.6840182408895705, 
        "accumulated_operating_revenue": 23020985, 
        "long_term_average": 2899973, 
        "date": "2015-08-31", 
        "operating_revenue": 2831705, 
        "short_term_average": 2908348
    }, 
    {
        "accumulated_operating_revenue_yoy": -9.638047522346215, 
        "accumulated_operating_revenue": 25433314, 
        "long_term_average": 2833594, 
        "date": "2015-09-30", 
        "operating_revenue": 2412329, 
        "short_term_average": 2733880
    }
]