[
    {
        "date": "2012-01-31", 
        "operating_revenue": 12450367, 
        "accumulated_operating_revenue": 12450367, 
        "long_term_average": 12450367, 
        "short_term_average": 12450367
    }, 
    {
        "date": "2012-02-29", 
        "operating_revenue": 9966535, 
        "accumulated_operating_revenue": 22416902, 
        "long_term_average": 11208451, 
        "short_term_average": 11208451
    }, 
    {
        "date": "2012-03-31", 
        "operating_revenue": 13080710, 
        "accumulated_operating_revenue": 35497612, 
        "long_term_average": 11832537, 
        "short_term_average": 11832537
    }, 
    {
        "date": "2012-04-30", 
        "operating_revenue": 9534625, 
        "accumulated_operating_revenue": 45032237, 
        "long_term_average": 11258059, 
        "short_term_average": 10860623
    }, 
    {
        "date": "2012-05-31", 
        "operating_revenue": 13297436, 
        "accumulated_operating_revenue": 58329673, 
        "long_term_average": 11665934, 
        "short_term_average": 11970923
    }, 
    {
        "date": "2012-06-30", 
        "operating_revenue": 12083182, 
        "accumulated_operating_revenue": 70412855, 
        "long_term_average": 11735475, 
        "short_term_average": 11638414
    }, 
    {
        "date": "2012-07-31", 
        "operating_revenue": 12809483, 
        "accumulated_operating_revenue": 83222338, 
        "long_term_average": 11888905, 
        "short_term_average": 12730033
    }, 
    {
        "date": "2012-08-31", 
        "operating_revenue": 10594622, 
        "accumulated_operating_revenue": 93816960, 
        "long_term_average": 11727120, 
        "short_term_average": 11829095
    }, 
    {
        "date": "2012-09-30", 
        "operating_revenue": 10619043, 
        "accumulated_operating_revenue": 104436003, 
        "long_term_average": 11604000, 
        "short_term_average": 11341049
    }, 
    {
        "date": "2012-10-31", 
        "operating_revenue": 12393486, 
        "accumulated_operating_revenue": 116829489, 
        "long_term_average": 11682948, 
        "short_term_average": 11202383
    }, 
    {
        "date": "2012-11-30", 
        "operating_revenue": 12102178, 
        "accumulated_operating_revenue": 128931667, 
        "long_term_average": 11721060, 
        "short_term_average": 11704902
    }, 
    {
        "date": "2012-12-31", 
        "operating_revenue": 9150695, 
        "accumulated_operating_revenue": 138082362, 
        "long_term_average": 11506863, 
        "short_term_average": 11215453
    }, 
    {
        "accumulated_operating_revenue_yoy": 39.58818242064672, 
        "accumulated_operating_revenue": 17379241, 
        "long_term_average": 11917603, 
        "date": "2013-01-31", 
        "operating_revenue": 17379241, 
        "short_term_average": 12877371
    }, 
    {
        "accumulated_operating_revenue_yoy": 21.466021486822758, 
        "accumulated_operating_revenue": 27228919, 
        "long_term_average": 11907864, 
        "date": "2013-02-28", 
        "operating_revenue": 9849678, 
        "short_term_average": 12126538
    }, 
    {
        "accumulated_operating_revenue_yoy": 7.891798468020891, 
        "accumulated_operating_revenue": 38299012, 
        "long_term_average": 11740313, 
        "date": "2013-03-31", 
        "operating_revenue": 11070093, 
        "short_term_average": 12766337
    }, 
    {
        "accumulated_operating_revenue_yoy": 7.914692312531576, 
        "accumulated_operating_revenue": 48596400, 
        "long_term_average": 11803877, 
        "date": "2013-04-30", 
        "operating_revenue": 10297388, 
        "short_term_average": 10405719
    }, 
    {
        "accumulated_operating_revenue_yoy": 3.4075195312684166, 
        "accumulated_operating_revenue": 60317268, 
        "long_term_average": 11672496, 
        "date": "2013-05-31", 
        "operating_revenue": 11720868, 
        "short_term_average": 11029449
    }, 
    {
        "accumulated_operating_revenue_yoy": 3.1800216025894703, 
        "accumulated_operating_revenue": 72651999, 
        "long_term_average": 11693458, 
        "date": "2013-06-30", 
        "operating_revenue": 12334731, 
        "short_term_average": 11450995
    }, 
    {
        "accumulated_operating_revenue_yoy": 4.031856206683355, 
        "accumulated_operating_revenue": 86577743, 
        "long_term_average": 11786480, 
        "date": "2013-07-31", 
        "operating_revenue": 13925744, 
        "short_term_average": 12660447
    }, 
    {
        "accumulated_operating_revenue_yoy": 2.5473240659258196, 
        "accumulated_operating_revenue": 96206782, 
        "long_term_average": 11706015, 
        "date": "2013-08-31", 
        "operating_revenue": 9629039, 
        "short_term_average": 11963171
    }, 
    {
        "accumulated_operating_revenue_yoy": 2.189335989811866, 
        "accumulated_operating_revenue": 106722458, 
        "long_term_average": 11697401, 
        "date": "2013-09-30", 
        "operating_revenue": 10515676, 
        "short_term_average": 11356819
    }, 
    {
        "accumulated_operating_revenue_yoy": 2.90154226387141, 
        "accumulated_operating_revenue": 120219346, 
        "long_term_average": 11789351, 
        "date": "2013-10-31", 
        "operating_revenue": 13496888, 
        "short_term_average": 11213867
    }, 
    {
        "accumulated_operating_revenue_yoy": 4.038408965890436, 
        "accumulated_operating_revenue": 134138455, 
        "long_term_average": 11940762, 
        "date": "2013-11-30", 
        "operating_revenue": 13919109, 
        "short_term_average": 12643891
    }, 
    {
        "accumulated_operating_revenue_yoy": 6.166400166300747, 
        "accumulated_operating_revenue": 146597073, 
        "long_term_average": 12216422, 
        "date": "2013-12-31", 
        "operating_revenue": 12458618, 
        "short_term_average": 13291538
    }, 
    {
        "accumulated_operating_revenue_yoy": -16.801101958365155, 
        "accumulated_operating_revenue": 14459337, 
        "long_term_average": 11973097, 
        "date": "2014-01-31", 
        "operating_revenue": 14459337, 
        "short_term_average": 13612354
    }, 
    {
        "accumulated_operating_revenue_yoy": -9.320983326587442, 
        "accumulated_operating_revenue": 24690916, 
        "long_term_average": 12004922, 
        "date": "2014-02-28", 
        "operating_revenue": 10231579, 
        "short_term_average": 12383178
    }, 
    {
        "accumulated_operating_revenue_yoy": -1.3480765509042374, 
        "accumulated_operating_revenue": 37782712, 
        "long_term_average": 12173397, 
        "date": "2014-03-31", 
        "operating_revenue": 13091796, 
        "short_term_average": 12594237
    }, 
    {
        "accumulated_operating_revenue_yoy": 5.57681021639463, 
        "accumulated_operating_revenue": 51306529, 
        "long_term_average": 12442266, 
        "date": "2014-04-30", 
        "operating_revenue": 13523817, 
        "short_term_average": 12282397
    }, 
    {
        "accumulated_operating_revenue_yoy": 9.484405029750352, 
        "accumulated_operating_revenue": 66038002, 
        "long_term_average": 12693150, 
        "date": "2014-05-31", 
        "operating_revenue": 14731473, 
        "short_term_average": 13782362
    }, 
    {
        "accumulated_operating_revenue_yoy": 9.380706785507718, 
        "accumulated_operating_revenue": 79467270, 
        "long_term_average": 12784362, 
        "date": "2014-06-30", 
        "operating_revenue": 13429268, 
        "short_term_average": 13894852
    }, 
    {
        "accumulated_operating_revenue_yoy": 10.720048454023571, 
        "accumulated_operating_revenue": 95858919, 
        "long_term_average": 12989854, 
        "date": "2014-07-31", 
        "operating_revenue": 16391649, 
        "short_term_average": 14850796
    }, 
    {
        "accumulated_operating_revenue_yoy": 10.13669285809809, 
        "accumulated_operating_revenue": 105958968, 
        "long_term_average": 13029104, 
        "date": "2014-08-31", 
        "operating_revenue": 10100049, 
        "short_term_average": 13306988
    }, 
    {
        "accumulated_operating_revenue_yoy": 10.84976509817643, 
        "accumulated_operating_revenue": 118301594, 
        "long_term_average": 13181350, 
        "date": "2014-09-30", 
        "operating_revenue": 12342626, 
        "short_term_average": 12944774
    }, 
    {
        "accumulated_operating_revenue_yoy": 9.995466952548552, 
        "accumulated_operating_revenue": 132235831, 
        "long_term_average": 13217796, 
        "date": "2014-10-31", 
        "operating_revenue": 13934237, 
        "short_term_average": 12125637
    }, 
    {
        "accumulated_operating_revenue_yoy": 9.050791586946486, 
        "accumulated_operating_revenue": 146279047, 
        "long_term_average": 13228138, 
        "date": "2014-11-30", 
        "operating_revenue": 14043216, 
        "short_term_average": 13440026
    }, 
    {
        "accumulated_operating_revenue_yoy": 9.288437157268481, 
        "accumulated_operating_revenue": 160213650, 
        "long_term_average": 13351137, 
        "date": "2014-12-31", 
        "operating_revenue": 13934603, 
        "short_term_average": 13970685
    }, 
    {
        "accumulated_operating_revenue_yoy": 14.63456450319956, 
        "accumulated_operating_revenue": 16575398, 
        "long_term_average": 13527475, 
        "date": "2015-01-31", 
        "operating_revenue": 16575398, 
        "short_term_average": 14851072
    }, 
    {
        "accumulated_operating_revenue_yoy": 13.220327670305954, 
        "accumulated_operating_revenue": 27955136, 
        "long_term_average": 13623155, 
        "date": "2015-02-28", 
        "operating_revenue": 11379738, 
        "short_term_average": 13963246
    }, 
    {
        "accumulated_operating_revenue_yoy": 15.069198844169787, 
        "accumulated_operating_revenue": 43476264, 
        "long_term_average": 13825600, 
        "date": "2015-03-31", 
        "operating_revenue": 15521128, 
        "short_term_average": 14492088
    }, 
    {
        "accumulated_operating_revenue_yoy": 9.15365761733755, 
        "accumulated_operating_revenue": 56002953, 
        "long_term_average": 13742506, 
        "date": "2015-04-30", 
        "operating_revenue": 12526689, 
        "short_term_average": 13142518
    }, 
    {
        "accumulated_operating_revenue_yoy": 5.346024853992402, 
        "accumulated_operating_revenue": 69568410, 
        "long_term_average": 13645338, 
        "date": "2015-05-31", 
        "operating_revenue": 13565457, 
        "short_term_average": 13871091
    }, 
    {
        "accumulated_operating_revenue_yoy": 7.604898217844906, 
        "accumulated_operating_revenue": 85510675, 
        "long_term_average": 13854754, 
        "date": "2015-06-30", 
        "operating_revenue": 15942265, 
        "short_term_average": 14011470
    }, 
    {
        "accumulated_operating_revenue_yoy": 5.452929215694577, 
        "accumulated_operating_revenue": 101086038, 
        "long_term_average": 13786730, 
        "date": "2015-07-31", 
        "operating_revenue": 15575363, 
        "short_term_average": 15027695
    }, 
    {
        "accumulated_operating_revenue_yoy": 3.0857340928424293, 
        "accumulated_operating_revenue": 109228580, 
        "long_term_average": 13623605, 
        "date": "2015-08-31", 
        "operating_revenue": 8142542, 
        "short_term_average": 13220056
    }, 
    {
        "accumulated_operating_revenue_yoy": 0.6008946929320327, 
        "accumulated_operating_revenue": 119012462, 
        "long_term_average": 13410376, 
        "date": "2015-09-30", 
        "operating_revenue": 9783882, 
        "short_term_average": 11167262
    }
]