[
    {
        "date": "2012-01-31", 
        "operating_revenue": 2191267, 
        "accumulated_operating_revenue": 2191267, 
        "long_term_average": 2191267, 
        "short_term_average": 2191267
    }, 
    {
        "date": "2012-02-29", 
        "operating_revenue": 2452162, 
        "accumulated_operating_revenue": 4643429, 
        "long_term_average": 2321714, 
        "short_term_average": 2321714
    }, 
    {
        "date": "2012-03-31", 
        "operating_revenue": 3174707, 
        "accumulated_operating_revenue": 7818136, 
        "long_term_average": 2606045, 
        "short_term_average": 2606045
    }, 
    {
        "date": "2012-04-30", 
        "operating_revenue": 2692929, 
        "accumulated_operating_revenue": 10511065, 
        "long_term_average": 2627766, 
        "short_term_average": 2773266
    }, 
    {
        "date": "2012-05-31", 
        "operating_revenue": 3020196, 
        "accumulated_operating_revenue": 13531261, 
        "long_term_average": 2706252, 
        "short_term_average": 2962610
    }, 
    {
        "date": "2012-06-30", 
        "operating_revenue": 2587740, 
        "accumulated_operating_revenue": 16119001, 
        "long_term_average": 2686500, 
        "short_term_average": 2766955
    }, 
    {
        "date": "2012-07-31", 
        "operating_revenue": 2680095, 
        "accumulated_operating_revenue": 18799096, 
        "long_term_average": 2685585, 
        "short_term_average": 2762677
    }, 
    {
        "date": "2012-08-31", 
        "operating_revenue": 2545570, 
        "accumulated_operating_revenue": 21344666, 
        "long_term_average": 2668083, 
        "short_term_average": 2604468
    }, 
    {
        "date": "2012-09-30", 
        "operating_revenue": 2698379, 
        "accumulated_operating_revenue": 24043045, 
        "long_term_average": 2671449, 
        "short_term_average": 2641348
    }, 
    {
        "date": "2012-10-31", 
        "operating_revenue": 2585252, 
        "accumulated_operating_revenue": 26628297, 
        "long_term_average": 2662829, 
        "short_term_average": 2609733
    }, 
    {
        "date": "2012-11-30", 
        "operating_revenue": 2551096, 
        "accumulated_operating_revenue": 29179393, 
        "long_term_average": 2652672, 
        "short_term_average": 2611575
    }, 
    {
        "date": "2012-12-31", 
        "operating_revenue": 1765661, 
        "accumulated_operating_revenue": 30945054, 
        "long_term_average": 2578754, 
        "short_term_average": 2300669
    }, 
    {
        "accumulated_operating_revenue_yoy": 9.810214820923239, 
        "accumulated_operating_revenue": 2406235, 
        "long_term_average": 2596668, 
        "date": "2013-01-31", 
        "operating_revenue": 2406235, 
        "short_term_average": 2240997
    }, 
    {
        "accumulated_operating_revenue_yoy": -15.091088934492161, 
        "accumulated_operating_revenue": 3942685, 
        "long_term_average": 2520359, 
        "date": "2013-02-28", 
        "operating_revenue": 1536450, 
        "short_term_average": 1902782
    }, 
    {
        "accumulated_operating_revenue_yoy": -21.445034980204998, 
        "accumulated_operating_revenue": 6141534, 
        "long_term_average": 2439037, 
        "date": "2013-03-31", 
        "operating_revenue": 2198849, 
        "short_term_average": 2047178
    }, 
    {
        "accumulated_operating_revenue_yoy": -23.025535471429393, 
        "accumulated_operating_revenue": 8090836, 
        "long_term_average": 2377068, 
        "date": "2013-04-30", 
        "operating_revenue": 1949302, 
        "short_term_average": 1894867
    }, 
    {
        "accumulated_operating_revenue_yoy": -23.676329944415382, 
        "accumulated_operating_revenue": 10327555, 
        "long_term_average": 2311779, 
        "date": "2013-05-31", 
        "operating_revenue": 2236719, 
        "short_term_average": 2128290
    }, 
    {
        "accumulated_operating_revenue_yoy": -23.764928111860034, 
        "accumulated_operating_revenue": 12288332, 
        "long_term_average": 2259532, 
        "date": "2013-06-30", 
        "operating_revenue": 1960777, 
        "short_term_average": 2048932
    }, 
    {
        "accumulated_operating_revenue_yoy": -22.879956568124342, 
        "accumulated_operating_revenue": 14497871, 
        "long_term_average": 2220319, 
        "date": "2013-07-31", 
        "operating_revenue": 2209539, 
        "short_term_average": 2135678
    }, 
    {
        "accumulated_operating_revenue_yoy": -22.851751346214552, 
        "accumulated_operating_revenue": 16467036, 
        "long_term_average": 2172285, 
        "date": "2013-08-31", 
        "operating_revenue": 1969165, 
        "short_term_average": 2046493
    }, 
    {
        "accumulated_operating_revenue_yoy": -23.578190699222997, 
        "accumulated_operating_revenue": 18374130, 
        "long_term_average": 2106344, 
        "date": "2013-09-30", 
        "operating_revenue": 1907094, 
        "short_term_average": 2028599
    }, 
    {
        "accumulated_operating_revenue_yoy": -23.782846495966304, 
        "accumulated_operating_revenue": 20295330, 
        "long_term_average": 2051007, 
        "date": "2013-10-31", 
        "operating_revenue": 1921200, 
        "short_term_average": 1932486
    }, 
    {
        "accumulated_operating_revenue_yoy": -22.92887655339506, 
        "accumulated_operating_revenue": 22488886, 
        "long_term_average": 2021212, 
        "date": "2013-11-30", 
        "operating_revenue": 2193556, 
        "short_term_average": 2007283
    }, 
    {
        "accumulated_operating_revenue_yoy": -19.55880574646921, 
        "accumulated_operating_revenue": 24892571, 
        "long_term_average": 2074380, 
        "date": "2013-12-31", 
        "operating_revenue": 2403685, 
        "short_term_average": 2172813
    }, 
    {
        "accumulated_operating_revenue_yoy": 5.6042738967723436, 
        "accumulated_operating_revenue": 2541087, 
        "long_term_average": 2085618, 
        "date": "2014-01-31", 
        "operating_revenue": 2541087, 
        "short_term_average": 2379442
    }, 
    {
        "accumulated_operating_revenue_yoy": 16.973204808398336, 
        "accumulated_operating_revenue": 4611885, 
        "long_term_average": 2130147, 
        "date": "2014-02-28", 
        "operating_revenue": 2070798, 
        "short_term_average": 2338523
    }, 
    {
        "accumulated_operating_revenue_yoy": 16.736193270280683, 
        "accumulated_operating_revenue": 7169393, 
        "long_term_average": 2160035, 
        "date": "2014-03-31", 
        "operating_revenue": 2557508, 
        "short_term_average": 2389797
    }, 
    {
        "accumulated_operating_revenue_yoy": 11.725166595887002, 
        "accumulated_operating_revenue": 9039500, 
        "long_term_average": 2153436, 
        "date": "2014-04-30", 
        "operating_revenue": 1870107, 
        "short_term_average": 2166137
    }, 
    {
        "accumulated_operating_revenue_yoy": 5.089897850943423, 
        "accumulated_operating_revenue": 10853217, 
        "long_term_average": 2118186, 
        "date": "2014-05-31", 
        "operating_revenue": 1813717, 
        "short_term_average": 2080444
    }, 
    {
        "accumulated_operating_revenue_yoy": 2.0129094819378253, 
        "accumulated_operating_revenue": 12535685, 
        "long_term_average": 2094993, 
        "date": "2014-06-30", 
        "operating_revenue": 1682468, 
        "short_term_average": 1788764
    }, 
    {
        "accumulated_operating_revenue_yoy": -0.13973775873712768, 
        "accumulated_operating_revenue": 14477612, 
        "long_term_average": 2072692, 
        "date": "2014-07-31", 
        "operating_revenue": 1941927, 
        "short_term_average": 1812704
    }, 
    {
        "accumulated_operating_revenue_yoy": -0.23821530480652378, 
        "accumulated_operating_revenue": 16427809, 
        "long_term_average": 2071112, 
        "date": "2014-08-31", 
        "operating_revenue": 1950197, 
        "short_term_average": 1858197
    }, 
    {
        "accumulated_operating_revenue_yoy": 0.24575313225714632, 
        "accumulated_operating_revenue": 18419285, 
        "long_term_average": 2078143, 
        "date": "2014-09-30", 
        "operating_revenue": 1991476, 
        "short_term_average": 1961200
    }, 
    {
        "accumulated_operating_revenue_yoy": 1.2875720670715873, 
        "accumulated_operating_revenue": 20556647, 
        "long_term_average": 2096157, 
        "date": "2014-10-31", 
        "operating_revenue": 2137362, 
        "short_term_average": 2026345
    }, 
    {
        "accumulated_operating_revenue_yoy": 1.8631069586995106, 
        "accumulated_operating_revenue": 22907878, 
        "long_term_average": 2109296, 
        "date": "2014-11-30", 
        "operating_revenue": 2351231, 
        "short_term_average": 2160023
    }, 
    {
        "accumulated_operating_revenue_yoy": 2.4307774395822754, 
        "accumulated_operating_revenue": 25497654, 
        "long_term_average": 2124804, 
        "date": "2014-12-31", 
        "operating_revenue": 2589776, 
        "short_term_average": 2359456
    }, 
    {
        "accumulated_operating_revenue_yoy": -19.36336693706276, 
        "accumulated_operating_revenue": 2049047, 
        "long_term_average": 2083801, 
        "date": "2015-01-31", 
        "operating_revenue": 2049047, 
        "short_term_average": 2330018
    }, 
    {
        "accumulated_operating_revenue_yoy": -18.138830434843886, 
        "accumulated_operating_revenue": 3775343, 
        "long_term_average": 2055092, 
        "date": "2015-02-28", 
        "operating_revenue": 1726296, 
        "short_term_average": 2121706
    }, 
    {
        "accumulated_operating_revenue_yoy": -19.054235135387334, 
        "accumulated_operating_revenue": 5803320, 
        "long_term_average": 2010965, 
        "date": "2015-03-31", 
        "operating_revenue": 2027977, 
        "short_term_average": 1934440
    }, 
    {
        "accumulated_operating_revenue_yoy": -17.228519276508656, 
        "accumulated_operating_revenue": 7482128, 
        "long_term_average": 1995023, 
        "date": "2015-04-30", 
        "operating_revenue": 1678808, 
        "short_term_average": 1811027
    }, 
    {
        "accumulated_operating_revenue_yoy": -16.410433883336157, 
        "accumulated_operating_revenue": 9072157, 
        "long_term_average": 1976382, 
        "date": "2015-05-31", 
        "operating_revenue": 1590029, 
        "short_term_average": 1765604
    }, 
    {
        "accumulated_operating_revenue_yoy": -13.579808363085064, 
        "accumulated_operating_revenue": 10833363, 
        "long_term_average": 1982944, 
        "date": "2015-06-30", 
        "operating_revenue": 1761206, 
        "short_term_average": 1676681
    }, 
    {
        "accumulated_operating_revenue_yoy": -14.536478806035138, 
        "accumulated_operating_revenue": 12373077, 
        "long_term_average": 1949426, 
        "date": "2015-07-31", 
        "operating_revenue": 1539714, 
        "short_term_average": 1630316
    }, 
    {
        "accumulated_operating_revenue_yoy": -11.633292059823681, 
        "accumulated_operating_revenue": 14516714, 
        "long_term_average": 1965546, 
        "date": "2015-08-31", 
        "operating_revenue": 2143637, 
        "short_term_average": 1814852
    }
]