[
    {
        "date": "2012-01-31", 
        "operating_revenue": 57184, 
        "accumulated_operating_revenue": 57184, 
        "long_term_average": 57184, 
        "short_term_average": 57184
    }, 
    {
        "date": "2012-02-29", 
        "operating_revenue": 52917, 
        "accumulated_operating_revenue": 110101, 
        "long_term_average": 55050, 
        "short_term_average": 55050
    }, 
    {
        "date": "2012-03-31", 
        "operating_revenue": 58737, 
        "accumulated_operating_revenue": 168838, 
        "long_term_average": 56279, 
        "short_term_average": 56279
    }, 
    {
        "date": "2012-04-30", 
        "operating_revenue": 55333, 
        "accumulated_operating_revenue": 224171, 
        "long_term_average": 56042, 
        "short_term_average": 55662
    }, 
    {
        "date": "2012-05-31", 
        "operating_revenue": 50107, 
        "accumulated_operating_revenue": 274278, 
        "long_term_average": 54855, 
        "short_term_average": 54725
    }, 
    {
        "date": "2012-06-30", 
        "operating_revenue": 69254, 
        "accumulated_operating_revenue": 343532, 
        "long_term_average": 57255, 
        "short_term_average": 58231
    }, 
    {
        "date": "2012-07-31", 
        "operating_revenue": 94663, 
        "accumulated_operating_revenue": 438195, 
        "long_term_average": 62599, 
        "short_term_average": 71341
    }, 
    {
        "date": "2012-08-31", 
        "operating_revenue": 57076, 
        "accumulated_operating_revenue": 495271, 
        "long_term_average": 61908, 
        "short_term_average": 73664
    }, 
    {
        "date": "2012-09-30", 
        "operating_revenue": 48107, 
        "accumulated_operating_revenue": 543378, 
        "long_term_average": 60375, 
        "short_term_average": 66615
    }, 
    {
        "date": "2012-10-31", 
        "operating_revenue": 61281, 
        "accumulated_operating_revenue": 604659, 
        "long_term_average": 60465, 
        "short_term_average": 55488
    }, 
    {
        "date": "2012-11-30", 
        "operating_revenue": 49279, 
        "accumulated_operating_revenue": 653938, 
        "long_term_average": 59448, 
        "short_term_average": 52889
    }, 
    {
        "date": "2012-12-31", 
        "operating_revenue": 54632, 
        "accumulated_operating_revenue": 708570, 
        "long_term_average": 59047, 
        "short_term_average": 55064
    }, 
    {
        "accumulated_operating_revenue_yoy": -0.6715165081141579, 
        "accumulated_operating_revenue": 56800, 
        "long_term_average": 59015, 
        "date": "2013-01-31", 
        "operating_revenue": 56800, 
        "short_term_average": 53570
    }, 
    {
        "accumulated_operating_revenue_yoy": -3.061734225847177, 
        "accumulated_operating_revenue": 106730, 
        "long_term_average": 58766, 
        "date": "2013-02-28", 
        "operating_revenue": 49930, 
        "short_term_average": 53787
    }, 
    {
        "accumulated_operating_revenue_yoy": 2.4200713109608025, 
        "accumulated_operating_revenue": 172924, 
        "long_term_average": 59388, 
        "date": "2013-03-31", 
        "operating_revenue": 66194, 
        "short_term_average": 57641
    }, 
    {
        "accumulated_operating_revenue_yoy": 19.10862689643174, 
        "accumulated_operating_revenue": 267007, 
        "long_term_average": 62617, 
        "date": "2013-04-30", 
        "operating_revenue": 94083, 
        "short_term_average": 70069
    }, 
    {
        "accumulated_operating_revenue_yoy": 22.612823485660535, 
        "accumulated_operating_revenue": 336300, 
        "long_term_average": 64216, 
        "date": "2013-05-31", 
        "operating_revenue": 69293, 
        "short_term_average": 76523
    }, 
    {
        "accumulated_operating_revenue_yoy": 10.014205372425277, 
        "accumulated_operating_revenue": 377934, 
        "long_term_average": 61914, 
        "date": "2013-06-30", 
        "operating_revenue": 41634, 
        "short_term_average": 68336
    }, 
    {
        "accumulated_operating_revenue_yoy": -1.51667636554502, 
        "accumulated_operating_revenue": 431549, 
        "long_term_average": 58493, 
        "date": "2013-07-31", 
        "operating_revenue": 53615, 
        "short_term_average": 54847
    }, 
    {
        "accumulated_operating_revenue_yoy": -3.427416505307195, 
        "accumulated_operating_revenue": 478296, 
        "long_term_average": 57632, 
        "date": "2013-08-31", 
        "operating_revenue": 46747, 
        "short_term_average": 47332
    }, 
    {
        "accumulated_operating_revenue_yoy": -5.96288403284638, 
        "accumulated_operating_revenue": 510977, 
        "long_term_average": 56347, 
        "date": "2013-09-30", 
        "operating_revenue": 32681, 
        "short_term_average": 44347
    }, 
    {
        "accumulated_operating_revenue_yoy": -9.445985257806466, 
        "accumulated_operating_revenue": 547543, 
        "long_term_average": 54287, 
        "date": "2013-10-31", 
        "operating_revenue": 36566, 
        "short_term_average": 38664
    }, 
    {
        "accumulated_operating_revenue_yoy": -10.82013891225162, 
        "accumulated_operating_revenue": 583181, 
        "long_term_average": 53151, 
        "date": "2013-11-30", 
        "operating_revenue": 35638, 
        "short_term_average": 34961
    }, 
    {
        "accumulated_operating_revenue_yoy": -15.048054532368008, 
        "accumulated_operating_revenue": 601944, 
        "long_term_average": 50162, 
        "date": "2013-12-31", 
        "operating_revenue": 18763, 
        "short_term_average": 30322
    }, 
    {
        "accumulated_operating_revenue_yoy": -24.593309859154928, 
        "accumulated_operating_revenue": 42831, 
        "long_term_average": 48997, 
        "date": "2014-01-31", 
        "operating_revenue": 42831, 
        "short_term_average": 32410
    }, 
    {
        "accumulated_operating_revenue_yoy": -4.4804647240700834, 
        "accumulated_operating_revenue": 101948, 
        "long_term_average": 49763, 
        "date": "2014-02-28", 
        "operating_revenue": 59117, 
        "short_term_average": 40237
    }, 
    {
        "accumulated_operating_revenue_yoy": -17.968009067567255, 
        "accumulated_operating_revenue": 141853, 
        "long_term_average": 47572, 
        "date": "2014-03-31", 
        "operating_revenue": 39905, 
        "short_term_average": 47284
    }, 
    {
        "accumulated_operating_revenue_yoy": -29.90595752171291, 
        "accumulated_operating_revenue": 187156, 
        "long_term_average": 43507, 
        "date": "2014-04-30", 
        "operating_revenue": 45303, 
        "short_term_average": 48108
    }, 
    {
        "accumulated_operating_revenue_yoy": -24.027951234017248, 
        "accumulated_operating_revenue": 255494, 
        "long_term_average": 43428, 
        "date": "2014-05-31", 
        "operating_revenue": 68338, 
        "short_term_average": 51182
    }, 
    {
        "accumulated_operating_revenue_yoy": -12.366709531293823, 
        "accumulated_operating_revenue": 331196, 
        "long_term_average": 46267, 
        "date": "2014-06-30", 
        "operating_revenue": 75702, 
        "short_term_average": 63114
    }, 
    {
        "accumulated_operating_revenue_yoy": -9.10858326632665, 
        "accumulated_operating_revenue": 392241, 
        "long_term_average": 46886, 
        "date": "2014-07-31", 
        "operating_revenue": 61045, 
        "short_term_average": 68361
    }, 
    {
        "accumulated_operating_revenue_yoy": -5.149739910013882, 
        "accumulated_operating_revenue": 453665, 
        "long_term_average": 48109, 
        "date": "2014-08-31", 
        "operating_revenue": 61424, 
        "short_term_average": 66057
    }, 
    {
        "accumulated_operating_revenue_yoy": -1.0699111701700859, 
        "accumulated_operating_revenue": 505510, 
        "long_term_average": 49706, 
        "date": "2014-09-30", 
        "operating_revenue": 51845, 
        "short_term_average": 58104
    }, 
    {
        "accumulated_operating_revenue_yoy": 4.8653713041715445, 
        "accumulated_operating_revenue": 574183, 
        "long_term_average": 52382, 
        "date": "2014-10-31", 
        "operating_revenue": 68673, 
        "short_term_average": 60647
    }, 
    {
        "accumulated_operating_revenue_yoy": 12.156431708166075, 
        "accumulated_operating_revenue": 654075, 
        "long_term_average": 56069, 
        "date": "2014-11-30", 
        "operating_revenue": 79892, 
        "short_term_average": 66803
    }, 
    {
        "accumulated_operating_revenue_yoy": 19.91364645216166, 
        "accumulated_operating_revenue": 721813, 
        "long_term_average": 60151, 
        "date": "2014-12-31", 
        "operating_revenue": 67738, 
        "short_term_average": 72101
    }, 
    {
        "accumulated_operating_revenue_yoy": 41.605379281361635, 
        "accumulated_operating_revenue": 60651, 
        "long_term_average": 61636, 
        "date": "2015-01-31", 
        "operating_revenue": 60651, 
        "short_term_average": 69427
    }, 
    {
        "accumulated_operating_revenue_yoy": 10.41609447953859, 
        "accumulated_operating_revenue": 112567, 
        "long_term_average": 61036, 
        "date": "2015-02-28", 
        "operating_revenue": 51916, 
        "short_term_average": 60101
    }, 
    {
        "accumulated_operating_revenue_yoy": 16.999992950448704, 
        "accumulated_operating_revenue": 165968, 
        "long_term_average": 62160, 
        "date": "2015-03-31", 
        "operating_revenue": 53401, 
        "short_term_average": 55322
    }, 
    {
        "accumulated_operating_revenue_yoy": 36.70200260745047, 
        "accumulated_operating_revenue": 255846, 
        "long_term_average": 65875, 
        "date": "2015-04-30", 
        "operating_revenue": 89878, 
        "short_term_average": 65065
    }, 
    {
        "accumulated_operating_revenue_yoy": 22.69016102139385, 
        "accumulated_operating_revenue": 313466, 
        "long_term_average": 64982, 
        "date": "2015-05-31", 
        "operating_revenue": 57620, 
        "short_term_average": 66966
    }, 
    {
        "accumulated_operating_revenue_yoy": 10.330438773415137, 
        "accumulated_operating_revenue": 365410, 
        "long_term_average": 63002, 
        "date": "2015-06-30", 
        "operating_revenue": 51944, 
        "short_term_average": 66480
    }, 
    {
        "accumulated_operating_revenue_yoy": 3.8978587144128225, 
        "accumulated_operating_revenue": 407530, 
        "long_term_average": 61425, 
        "date": "2015-07-31", 
        "operating_revenue": 42120, 
        "short_term_average": 50561
    }, 
    {
        "accumulated_operating_revenue_yoy": 4.584880914331059, 
        "accumulated_operating_revenue": 474465, 
        "long_term_average": 61884, 
        "date": "2015-08-31", 
        "operating_revenue": 66935, 
        "short_term_average": 53666
    }
]