[
    {
        "date": "2012-01-31", 
        "operating_revenue": 4402283, 
        "accumulated_operating_revenue": 4402283, 
        "long_term_average": 4402283, 
        "short_term_average": 4402283
    }, 
    {
        "date": "2012-02-29", 
        "operating_revenue": 2768792, 
        "accumulated_operating_revenue": 7171075, 
        "long_term_average": 3585537, 
        "short_term_average": 3585537
    }, 
    {
        "date": "2012-03-31", 
        "operating_revenue": 2919936, 
        "accumulated_operating_revenue": 10091011, 
        "long_term_average": 3363670, 
        "short_term_average": 3363670
    }, 
    {
        "date": "2012-04-30", 
        "operating_revenue": 2375445, 
        "accumulated_operating_revenue": 12466456, 
        "long_term_average": 3116614, 
        "short_term_average": 2688057
    }, 
    {
        "date": "2012-05-31", 
        "operating_revenue": 2348595, 
        "accumulated_operating_revenue": 14815051, 
        "long_term_average": 2963010, 
        "short_term_average": 2547992
    }, 
    {
        "date": "2012-06-30", 
        "operating_revenue": 2536064, 
        "accumulated_operating_revenue": 17351115, 
        "long_term_average": 2891852, 
        "short_term_average": 2420034
    }, 
    {
        "date": "2012-07-31", 
        "operating_revenue": 2368633, 
        "accumulated_operating_revenue": 19719748, 
        "long_term_average": 2817106, 
        "short_term_average": 2417764
    }, 
    {
        "date": "2012-08-31", 
        "operating_revenue": 1843970, 
        "accumulated_operating_revenue": 21563718, 
        "long_term_average": 2695464, 
        "short_term_average": 2249555
    }, 
    {
        "date": "2012-09-30", 
        "operating_revenue": 2217324, 
        "accumulated_operating_revenue": 23781042, 
        "long_term_average": 2642338, 
        "short_term_average": 2143309
    }, 
    {
        "date": "2012-10-31", 
        "operating_revenue": 2042972, 
        "accumulated_operating_revenue": 25824014, 
        "long_term_average": 2582401, 
        "short_term_average": 2034755
    }, 
    {
        "date": "2012-11-30", 
        "operating_revenue": 1439610, 
        "accumulated_operating_revenue": 27263624, 
        "long_term_average": 2478511, 
        "short_term_average": 1899968
    }, 
    {
        "date": "2012-12-31", 
        "operating_revenue": 1871212, 
        "accumulated_operating_revenue": 29134836, 
        "long_term_average": 2427903, 
        "short_term_average": 1784598
    }, 
    {
        "accumulated_operating_revenue_yoy": -20.433965740048972, 
        "accumulated_operating_revenue": 3502722, 
        "long_term_average": 2352939, 
        "date": "2013-01-31", 
        "operating_revenue": 3502722, 
        "short_term_average": 2271181
    }, 
    {
        "accumulated_operating_revenue_yoy": -28.53845483417758, 
        "accumulated_operating_revenue": 5124561, 
        "long_term_average": 2257360, 
        "date": "2013-02-28", 
        "operating_revenue": 1621839, 
        "short_term_average": 2331924
    }, 
    {
        "accumulated_operating_revenue_yoy": -24.74445821137248, 
        "accumulated_operating_revenue": 7594045, 
        "long_term_average": 2219822, 
        "date": "2013-03-31", 
        "operating_revenue": 2469484, 
        "short_term_average": 2531348
    }, 
    {
        "accumulated_operating_revenue_yoy": -21.56521468491125, 
        "accumulated_operating_revenue": 9778038, 
        "long_term_average": 2203868, 
        "date": "2013-04-30", 
        "operating_revenue": 2183993, 
        "short_term_average": 2091772
    }, 
    {
        "accumulated_operating_revenue_yoy": -18.08817937920025, 
        "accumulated_operating_revenue": 12135278, 
        "long_term_average": 2204588, 
        "date": "2013-05-31", 
        "operating_revenue": 2357240, 
        "short_term_average": 2336905
    }, 
    {
        "accumulated_operating_revenue_yoy": -16.782379691449222, 
        "accumulated_operating_revenue": 14439185, 
        "long_term_average": 2185242, 
        "date": "2013-06-30", 
        "operating_revenue": 2303907, 
        "short_term_average": 2281713
    }, 
    {
        "accumulated_operating_revenue_yoy": -10.72797684838569, 
        "accumulated_operating_revenue": 17604218, 
        "long_term_average": 2251608, 
        "date": "2013-07-31", 
        "operating_revenue": 3165033, 
        "short_term_average": 2608726
    }, 
    {
        "accumulated_operating_revenue_yoy": -9.147355757481154, 
        "accumulated_operating_revenue": 19591208, 
        "long_term_average": 2263527, 
        "date": "2013-08-31", 
        "operating_revenue": 1986990, 
        "short_term_average": 2485310
    }, 
    {
        "accumulated_operating_revenue_yoy": -5.81762565324093, 
        "accumulated_operating_revenue": 22397550, 
        "long_term_average": 2312612, 
        "date": "2013-09-30", 
        "operating_revenue": 2806342, 
        "short_term_average": 2652788
    }, 
    {
        "accumulated_operating_revenue_yoy": -1.499050457454058, 
        "accumulated_operating_revenue": 25436899, 
        "long_term_average": 2395643, 
        "date": "2013-10-31", 
        "operating_revenue": 3039349, 
        "short_term_average": 2610893
    }, 
    {
        "accumulated_operating_revenue_yoy": 5.063596827773153, 
        "accumulated_operating_revenue": 28644144, 
        "long_term_average": 2542946, 
        "date": "2013-11-30", 
        "operating_revenue": 3207245, 
        "short_term_average": 3017645
    }, 
    {
        "accumulated_operating_revenue_yoy": 8.049336539941395, 
        "accumulated_operating_revenue": 31479997, 
        "long_term_average": 2623333, 
        "date": "2013-12-31", 
        "operating_revenue": 2835853, 
        "short_term_average": 3027482
    }, 
    {
        "accumulated_operating_revenue_yoy": -0.3928373419300761, 
        "accumulated_operating_revenue": 3488962, 
        "long_term_average": 2622186, 
        "date": "2014-01-31", 
        "operating_revenue": 3488962, 
        "short_term_average": 3177353
    }, 
    {
        "accumulated_operating_revenue_yoy": 0.4082691180766509, 
        "accumulated_operating_revenue": 5145483, 
        "long_term_average": 2625076, 
        "date": "2014-02-28", 
        "operating_revenue": 1656521, 
        "short_term_average": 2660445
    }, 
    {
        "accumulated_operating_revenue_yoy": 7.6862199262711774, 
        "accumulated_operating_revenue": 8177740, 
        "long_term_average": 2671974, 
        "date": "2014-03-31", 
        "operating_revenue": 3032257, 
        "short_term_average": 2725913
    }, 
    {
        "accumulated_operating_revenue_yoy": 18.13671617966713, 
        "accumulated_operating_revenue": 11551453, 
        "long_term_average": 2771117, 
        "date": "2014-04-30", 
        "operating_revenue": 3373713, 
        "short_term_average": 2687497
    }, 
    {
        "accumulated_operating_revenue_yoy": 24.277630887401177, 
        "accumulated_operating_revenue": 15081436, 
        "long_term_average": 2868846, 
        "date": "2014-05-31", 
        "operating_revenue": 3529983, 
        "short_term_average": 3311984
    }, 
    {
        "accumulated_operating_revenue_yoy": 26.536816309230748, 
        "accumulated_operating_revenue": 18270885, 
        "long_term_average": 2942641, 
        "date": "2014-06-30", 
        "operating_revenue": 3189449, 
        "short_term_average": 3364381
    }, 
    {
        "accumulated_operating_revenue_yoy": 23.803374850277358, 
        "accumulated_operating_revenue": 21794616, 
        "long_term_average": 2972532, 
        "date": "2014-07-31", 
        "operating_revenue": 3523731, 
        "short_term_average": 3414387
    }, 
    {
        "accumulated_operating_revenue_yoy": 21.512037440468195, 
        "accumulated_operating_revenue": 23805676, 
        "long_term_average": 2974538, 
        "date": "2014-08-31", 
        "operating_revenue": 2011060, 
        "short_term_average": 2908080
    }, 
    {
        "accumulated_operating_revenue_yoy": 17.78304769941355, 
        "accumulated_operating_revenue": 26380517, 
        "long_term_average": 2955247, 
        "date": "2014-09-30", 
        "operating_revenue": 2574841, 
        "short_term_average": 2703210
    }, 
    {
        "accumulated_operating_revenue_yoy": 13.476300707881098, 
        "accumulated_operating_revenue": 28864852, 
        "long_term_average": 2908995, 
        "date": "2014-10-31", 
        "operating_revenue": 2484335, 
        "short_term_average": 2356745
    }, 
    {
        "accumulated_operating_revenue_yoy": 8.779501317965725, 
        "accumulated_operating_revenue": 31158957, 
        "long_term_average": 2832900, 
        "date": "2014-11-30", 
        "operating_revenue": 2294105, 
        "short_term_average": 2451093
    }, 
    {
        "accumulated_operating_revenue_yoy": 5.36829148998966, 
        "accumulated_operating_revenue": 33169935, 
        "long_term_average": 2764161, 
        "date": "2014-12-31", 
        "operating_revenue": 2010978, 
        "short_term_average": 2263139
    }, 
    {
        "accumulated_operating_revenue_yoy": 27.66877369257676, 
        "accumulated_operating_revenue": 4454315, 
        "long_term_average": 2844607, 
        "date": "2015-01-31", 
        "operating_revenue": 4454315, 
        "short_term_average": 2919799
    }, 
    {
        "accumulated_operating_revenue_yoy": 27.371813297216217, 
        "accumulated_operating_revenue": 6553895, 
        "long_term_average": 2881528, 
        "date": "2015-02-28", 
        "operating_revenue": 2099580, 
        "short_term_average": 2854957
    }, 
    {
        "accumulated_operating_revenue_yoy": 10.511559428399533, 
        "accumulated_operating_revenue": 9037348, 
        "long_term_average": 2835795, 
        "date": "2015-03-31", 
        "operating_revenue": 2483453, 
        "short_term_average": 3012449
    }, 
    {
        "accumulated_operating_revenue_yoy": 1.3465232469023594, 
        "accumulated_operating_revenue": 11706996, 
        "long_term_average": 2777123, 
        "date": "2015-04-30", 
        "operating_revenue": 2669648, 
        "short_term_average": 2417560
    }, 
    {
        "accumulated_operating_revenue_yoy": 2.258730534678528, 
        "accumulated_operating_revenue": 15422085, 
        "long_term_average": 2792548, 
        "date": "2015-05-31", 
        "operating_revenue": 3715089, 
        "short_term_average": 2956063
    }, 
    {
        "accumulated_operating_revenue_yoy": 2.372468547637402, 
        "accumulated_operating_revenue": 18704356, 
        "long_term_average": 2800283, 
        "date": "2015-06-30", 
        "operating_revenue": 3282271, 
        "short_term_average": 3222336
    }, 
    {
        "accumulated_operating_revenue_yoy": 2.235758592856144, 
        "accumulated_operating_revenue": 22281891, 
        "long_term_average": 2804767, 
        "date": "2015-07-31", 
        "operating_revenue": 3577535, 
        "short_term_average": 3524965
    }, 
    {
        "accumulated_operating_revenue_yoy": 2.479828760166273, 
        "accumulated_operating_revenue": 24396016, 
        "long_term_average": 2813356, 
        "date": "2015-08-31", 
        "operating_revenue": 2114125, 
        "short_term_average": 2991310
    }
]