[
    {
        "date": "2012-01-31", 
        "operating_revenue": 230184, 
        "accumulated_operating_revenue": 230184, 
        "long_term_average": 230184, 
        "short_term_average": 230184
    }, 
    {
        "date": "2012-02-29", 
        "operating_revenue": 233889, 
        "accumulated_operating_revenue": 464073, 
        "long_term_average": 232036, 
        "short_term_average": 232036
    }, 
    {
        "date": "2012-03-31", 
        "operating_revenue": 248922, 
        "accumulated_operating_revenue": 712995, 
        "long_term_average": 237665, 
        "short_term_average": 237665
    }, 
    {
        "date": "2012-04-30", 
        "operating_revenue": 233090, 
        "accumulated_operating_revenue": 946085, 
        "long_term_average": 236521, 
        "short_term_average": 238633
    }, 
    {
        "date": "2012-05-31", 
        "operating_revenue": 234039, 
        "accumulated_operating_revenue": 1180124, 
        "long_term_average": 236024, 
        "short_term_average": 238683
    }, 
    {
        "date": "2012-06-30", 
        "operating_revenue": 174948, 
        "accumulated_operating_revenue": 1355072, 
        "long_term_average": 225845, 
        "short_term_average": 214025
    }, 
    {
        "date": "2012-07-31", 
        "operating_revenue": 242459, 
        "accumulated_operating_revenue": 1597531, 
        "long_term_average": 228218, 
        "short_term_average": 217148
    }, 
    {
        "date": "2012-08-31", 
        "operating_revenue": 251087, 
        "accumulated_operating_revenue": 1848618, 
        "long_term_average": 231077, 
        "short_term_average": 222831
    }, 
    {
        "date": "2012-09-30", 
        "operating_revenue": 264120, 
        "accumulated_operating_revenue": 2112738, 
        "long_term_average": 234748, 
        "short_term_average": 252555
    }, 
    {
        "date": "2012-10-31", 
        "operating_revenue": 257571, 
        "accumulated_operating_revenue": 2370309, 
        "long_term_average": 237030, 
        "short_term_average": 257592
    }, 
    {
        "date": "2012-11-30", 
        "operating_revenue": 247452, 
        "accumulated_operating_revenue": 2617761, 
        "long_term_average": 237978, 
        "short_term_average": 256381
    }, 
    {
        "date": "2012-12-31", 
        "operating_revenue": 255636, 
        "accumulated_operating_revenue": 2873397, 
        "long_term_average": 239449, 
        "short_term_average": 253553
    }, 
    {
        "accumulated_operating_revenue_yoy": 36.824453480693705, 
        "accumulated_operating_revenue": 314948, 
        "long_term_average": 246513, 
        "date": "2013-01-31", 
        "operating_revenue": 314948, 
        "short_term_average": 272678
    }, 
    {
        "accumulated_operating_revenue_yoy": 12.0705147681507, 
        "accumulated_operating_revenue": 520089, 
        "long_term_average": 244117, 
        "date": "2013-02-28", 
        "operating_revenue": 205141, 
        "short_term_average": 258575
    }, 
    {
        "accumulated_operating_revenue_yoy": 7.107483222182484, 
        "accumulated_operating_revenue": 763671, 
        "long_term_average": 243672, 
        "date": "2013-03-31", 
        "operating_revenue": 243582, 
        "short_term_average": 254557
    }, 
    {
        "accumulated_operating_revenue_yoy": 7.702796260378296, 
        "accumulated_operating_revenue": 1018960, 
        "long_term_average": 245522, 
        "date": "2013-04-30", 
        "operating_revenue": 255289, 
        "short_term_average": 234670
    }, 
    {
        "accumulated_operating_revenue_yoy": 7.622843023275521, 
        "accumulated_operating_revenue": 1270083, 
        "long_term_average": 246946, 
        "date": "2013-05-31", 
        "operating_revenue": 251123, 
        "short_term_average": 249998
    }, 
    {
        "accumulated_operating_revenue_yoy": 9.601113446370377, 
        "accumulated_operating_revenue": 1485174, 
        "long_term_average": 250291, 
        "date": "2013-06-30", 
        "operating_revenue": 215091, 
        "short_term_average": 240501
    }, 
    {
        "accumulated_operating_revenue_yoy": 9.620282798894044, 
        "accumulated_operating_revenue": 1751218, 
        "long_term_average": 252257, 
        "date": "2013-07-31", 
        "operating_revenue": 266044, 
        "short_term_average": 244086
    }, 
    {
        "accumulated_operating_revenue_yoy": 8.60907986398488, 
        "accumulated_operating_revenue": 2007767, 
        "long_term_average": 252712, 
        "date": "2013-08-31", 
        "operating_revenue": 256549, 
        "short_term_average": 245894
    }, 
    {
        "accumulated_operating_revenue_yoy": 8.870006598073212, 
        "accumulated_operating_revenue": 2300138, 
        "long_term_average": 255066, 
        "date": "2013-09-30", 
        "operating_revenue": 292371, 
        "short_term_average": 271654
    }, 
    {
        "accumulated_operating_revenue_yoy": 7.569941303011548, 
        "accumulated_operating_revenue": 2549740, 
        "long_term_average": 254402, 
        "date": "2013-10-31", 
        "operating_revenue": 249602, 
        "short_term_average": 266174
    }, 
    {
        "accumulated_operating_revenue_yoy": 6.737131464637145, 
        "accumulated_operating_revenue": 2794123, 
        "long_term_average": 254146, 
        "date": "2013-11-30", 
        "operating_revenue": 244383, 
        "short_term_average": 262118
    }, 
    {
        "accumulated_operating_revenue_yoy": 5.480829833120867, 
        "accumulated_operating_revenue": 3030883, 
        "long_term_average": 252573, 
        "date": "2013-12-31", 
        "operating_revenue": 236760, 
        "short_term_average": 243581
    }, 
    {
        "accumulated_operating_revenue_yoy": -2.976681864942784, 
        "accumulated_operating_revenue": 305573, 
        "long_term_average": 251792, 
        "date": "2014-01-31", 
        "operating_revenue": 305573, 
        "short_term_average": 262238
    }, 
    {
        "accumulated_operating_revenue_yoy": 12.436333012234444, 
        "accumulated_operating_revenue": 584769, 
        "long_term_average": 257963, 
        "date": "2014-02-28", 
        "operating_revenue": 279196, 
        "short_term_average": 273843
    }, 
    {
        "accumulated_operating_revenue_yoy": 15.688824114049114, 
        "accumulated_operating_revenue": 883482, 
        "long_term_average": 262557, 
        "date": "2014-03-31", 
        "operating_revenue": 298713, 
        "short_term_average": 294494
    }, 
    {
        "accumulated_operating_revenue_yoy": 14.064438250765487, 
        "accumulated_operating_revenue": 1162271, 
        "long_term_average": 264516, 
        "date": "2014-04-30", 
        "operating_revenue": 278789, 
        "short_term_average": 285566
    }, 
    {
        "accumulated_operating_revenue_yoy": 13.018283057091546, 
        "accumulated_operating_revenue": 1435426, 
        "long_term_average": 266352, 
        "date": "2014-05-31", 
        "operating_revenue": 273155, 
        "short_term_average": 283552
    }, 
    {
        "accumulated_operating_revenue_yoy": 13.96947428382129, 
        "accumulated_operating_revenue": 1692645, 
        "long_term_average": 269862, 
        "date": "2014-06-30", 
        "operating_revenue": 257219, 
        "short_term_average": 269721
    }, 
    {
        "accumulated_operating_revenue_yoy": 14.083226645683174, 
        "accumulated_operating_revenue": 1997846, 
        "long_term_average": 273125, 
        "date": "2014-07-31", 
        "operating_revenue": 305201, 
        "short_term_average": 278525
    }, 
    {
        "accumulated_operating_revenue_yoy": 15.822652728130308, 
        "accumulated_operating_revenue": 2325449, 
        "long_term_average": 279047, 
        "date": "2014-08-31", 
        "operating_revenue": 327603, 
        "short_term_average": 296674
    }, 
    {
        "accumulated_operating_revenue_yoy": 16.2608939115827, 
        "accumulated_operating_revenue": 2674161, 
        "long_term_average": 283742, 
        "date": "2014-09-30", 
        "operating_revenue": 348712, 
        "short_term_average": 327172
    }, 
    {
        "accumulated_operating_revenue_yoy": 15.256653619584743, 
        "accumulated_operating_revenue": 2938745, 
        "long_term_average": 284990, 
        "date": "2014-10-31", 
        "operating_revenue": 264584, 
        "short_term_average": 313633
    }, 
    {
        "accumulated_operating_revenue_yoy": 14.902779870463828, 
        "accumulated_operating_revenue": 3210525, 
        "long_term_average": 287273, 
        "date": "2014-11-30", 
        "operating_revenue": 271780, 
        "short_term_average": 295025
    }, 
    {
        "accumulated_operating_revenue_yoy": 15.628283902743853, 
        "accumulated_operating_revenue": 3504558, 
        "long_term_average": 292046, 
        "date": "2014-12-31", 
        "operating_revenue": 294033, 
        "short_term_average": 276799
    }, 
    {
        "accumulated_operating_revenue_yoy": 16.569526757926912, 
        "accumulated_operating_revenue": 356205, 
        "long_term_average": 296265, 
        "date": "2015-01-31", 
        "operating_revenue": 356205, 
        "short_term_average": 307339
    }, 
    {
        "accumulated_operating_revenue_yoy": 8.99124269583374, 
        "accumulated_operating_revenue": 637347, 
        "long_term_average": 296428, 
        "date": "2015-02-28", 
        "operating_revenue": 281142, 
        "short_term_average": 310460
    }, 
    {
        "accumulated_operating_revenue_yoy": 6.28750783830344, 
        "accumulated_operating_revenue": 939031, 
        "long_term_average": 296675, 
        "date": "2015-03-31", 
        "operating_revenue": 301684, 
        "short_term_average": 313010
    }, 
    {
        "accumulated_operating_revenue_yoy": 7.808764049004062, 
        "accumulated_operating_revenue": 1253030, 
        "long_term_average": 299609, 
        "date": "2015-04-30", 
        "operating_revenue": 313999, 
        "short_term_average": 298941
    }, 
    {
        "accumulated_operating_revenue_yoy": 6.621100634933462, 
        "accumulated_operating_revenue": 1530467, 
        "long_term_average": 299966, 
        "date": "2015-05-31", 
        "operating_revenue": 277437, 
        "short_term_average": 297706
    }, 
    {
        "accumulated_operating_revenue_yoy": 8.747610987537255, 
        "accumulated_operating_revenue": 1840711, 
        "long_term_average": 304385, 
        "date": "2015-06-30", 
        "operating_revenue": 310244, 
        "short_term_average": 300560
    }, 
    {
        "accumulated_operating_revenue_yoy": 9.447074499235676, 
        "accumulated_operating_revenue": 2186584, 
        "long_term_average": 307774, 
        "date": "2015-07-31", 
        "operating_revenue": 345873, 
        "short_term_average": 311184
    }, 
    {
        "accumulated_operating_revenue_yoy": 10.672605591436321, 
        "accumulated_operating_revenue": 2573635, 
        "long_term_average": 312728, 
        "date": "2015-08-31", 
        "operating_revenue": 387051, 
        "short_term_average": 347722
    }, 
    {
        "accumulated_operating_revenue_yoy": 10.153838904987396, 
        "accumulated_operating_revenue": 2945691, 
        "long_term_average": 314674, 
        "date": "2015-09-30", 
        "operating_revenue": 372056, 
        "short_term_average": 368326
    }, 
    {
        "accumulated_operating_revenue_yoy": 10.869946184510736, 
        "accumulated_operating_revenue": 3258185, 
        "long_term_average": 318666, 
        "date": "2015-10-31", 
        "operating_revenue": 312494, 
        "short_term_average": 357200
    }
]