[
    {
        "date": "2012-01-31", 
        "operating_revenue": 23960, 
        "accumulated_operating_revenue": 23960, 
        "long_term_average": 23960, 
        "short_term_average": 23960
    }, 
    {
        "date": "2012-02-29", 
        "operating_revenue": 38800, 
        "accumulated_operating_revenue": 62760, 
        "long_term_average": 31380, 
        "short_term_average": 31380
    }, 
    {
        "date": "2012-03-31", 
        "operating_revenue": 41363, 
        "accumulated_operating_revenue": 104123, 
        "long_term_average": 34707, 
        "short_term_average": 34707
    }, 
    {
        "date": "2012-04-30", 
        "operating_revenue": 32272, 
        "accumulated_operating_revenue": 136395, 
        "long_term_average": 34098, 
        "short_term_average": 37478
    }, 
    {
        "date": "2012-05-31", 
        "operating_revenue": 32272, 
        "accumulated_operating_revenue": 168667, 
        "long_term_average": 33733, 
        "short_term_average": 35302
    }, 
    {
        "date": "2012-06-30", 
        "operating_revenue": 41776, 
        "accumulated_operating_revenue": 210443, 
        "long_term_average": 35073, 
        "short_term_average": 35440
    }, 
    {
        "date": "2012-07-31", 
        "operating_revenue": 35594, 
        "accumulated_operating_revenue": 246037, 
        "long_term_average": 35148, 
        "short_term_average": 36547
    }, 
    {
        "date": "2012-08-31", 
        "operating_revenue": 38074, 
        "accumulated_operating_revenue": 284111, 
        "long_term_average": 35513, 
        "short_term_average": 38481
    }, 
    {
        "date": "2012-09-30", 
        "operating_revenue": 38689, 
        "accumulated_operating_revenue": 322800, 
        "long_term_average": 35866, 
        "short_term_average": 37452
    }, 
    {
        "date": "2012-10-31", 
        "operating_revenue": 39412, 
        "accumulated_operating_revenue": 362212, 
        "long_term_average": 36221, 
        "short_term_average": 38725
    }, 
    {
        "date": "2012-11-30", 
        "operating_revenue": 41396, 
        "accumulated_operating_revenue": 403608, 
        "long_term_average": 36691, 
        "short_term_average": 39832
    }, 
    {
        "date": "2012-12-31", 
        "operating_revenue": 49486, 
        "accumulated_operating_revenue": 453094, 
        "long_term_average": 37757, 
        "short_term_average": 43431
    }, 
    {
        "accumulated_operating_revenue_yoy": 48.8856427378965, 
        "accumulated_operating_revenue": 35673, 
        "long_term_average": 38733, 
        "date": "2013-01-31", 
        "operating_revenue": 35673, 
        "short_term_average": 42185
    }, 
    {
        "accumulated_operating_revenue_yoy": 0.25653282345442957, 
        "accumulated_operating_revenue": 62921, 
        "long_term_average": 37771, 
        "date": "2013-02-28", 
        "operating_revenue": 27248, 
        "short_term_average": 37469
    }, 
    {
        "accumulated_operating_revenue_yoy": -6.781402764038686, 
        "accumulated_operating_revenue": 97062, 
        "long_term_average": 37169, 
        "date": "2013-03-31", 
        "operating_revenue": 34141, 
        "short_term_average": 32354
    }, 
    {
        "accumulated_operating_revenue_yoy": -6.325011913926463, 
        "accumulated_operating_revenue": 127768, 
        "long_term_average": 37038, 
        "date": "2013-04-30", 
        "operating_revenue": 30706, 
        "short_term_average": 30698
    }, 
    {
        "accumulated_operating_revenue_yoy": -4.395050602666793, 
        "accumulated_operating_revenue": 161254, 
        "long_term_average": 37140, 
        "date": "2013-05-31", 
        "operating_revenue": 33486, 
        "short_term_average": 32777
    }, 
    {
        "accumulated_operating_revenue_yoy": -9.794576203532548, 
        "accumulated_operating_revenue": 189831, 
        "long_term_average": 36040, 
        "date": "2013-06-30", 
        "operating_revenue": 28577, 
        "short_term_average": 30923
    }, 
    {
        "accumulated_operating_revenue_yoy": -11.328783882099033, 
        "accumulated_operating_revenue": 218164, 
        "long_term_average": 35435, 
        "date": "2013-07-31", 
        "operating_revenue": 28333, 
        "short_term_average": 30132
    }, 
    {
        "accumulated_operating_revenue_yoy": -12.576774570502375, 
        "accumulated_operating_revenue": 248379, 
        "long_term_average": 34780, 
        "date": "2013-08-31", 
        "operating_revenue": 30215, 
        "short_term_average": 29041
    }, 
    {
        "accumulated_operating_revenue_yoy": -13.796778190830237, 
        "accumulated_operating_revenue": 278264, 
        "long_term_average": 34046, 
        "date": "2013-09-30", 
        "operating_revenue": 29885, 
        "short_term_average": 29477
    }, 
    {
        "accumulated_operating_revenue_yoy": -14.126809713648361, 
        "accumulated_operating_revenue": 311043, 
        "long_term_average": 33493, 
        "date": "2013-10-31", 
        "operating_revenue": 32779, 
        "short_term_average": 30959
    }, 
    {
        "accumulated_operating_revenue_yoy": -17.394352936512654, 
        "accumulated_operating_revenue": 333403, 
        "long_term_average": 31907, 
        "date": "2013-11-30", 
        "operating_revenue": 22360, 
        "short_term_average": 28341
    }, 
    {
        "accumulated_operating_revenue_yoy": -20.998071040446355, 
        "accumulated_operating_revenue": 357953, 
        "long_term_average": 29829, 
        "date": "2013-12-31", 
        "operating_revenue": 24550, 
        "short_term_average": 26563
    }, 
    {
        "accumulated_operating_revenue_yoy": -9.783309505788692, 
        "accumulated_operating_revenue": 32183, 
        "long_term_average": 29538, 
        "date": "2014-01-31", 
        "operating_revenue": 32183, 
        "short_term_average": 26364
    }, 
    {
        "accumulated_operating_revenue_yoy": -13.25153764244052, 
        "accumulated_operating_revenue": 54583, 
        "long_term_average": 29134, 
        "date": "2014-02-28", 
        "operating_revenue": 22400, 
        "short_term_average": 26377
    }, 
    {
        "accumulated_operating_revenue_yoy": -12.147905462487895, 
        "accumulated_operating_revenue": 85271, 
        "long_term_average": 28846, 
        "date": "2014-03-31", 
        "operating_revenue": 30688, 
        "short_term_average": 28423
    }, 
    {
        "accumulated_operating_revenue_yoy": -12.347379625571348, 
        "accumulated_operating_revenue": 111992, 
        "long_term_average": 28514, 
        "date": "2014-04-30", 
        "operating_revenue": 26721, 
        "short_term_average": 26603
    }, 
    {
        "accumulated_operating_revenue_yoy": -9.738053009537747, 
        "accumulated_operating_revenue": 145551, 
        "long_term_average": 28520, 
        "date": "2014-05-31", 
        "operating_revenue": 33559, 
        "short_term_average": 30322
    }, 
    {
        "accumulated_operating_revenue_yoy": -8.115639700575775, 
        "accumulated_operating_revenue": 174425, 
        "long_term_average": 28545, 
        "date": "2014-06-30", 
        "operating_revenue": 28874, 
        "short_term_average": 29718
    }, 
    {
        "accumulated_operating_revenue_yoy": -6.017033057699712, 
        "accumulated_operating_revenue": 205037, 
        "long_term_average": 28735, 
        "date": "2014-07-31", 
        "operating_revenue": 30612, 
        "short_term_average": 31015
    }, 
    {
        "accumulated_operating_revenue_yoy": -4.303906529940131, 
        "accumulated_operating_revenue": 237689, 
        "long_term_average": 28938, 
        "date": "2014-08-31", 
        "operating_revenue": 32652, 
        "short_term_average": 30712
    }, 
    {
        "accumulated_operating_revenue_yoy": -5.918839663053791, 
        "accumulated_operating_revenue": 261794, 
        "long_term_average": 28456, 
        "date": "2014-09-30", 
        "operating_revenue": 24105, 
        "short_term_average": 29123
    }, 
    {
        "accumulated_operating_revenue_yoy": -5.695032519619474, 
        "accumulated_operating_revenue": 293329, 
        "long_term_average": 28353, 
        "date": "2014-10-31", 
        "operating_revenue": 31535, 
        "short_term_average": 29430
    }, 
    {
        "accumulated_operating_revenue_yoy": -2.078565579793823, 
        "accumulated_operating_revenue": 326473, 
        "long_term_average": 29251, 
        "date": "2014-11-30", 
        "operating_revenue": 33144, 
        "short_term_average": 29594
    }, 
    {
        "accumulated_operating_revenue_yoy": 0.46514486538735533, 
        "accumulated_operating_revenue": 359618, 
        "long_term_average": 29968, 
        "date": "2014-12-31", 
        "operating_revenue": 33145, 
        "short_term_average": 32608
    }, 
    {
        "accumulated_operating_revenue_yoy": 4.536556567131716, 
        "accumulated_operating_revenue": 33643, 
        "long_term_average": 30089, 
        "date": "2015-01-31", 
        "operating_revenue": 33643, 
        "short_term_average": 33310
    }, 
    {
        "accumulated_operating_revenue_yoy": 5.389956579887511, 
        "accumulated_operating_revenue": 57525, 
        "long_term_average": 30213, 
        "date": "2015-02-28", 
        "operating_revenue": 23882, 
        "short_term_average": 30223
    }, 
    {
        "accumulated_operating_revenue_yoy": 10.216838080941939, 
        "accumulated_operating_revenue": 93983, 
        "long_term_average": 30694, 
        "date": "2015-03-31", 
        "operating_revenue": 36458, 
        "short_term_average": 31327
    }, 
    {
        "accumulated_operating_revenue_yoy": 9.92213729552111, 
        "accumulated_operating_revenue": 123104, 
        "long_term_average": 30894, 
        "date": "2015-04-30", 
        "operating_revenue": 29121, 
        "short_term_average": 29820
    }, 
    {
        "accumulated_operating_revenue_yoy": 5.8330069872415855, 
        "accumulated_operating_revenue": 154041, 
        "long_term_average": 30675, 
        "date": "2015-05-31", 
        "operating_revenue": 30937, 
        "short_term_average": 32172
    }, 
    {
        "accumulated_operating_revenue_yoy": 7.231761502078257, 
        "accumulated_operating_revenue": 187039, 
        "long_term_average": 31019, 
        "date": "2015-06-30", 
        "operating_revenue": 32998, 
        "short_term_average": 31018
    }, 
    {
        "accumulated_operating_revenue_yoy": 5.750669391378142, 
        "accumulated_operating_revenue": 216828, 
        "long_term_average": 30950, 
        "date": "2015-07-31", 
        "operating_revenue": 29789, 
        "short_term_average": 31241
    }, 
    {
        "accumulated_operating_revenue_yoy": 5.203858823925382, 
        "accumulated_operating_revenue": 250058, 
        "long_term_average": 30998, 
        "date": "2015-08-31", 
        "operating_revenue": 33230, 
        "short_term_average": 32005
    }
]