[
    {
        "date": "2012-01-31", 
        "operating_revenue": 88589, 
        "accumulated_operating_revenue": 88589, 
        "long_term_average": 88589, 
        "short_term_average": 88589
    }, 
    {
        "date": "2012-02-29", 
        "operating_revenue": 95627, 
        "accumulated_operating_revenue": 184216, 
        "long_term_average": 92108, 
        "short_term_average": 92108
    }, 
    {
        "date": "2012-03-31", 
        "operating_revenue": 105968, 
        "accumulated_operating_revenue": 290184, 
        "long_term_average": 96728, 
        "short_term_average": 96728
    }, 
    {
        "date": "2012-04-30", 
        "operating_revenue": 100592, 
        "accumulated_operating_revenue": 390776, 
        "long_term_average": 97694, 
        "short_term_average": 100729
    }, 
    {
        "date": "2012-05-31", 
        "operating_revenue": 115274, 
        "accumulated_operating_revenue": 506050, 
        "long_term_average": 101210, 
        "short_term_average": 107278
    }, 
    {
        "date": "2012-06-30", 
        "operating_revenue": 142955, 
        "accumulated_operating_revenue": 649005, 
        "long_term_average": 108167, 
        "short_term_average": 119607
    }, 
    {
        "date": "2012-07-31", 
        "operating_revenue": 122222, 
        "accumulated_operating_revenue": 771227, 
        "long_term_average": 110175, 
        "short_term_average": 126817
    }, 
    {
        "date": "2012-08-31", 
        "operating_revenue": 111859, 
        "accumulated_operating_revenue": 883086, 
        "long_term_average": 110385, 
        "short_term_average": 125678
    }, 
    {
        "date": "2012-09-30", 
        "operating_revenue": 111366, 
        "accumulated_operating_revenue": 994452, 
        "long_term_average": 110494, 
        "short_term_average": 115149
    }, 
    {
        "date": "2012-10-31", 
        "operating_revenue": 111823, 
        "accumulated_operating_revenue": 1106275, 
        "long_term_average": 110627, 
        "short_term_average": 111682
    }, 
    {
        "date": "2012-11-30", 
        "operating_revenue": 124890, 
        "accumulated_operating_revenue": 1231165, 
        "long_term_average": 111924, 
        "short_term_average": 116026
    }, 
    {
        "date": "2012-12-31", 
        "operating_revenue": 107075, 
        "accumulated_operating_revenue": 1338240, 
        "long_term_average": 111520, 
        "short_term_average": 114596
    }, 
    {
        "accumulated_operating_revenue_yoy": 46.73830836785605, 
        "accumulated_operating_revenue": 129994, 
        "long_term_average": 114970, 
        "date": "2013-01-31", 
        "operating_revenue": 129994, 
        "short_term_average": 120653
    }, 
    {
        "accumulated_operating_revenue_yoy": 19.582989534025273, 
        "accumulated_operating_revenue": 220291, 
        "long_term_average": 114526, 
        "date": "2013-02-28", 
        "operating_revenue": 90297, 
        "short_term_average": 109122
    }, 
    {
        "accumulated_operating_revenue_yoy": 14.78337882171312, 
        "accumulated_operating_revenue": 333083, 
        "long_term_average": 115094, 
        "date": "2013-03-31", 
        "operating_revenue": 112792, 
        "short_term_average": 111027
    }, 
    {
        "accumulated_operating_revenue_yoy": 13.998556717915122, 
        "accumulated_operating_revenue": 445479, 
        "long_term_average": 116078, 
        "date": "2013-04-30", 
        "operating_revenue": 112396, 
        "short_term_average": 105161
    }, 
    {
        "accumulated_operating_revenue_yoy": 11.561110562197412, 
        "accumulated_operating_revenue": 564555, 
        "long_term_average": 116395, 
        "date": "2013-05-31", 
        "operating_revenue": 119076, 
        "short_term_average": 114754
    }, 
    {
        "accumulated_operating_revenue_yoy": 7.471437045939553, 
        "accumulated_operating_revenue": 697495, 
        "long_term_average": 115560, 
        "date": "2013-06-30", 
        "operating_revenue": 132940, 
        "short_term_average": 121470
    }, 
    {
        "accumulated_operating_revenue_yoy": 6.05749020716339, 
        "accumulated_operating_revenue": 817944, 
        "long_term_average": 115413, 
        "date": "2013-07-31", 
        "operating_revenue": 120449, 
        "short_term_average": 124155
    }, 
    {
        "accumulated_operating_revenue_yoy": 6.775104576451217, 
        "accumulated_operating_revenue": 942916, 
        "long_term_average": 116505, 
        "date": "2013-08-31", 
        "operating_revenue": 124972, 
        "short_term_average": 126120
    }, 
    {
        "accumulated_operating_revenue_yoy": 7.024572327271704, 
        "accumulated_operating_revenue": 1064308, 
        "long_term_average": 117341, 
        "date": "2013-09-30", 
        "operating_revenue": 121392, 
        "short_term_average": 122271
    }, 
    {
        "accumulated_operating_revenue_yoy": 8.327676210707102, 
        "accumulated_operating_revenue": 1198402, 
        "long_term_average": 119197, 
        "date": "2013-10-31", 
        "operating_revenue": 134094, 
        "short_term_average": 126819
    }, 
    {
        "accumulated_operating_revenue_yoy": 8.817339674211011, 
        "accumulated_operating_revenue": 1339721, 
        "long_term_average": 120566, 
        "date": "2013-11-30", 
        "operating_revenue": 141319, 
        "short_term_average": 132268
    }, 
    {
        "accumulated_operating_revenue_yoy": 10.906937470109995, 
        "accumulated_operating_revenue": 1484201, 
        "long_term_average": 123683, 
        "date": "2013-12-31", 
        "operating_revenue": 144480, 
        "short_term_average": 139964
    }, 
    {
        "accumulated_operating_revenue_yoy": 16.470760188931795, 
        "accumulated_operating_revenue": 151405, 
        "long_term_average": 125467, 
        "date": "2014-01-31", 
        "operating_revenue": 151405, 
        "short_term_average": 145734
    }, 
    {
        "accumulated_operating_revenue_yoy": 26.608894598508336, 
        "accumulated_operating_revenue": 278908, 
        "long_term_average": 128568, 
        "date": "2014-02-28", 
        "operating_revenue": 127503, 
        "short_term_average": 141129
    }, 
    {
        "accumulated_operating_revenue_yoy": 33.065031838911025, 
        "accumulated_operating_revenue": 443217, 
        "long_term_average": 132861, 
        "date": "2014-03-31", 
        "operating_revenue": 164309, 
        "short_term_average": 147739
    }, 
    {
        "accumulated_operating_revenue_yoy": 37.87990006262921, 
        "accumulated_operating_revenue": 614226, 
        "long_term_average": 137745, 
        "date": "2014-04-30", 
        "operating_revenue": 171009, 
        "short_term_average": 154273
    }, 
    {
        "accumulated_operating_revenue_yoy": 41.00805058851662, 
        "accumulated_operating_revenue": 796068, 
        "long_term_average": 142976, 
        "date": "2014-05-31", 
        "operating_revenue": 181842, 
        "short_term_average": 172386
    }, 
    {
        "accumulated_operating_revenue_yoy": 41.177786220689754, 
        "accumulated_operating_revenue": 984708, 
        "long_term_average": 147617, 
        "date": "2014-06-30", 
        "operating_revenue": 188640, 
        "short_term_average": 180497
    }, 
    {
        "accumulated_operating_revenue_yoy": 43.61851178075761, 
        "accumulated_operating_revenue": 1174719, 
        "long_term_average": 153414, 
        "date": "2014-07-31", 
        "operating_revenue": 190011, 
        "short_term_average": 186831
    }, 
    {
        "accumulated_operating_revenue_yoy": 45.09447289048017, 
        "accumulated_operating_revenue": 1368119, 
        "long_term_average": 159117, 
        "date": "2014-08-31", 
        "operating_revenue": 193400, 
        "short_term_average": 190683
    }, 
    {
        "accumulated_operating_revenue_yoy": 41.79504429169, 
        "accumulated_operating_revenue": 1509136, 
        "long_term_average": 160752, 
        "date": "2014-09-30", 
        "operating_revenue": 141017, 
        "short_term_average": 174809
    }, 
    {
        "accumulated_operating_revenue_yoy": 47.16831246943847, 
        "accumulated_operating_revenue": 1763668, 
        "long_term_average": 170788, 
        "date": "2014-10-31", 
        "operating_revenue": 254532, 
        "short_term_average": 196316
    }, 
    {
        "accumulated_operating_revenue_yoy": 46.579698310319834, 
        "accumulated_operating_revenue": 1963759, 
        "long_term_average": 175686, 
        "date": "2014-11-30", 
        "operating_revenue": 200091, 
        "short_term_average": 198546
    }, 
    {
        "accumulated_operating_revenue_yoy": 46.18727517364562, 
        "accumulated_operating_revenue": 2169713, 
        "long_term_average": 180809, 
        "date": "2014-12-31", 
        "operating_revenue": 205954, 
        "short_term_average": 220192
    }, 
    {
        "accumulated_operating_revenue_yoy": 46.17747102143258, 
        "accumulated_operating_revenue": 221320, 
        "long_term_average": 186635, 
        "date": "2015-01-31", 
        "operating_revenue": 221320, 
        "short_term_average": 209121
    }, 
    {
        "accumulated_operating_revenue_yoy": 51.63996730104551, 
        "accumulated_operating_revenue": 422936, 
        "long_term_average": 192811, 
        "date": "2015-02-28", 
        "operating_revenue": 201616, 
        "short_term_average": 209630
    }, 
    {
        "accumulated_operating_revenue_yoy": 48.68991938486114, 
        "accumulated_operating_revenue": 659019, 
        "long_term_average": 198792, 
        "date": "2015-03-31", 
        "operating_revenue": 236083, 
        "short_term_average": 219673
    }, 
    {
        "accumulated_operating_revenue_yoy": 44.767072706137476, 
        "accumulated_operating_revenue": 889197, 
        "long_term_average": 203723, 
        "date": "2015-04-30", 
        "operating_revenue": 230178, 
        "short_term_average": 222625
    }, 
    {
        "accumulated_operating_revenue_yoy": 40.73998703628333, 
        "accumulated_operating_revenue": 1120386, 
        "long_term_average": 207835, 
        "date": "2015-05-31", 
        "operating_revenue": 231189, 
        "short_term_average": 232483
    }, 
    {
        "accumulated_operating_revenue_yoy": 37.61439939555686, 
        "accumulated_operating_revenue": 1355100, 
        "long_term_average": 211675, 
        "date": "2015-06-30", 
        "operating_revenue": 234714, 
        "short_term_average": 232027
    }, 
    {
        "accumulated_operating_revenue_yoy": 35.88347511192038, 
        "accumulated_operating_revenue": 1596249, 
        "long_term_average": 215936, 
        "date": "2015-07-31", 
        "operating_revenue": 241149, 
        "short_term_average": 235684
    }, 
    {
        "accumulated_operating_revenue_yoy": 34.53720034587634, 
        "accumulated_operating_revenue": 1840629, 
        "long_term_average": 220185, 
        "date": "2015-08-31", 
        "operating_revenue": 244380, 
        "short_term_average": 240081
    }, 
    {
        "accumulated_operating_revenue_yoy": 38.16707042970282, 
        "accumulated_operating_revenue": 2085129, 
        "long_term_average": 228808, 
        "date": "2015-09-30", 
        "operating_revenue": 244500, 
        "short_term_average": 243343
    }
]