[
    {
        "date": "2012-01-31", 
        "operating_revenue": 76890, 
        "accumulated_operating_revenue": 76890, 
        "long_term_average": 76890, 
        "short_term_average": 76890
    }, 
    {
        "date": "2012-02-29", 
        "operating_revenue": 108807, 
        "accumulated_operating_revenue": 185697, 
        "long_term_average": 92848, 
        "short_term_average": 92848
    }, 
    {
        "date": "2012-03-31", 
        "operating_revenue": 122915, 
        "accumulated_operating_revenue": 308612, 
        "long_term_average": 102870, 
        "short_term_average": 102870
    }, 
    {
        "date": "2012-04-30", 
        "operating_revenue": 111627, 
        "accumulated_operating_revenue": 420239, 
        "long_term_average": 105059, 
        "short_term_average": 114449
    }, 
    {
        "date": "2012-05-31", 
        "operating_revenue": 116767, 
        "accumulated_operating_revenue": 537006, 
        "long_term_average": 107401, 
        "short_term_average": 117103
    }, 
    {
        "date": "2012-06-30", 
        "operating_revenue": 108062, 
        "accumulated_operating_revenue": 645068, 
        "long_term_average": 107511, 
        "short_term_average": 112152
    }, 
    {
        "date": "2012-07-31", 
        "operating_revenue": 109186, 
        "accumulated_operating_revenue": 754254, 
        "long_term_average": 107750, 
        "short_term_average": 111338
    }, 
    {
        "date": "2012-08-31", 
        "operating_revenue": 109507, 
        "accumulated_operating_revenue": 863761, 
        "long_term_average": 107970, 
        "short_term_average": 108918
    }, 
    {
        "date": "2012-09-30", 
        "operating_revenue": 105660, 
        "accumulated_operating_revenue": 969421, 
        "long_term_average": 107713, 
        "short_term_average": 108117
    }, 
    {
        "date": "2012-10-31", 
        "operating_revenue": 117265, 
        "accumulated_operating_revenue": 1086686, 
        "long_term_average": 108668, 
        "short_term_average": 110810
    }, 
    {
        "date": "2012-11-30", 
        "operating_revenue": 137408, 
        "accumulated_operating_revenue": 1224094, 
        "long_term_average": 111281, 
        "short_term_average": 120111
    }, 
    {
        "date": "2012-12-31", 
        "operating_revenue": 146876, 
        "accumulated_operating_revenue": 1370970, 
        "long_term_average": 114247, 
        "short_term_average": 133849
    }, 
    {
        "accumulated_operating_revenue_yoy": 114.11496943685783, 
        "accumulated_operating_revenue": 164633, 
        "long_term_average": 121559, 
        "date": "2013-01-31", 
        "operating_revenue": 164633, 
        "short_term_average": 149639
    }, 
    {
        "accumulated_operating_revenue_yoy": 30.547073996887402, 
        "accumulated_operating_revenue": 242422, 
        "long_term_average": 118974, 
        "date": "2013-02-28", 
        "operating_revenue": 77789, 
        "short_term_average": 129766
    }, 
    {
        "accumulated_operating_revenue_yoy": 18.590657524658795, 
        "accumulated_operating_revenue": 365985, 
        "long_term_average": 119028, 
        "date": "2013-03-31", 
        "operating_revenue": 123563, 
        "short_term_average": 121995
    }, 
    {
        "accumulated_operating_revenue_yoy": 20.937609312795814, 
        "accumulated_operating_revenue": 508227, 
        "long_term_average": 121579, 
        "date": "2013-04-30", 
        "operating_revenue": 142242, 
        "short_term_average": 114531
    }, 
    {
        "accumulated_operating_revenue_yoy": 21.772941084457155, 
        "accumulated_operating_revenue": 653928, 
        "long_term_average": 123991, 
        "date": "2013-05-31", 
        "operating_revenue": 145701, 
        "short_term_average": 137168
    }, 
    {
        "accumulated_operating_revenue_yoy": 27.289526065469065, 
        "accumulated_operating_revenue": 821104, 
        "long_term_average": 128917, 
        "date": "2013-06-30", 
        "operating_revenue": 167176, 
        "short_term_average": 151706
    }, 
    {
        "accumulated_operating_revenue_yoy": 30.793207593198048, 
        "accumulated_operating_revenue": 986513, 
        "long_term_average": 133602, 
        "date": "2013-07-31", 
        "operating_revenue": 165409, 
        "short_term_average": 159428
    }, 
    {
        "accumulated_operating_revenue_yoy": 33.621800474899885, 
        "accumulated_operating_revenue": 1154173, 
        "long_term_average": 138448, 
        "date": "2013-08-31", 
        "operating_revenue": 167660, 
        "short_term_average": 166748
    }, 
    {
        "accumulated_operating_revenue_yoy": 35.65633507010886, 
        "accumulated_operating_revenue": 1315081, 
        "long_term_average": 143052, 
        "date": "2013-09-30", 
        "operating_revenue": 160908, 
        "short_term_average": 164659
    }, 
    {
        "accumulated_operating_revenue_yoy": 36.26723819024079, 
        "accumulated_operating_revenue": 1480797, 
        "long_term_average": 147090, 
        "date": "2013-10-31", 
        "operating_revenue": 165716, 
        "short_term_average": 164761
    }, 
    {
        "accumulated_operating_revenue_yoy": 34.41933380933164, 
        "accumulated_operating_revenue": 1645419, 
        "long_term_average": 149357, 
        "date": "2013-11-30", 
        "operating_revenue": 164622, 
        "short_term_average": 163748
    }, 
    {
        "accumulated_operating_revenue_yoy": 31.2953602194067, 
        "accumulated_operating_revenue": 1800020, 
        "long_term_average": 150001, 
        "date": "2013-12-31", 
        "operating_revenue": 154601, 
        "short_term_average": 161646
    }, 
    {
        "accumulated_operating_revenue_yoy": 10.657644579154848, 
        "accumulated_operating_revenue": 182179, 
        "long_term_average": 151463, 
        "date": "2014-01-31", 
        "operating_revenue": 182179, 
        "short_term_average": 167134
    }, 
    {
        "accumulated_operating_revenue_yoy": 28.363762364801875, 
        "accumulated_operating_revenue": 311182, 
        "long_term_average": 155731, 
        "date": "2014-02-28", 
        "operating_revenue": 129003, 
        "short_term_average": 155261
    }, 
    {
        "accumulated_operating_revenue_yoy": 30.086205718813613, 
        "accumulated_operating_revenue": 476096, 
        "long_term_average": 159177, 
        "date": "2014-03-31", 
        "operating_revenue": 164914, 
        "short_term_average": 158698
    }, 
    {
        "accumulated_operating_revenue_yoy": 22.016343090784236, 
        "accumulated_operating_revenue": 620120, 
        "long_term_average": 159326, 
        "date": "2014-04-30", 
        "operating_revenue": 144024, 
        "short_term_average": 145980
    }, 
    {
        "accumulated_operating_revenue_yoy": 19.540530455952336, 
        "accumulated_operating_revenue": 781709, 
        "long_term_average": 160650, 
        "date": "2014-05-31", 
        "operating_revenue": 161589, 
        "short_term_average": 156842
    }, 
    {
        "accumulated_operating_revenue_yoy": 15.829541690212201, 
        "accumulated_operating_revenue": 951081, 
        "long_term_average": 160833, 
        "date": "2014-06-30", 
        "operating_revenue": 169372, 
        "short_term_average": 158328
    }, 
    {
        "accumulated_operating_revenue_yoy": 14.990983393021684, 
        "accumulated_operating_revenue": 1134401, 
        "long_term_average": 162325, 
        "date": "2014-07-31", 
        "operating_revenue": 183320, 
        "short_term_average": 171427
    }, 
    {
        "accumulated_operating_revenue_yoy": 15.35445726073994, 
        "accumulated_operating_revenue": 1331390, 
        "long_term_average": 164769, 
        "date": "2014-08-31", 
        "operating_revenue": 196989, 
        "short_term_average": 183227
    }, 
    {
        "accumulated_operating_revenue_yoy": 14.895432296565764, 
        "accumulated_operating_revenue": 1510968, 
        "long_term_average": 166325, 
        "date": "2014-09-30", 
        "operating_revenue": 179578, 
        "short_term_average": 186629
    }, 
    {
        "accumulated_operating_revenue_yoy": 11.776225910776427, 
        "accumulated_operating_revenue": 1655179, 
        "long_term_average": 164533, 
        "date": "2014-10-31", 
        "operating_revenue": 144211, 
        "short_term_average": 173592
    }, 
    {
        "accumulated_operating_revenue_yoy": 9.33506906143663, 
        "accumulated_operating_revenue": 1799020, 
        "long_term_average": 162801, 
        "date": "2014-11-30", 
        "operating_revenue": 143841, 
        "short_term_average": 155876
    }, 
    {
        "accumulated_operating_revenue_yoy": 9.535449606115487, 
        "accumulated_operating_revenue": 1971660, 
        "long_term_average": 164305, 
        "date": "2014-12-31", 
        "operating_revenue": 172640, 
        "short_term_average": 153564
    }, 
    {
        "accumulated_operating_revenue_yoy": 10.009386372743291, 
        "accumulated_operating_revenue": 200414, 
        "long_term_average": 165824, 
        "date": "2015-01-31", 
        "operating_revenue": 200414, 
        "short_term_average": 172298
    }, 
    {
        "accumulated_operating_revenue_yoy": 9.066077086720954, 
        "accumulated_operating_revenue": 339394, 
        "long_term_average": 166656, 
        "date": "2015-02-28", 
        "operating_revenue": 138980, 
        "short_term_average": 170678
    }, 
    {
        "accumulated_operating_revenue_yoy": 9.302745664739884, 
        "accumulated_operating_revenue": 520386, 
        "long_term_average": 167995, 
        "date": "2015-03-31", 
        "operating_revenue": 180992, 
        "short_term_average": 173462
    }, 
    {
        "accumulated_operating_revenue_yoy": 14.068244855834354, 
        "accumulated_operating_revenue": 707360, 
        "long_term_average": 171575, 
        "date": "2015-04-30", 
        "operating_revenue": 186974, 
        "short_term_average": 168982
    }, 
    {
        "accumulated_operating_revenue_yoy": 8.799182304412511, 
        "accumulated_operating_revenue": 850493, 
        "long_term_average": 170037, 
        "date": "2015-05-31", 
        "operating_revenue": 143133, 
        "short_term_average": 170366
    }, 
    {
        "accumulated_operating_revenue_yoy": 6.7914299623270775, 
        "accumulated_operating_revenue": 1015673, 
        "long_term_average": 169687, 
        "date": "2015-06-30", 
        "operating_revenue": 165180, 
        "short_term_average": 165095
    }, 
    {
        "accumulated_operating_revenue_yoy": 1.7645435785053083, 
        "accumulated_operating_revenue": 1154418, 
        "long_term_average": 165973, 
        "date": "2015-07-31", 
        "operating_revenue": 138745, 
        "short_term_average": 149019
    }, 
    {
        "accumulated_operating_revenue_yoy": -2.4756833084220253, 
        "accumulated_operating_revenue": 1298429, 
        "long_term_average": 161558, 
        "date": "2015-08-31", 
        "operating_revenue": 144011, 
        "short_term_average": 149312
    }
]