[
    {
        "date": "2012-01-31", 
        "operating_revenue": 43971, 
        "accumulated_operating_revenue": 43971, 
        "long_term_average": 43971, 
        "short_term_average": 43971
    }, 
    {
        "date": "2012-02-29", 
        "operating_revenue": 53180, 
        "accumulated_operating_revenue": 97151, 
        "long_term_average": 48575, 
        "short_term_average": 48575
    }, 
    {
        "date": "2012-03-31", 
        "operating_revenue": 64688, 
        "accumulated_operating_revenue": 161839, 
        "long_term_average": 53946, 
        "short_term_average": 53946
    }, 
    {
        "date": "2012-04-30", 
        "operating_revenue": 54377, 
        "accumulated_operating_revenue": 216216, 
        "long_term_average": 54054, 
        "short_term_average": 57415
    }, 
    {
        "date": "2012-05-31", 
        "operating_revenue": 59160, 
        "accumulated_operating_revenue": 275376, 
        "long_term_average": 55075, 
        "short_term_average": 59408
    }, 
    {
        "date": "2012-06-30", 
        "operating_revenue": 47339, 
        "accumulated_operating_revenue": 322715, 
        "long_term_average": 53785, 
        "short_term_average": 53625
    }, 
    {
        "date": "2012-07-31", 
        "operating_revenue": 51641, 
        "accumulated_operating_revenue": 374356, 
        "long_term_average": 53479, 
        "short_term_average": 52713
    }, 
    {
        "date": "2012-08-31", 
        "operating_revenue": 66441, 
        "accumulated_operating_revenue": 440797, 
        "long_term_average": 55099, 
        "short_term_average": 55140
    }, 
    {
        "date": "2012-09-30", 
        "operating_revenue": 59781, 
        "accumulated_operating_revenue": 500578, 
        "long_term_average": 55619, 
        "short_term_average": 59287
    }, 
    {
        "date": "2012-10-31", 
        "operating_revenue": 54425, 
        "accumulated_operating_revenue": 555003, 
        "long_term_average": 55500, 
        "short_term_average": 60215
    }, 
    {
        "date": "2012-11-30", 
        "operating_revenue": 57660, 
        "accumulated_operating_revenue": 612663, 
        "long_term_average": 55696, 
        "short_term_average": 57288
    }, 
    {
        "date": "2012-12-31", 
        "operating_revenue": 43789, 
        "accumulated_operating_revenue": 656452, 
        "long_term_average": 54704, 
        "short_term_average": 51958
    }, 
    {
        "accumulated_operating_revenue_yoy": 19.00570830774829, 
        "accumulated_operating_revenue": 52328, 
        "long_term_average": 55400, 
        "date": "2013-01-31", 
        "operating_revenue": 52328, 
        "short_term_average": 51259
    }, 
    {
        "accumulated_operating_revenue_yoy": -14.036911611820774, 
        "accumulated_operating_revenue": 83514, 
        "long_term_average": 53567, 
        "date": "2013-02-28", 
        "operating_revenue": 31186, 
        "short_term_average": 42434
    }, 
    {
        "accumulated_operating_revenue_yoy": -11.405779818214398, 
        "accumulated_operating_revenue": 143380, 
        "long_term_average": 53166, 
        "date": "2013-03-31", 
        "operating_revenue": 59866, 
        "short_term_average": 47793
    }, 
    {
        "accumulated_operating_revenue_yoy": -6.9194694194694195, 
        "accumulated_operating_revenue": 201255, 
        "long_term_average": 53457, 
        "date": "2013-04-30", 
        "operating_revenue": 57875, 
        "short_term_average": 49642
    }, 
    {
        "accumulated_operating_revenue_yoy": -5.740151647202371, 
        "accumulated_operating_revenue": 259569, 
        "long_term_average": 53387, 
        "date": "2013-05-31", 
        "operating_revenue": 58314, 
        "short_term_average": 58685
    }, 
    {
        "accumulated_operating_revenue_yoy": -6.077808592721132, 
        "accumulated_operating_revenue": 303101, 
        "long_term_average": 53069, 
        "date": "2013-06-30", 
        "operating_revenue": 43532, 
        "short_term_average": 53240
    }, 
    {
        "accumulated_operating_revenue_yoy": -1.8124459071044672, 
        "accumulated_operating_revenue": 367571, 
        "long_term_average": 54138, 
        "date": "2013-07-31", 
        "operating_revenue": 64470, 
        "short_term_average": 55438
    }, 
    {
        "accumulated_operating_revenue_yoy": -0.7892521954550508, 
        "accumulated_operating_revenue": 437318, 
        "long_term_average": 54414, 
        "date": "2013-08-31", 
        "operating_revenue": 69747, 
        "short_term_average": 59249
    }, 
    {
        "accumulated_operating_revenue_yoy": -0.13824019433534834, 
        "accumulated_operating_revenue": 499886, 
        "long_term_average": 54646, 
        "date": "2013-09-30", 
        "operating_revenue": 62568, 
        "short_term_average": 65595
    }, 
    {
        "accumulated_operating_revenue_yoy": 2.842146799206491, 
        "accumulated_operating_revenue": 570777, 
        "long_term_average": 56018, 
        "date": "2013-10-31", 
        "operating_revenue": 70891, 
        "short_term_average": 67735
    }, 
    {
        "accumulated_operating_revenue_yoy": 3.7746689452439592, 
        "accumulated_operating_revenue": 635789, 
        "long_term_average": 56631, 
        "date": "2013-11-30", 
        "operating_revenue": 65012, 
        "short_term_average": 66157
    }, 
    {
        "accumulated_operating_revenue_yoy": 5.474886206455308, 
        "accumulated_operating_revenue": 692392, 
        "long_term_average": 57699, 
        "date": "2013-12-31", 
        "operating_revenue": 56603, 
        "short_term_average": 64168
    }, 
    {
        "accumulated_operating_revenue_yoy": 10.141797890230851, 
        "accumulated_operating_revenue": 57635, 
        "long_term_average": 58141, 
        "date": "2014-01-31", 
        "operating_revenue": 57635, 
        "short_term_average": 59750
    }, 
    {
        "accumulated_operating_revenue_yoy": 30.42483894915822, 
        "accumulated_operating_revenue": 108923, 
        "long_term_average": 59816, 
        "date": "2014-02-28", 
        "operating_revenue": 51288, 
        "short_term_average": 55175
    }, 
    {
        "accumulated_operating_revenue_yoy": 38.82898591156368, 
        "accumulated_operating_revenue": 199053, 
        "long_term_average": 62338, 
        "date": "2014-03-31", 
        "operating_revenue": 90130, 
        "short_term_average": 66351
    }, 
    {
        "accumulated_operating_revenue_yoy": 41.4990931902313, 
        "accumulated_operating_revenue": 284774, 
        "long_term_average": 64659, 
        "date": "2014-04-30", 
        "operating_revenue": 85721, 
        "short_term_average": 75713
    }, 
    {
        "accumulated_operating_revenue_yoy": 39.184186093100486, 
        "accumulated_operating_revenue": 361279, 
        "long_term_average": 66175, 
        "date": "2014-05-31", 
        "operating_revenue": 76505, 
        "short_term_average": 84118
    }, 
    {
        "accumulated_operating_revenue_yoy": 41.74780023820443, 
        "accumulated_operating_revenue": 429639, 
        "long_term_average": 68244, 
        "date": "2014-06-30", 
        "operating_revenue": 68360, 
        "short_term_average": 76862
    }, 
    {
        "accumulated_operating_revenue_yoy": 37.7608679683653, 
        "accumulated_operating_revenue": 506369, 
        "long_term_average": 69265, 
        "date": "2014-07-31", 
        "operating_revenue": 76730, 
        "short_term_average": 73865
    }, 
    {
        "accumulated_operating_revenue_yoy": 28.369287337818243, 
        "accumulated_operating_revenue": 561382, 
        "long_term_average": 68038, 
        "date": "2014-08-31", 
        "operating_revenue": 55013, 
        "short_term_average": 66701
    }, 
    {
        "accumulated_operating_revenue_yoy": 26.926139159728418, 
        "accumulated_operating_revenue": 634486, 
        "long_term_average": 68916, 
        "date": "2014-09-30", 
        "operating_revenue": 73104, 
        "short_term_average": 68282
    }, 
    {
        "accumulated_operating_revenue_yoy": 23.25759447209681, 
        "accumulated_operating_revenue": 703526, 
        "long_term_average": 68761, 
        "date": "2014-10-31", 
        "operating_revenue": 69040, 
        "short_term_average": 65719
    }, 
    {
        "accumulated_operating_revenue_yoy": 21.73126619051289, 
        "accumulated_operating_revenue": 773954, 
        "long_term_average": 69213, 
        "date": "2014-11-30", 
        "operating_revenue": 70428, 
        "short_term_average": 70857
    }, 
    {
        "accumulated_operating_revenue_yoy": 22.13962610775399, 
        "accumulated_operating_revenue": 845685, 
        "long_term_average": 70473, 
        "date": "2014-12-31", 
        "operating_revenue": 71731, 
        "short_term_average": 70399
    }, 
    {
        "accumulated_operating_revenue_yoy": 40.768630172638154, 
        "accumulated_operating_revenue": 81132, 
        "long_term_average": 72431, 
        "date": "2015-01-31", 
        "operating_revenue": 81132, 
        "short_term_average": 74430
    }, 
    {
        "accumulated_operating_revenue_yoy": 21.85213407636587, 
        "accumulated_operating_revenue": 132725, 
        "long_term_average": 72457, 
        "date": "2015-02-28", 
        "operating_revenue": 51593, 
        "short_term_average": 68152
    }, 
    {
        "accumulated_operating_revenue_yoy": 7.759742380170105, 
        "accumulated_operating_revenue": 214499, 
        "long_term_average": 71760, 
        "date": "2015-03-31", 
        "operating_revenue": 81774, 
        "short_term_average": 71499
    }, 
    {
        "accumulated_operating_revenue_yoy": 0.37152268114364373, 
        "accumulated_operating_revenue": 285832, 
        "long_term_average": 70561, 
        "date": "2015-04-30", 
        "operating_revenue": 71333, 
        "short_term_average": 68233
    }, 
    {
        "accumulated_operating_revenue_yoy": -0.5256325443770604, 
        "accumulated_operating_revenue": 359380, 
        "long_term_average": 70315, 
        "date": "2015-05-31", 
        "operating_revenue": 73548, 
        "short_term_average": 75551
    }, 
    {
        "accumulated_operating_revenue_yoy": 0.439205938008421, 
        "accumulated_operating_revenue": 431526, 
        "long_term_average": 70631, 
        "date": "2015-06-30", 
        "operating_revenue": 72146, 
        "short_term_average": 72342
    }, 
    {
        "accumulated_operating_revenue_yoy": 0.8821630076090756, 
        "accumulated_operating_revenue": 510836, 
        "long_term_average": 70846, 
        "date": "2015-07-31", 
        "operating_revenue": 79310, 
        "short_term_average": 75001
    }, 
    {
        "accumulated_operating_revenue_yoy": 4.357460695212886, 
        "accumulated_operating_revenue": 585844, 
        "long_term_average": 72512, 
        "date": "2015-08-31", 
        "operating_revenue": 75008, 
        "short_term_average": 75488
    }
]