[
    {
        "date": "2014-04-30", 
        "operating_revenue": 155692, 
        "accumulated_operating_revenue": 155692, 
        "long_term_average": 155692, 
        "short_term_average": 155692
    }, 
    {
        "date": "2014-05-31", 
        "operating_revenue": 107685, 
        "accumulated_operating_revenue": 263377, 
        "long_term_average": 131688, 
        "short_term_average": 131688
    }, 
    {
        "date": "2014-06-30", 
        "operating_revenue": 95246, 
        "accumulated_operating_revenue": 358623, 
        "long_term_average": 119541, 
        "short_term_average": 119541
    }, 
    {
        "date": "2014-07-31", 
        "operating_revenue": 123889, 
        "accumulated_operating_revenue": 482512, 
        "long_term_average": 120628, 
        "short_term_average": 108940
    }, 
    {
        "date": "2014-08-31", 
        "operating_revenue": 151343, 
        "accumulated_operating_revenue": 633855, 
        "long_term_average": 126771, 
        "short_term_average": 123492
    }, 
    {
        "date": "2014-09-30", 
        "operating_revenue": 229582, 
        "accumulated_operating_revenue": 863437, 
        "long_term_average": 143906, 
        "short_term_average": 168271
    }, 
    {
        "accumulated_operating_revenue_yoy": -9.153328366261594, 
        "accumulated_operating_revenue": 141441, 
        "long_term_average": 143554, 
        "date": "2015-04-30", 
        "operating_revenue": 141441, 
        "short_term_average": 174122
    }, 
    {
        "accumulated_operating_revenue_yoy": 1.06994916032911, 
        "accumulated_operating_revenue": 266195, 
        "long_term_average": 141204, 
        "date": "2015-05-31", 
        "operating_revenue": 124754, 
        "short_term_average": 165259
    }, 
    {
        "accumulated_operating_revenue_yoy": 6.822763737964381, 
        "accumulated_operating_revenue": 383091, 
        "long_term_average": 138503, 
        "date": "2015-06-30", 
        "operating_revenue": 116896, 
        "short_term_average": 127697
    }, 
    {
        "accumulated_operating_revenue_yoy": 7.1507029876977155, 
        "accumulated_operating_revenue": 517015, 
        "long_term_average": 138045, 
        "date": "2015-07-31", 
        "operating_revenue": 133924, 
        "short_term_average": 125191
    }, 
    {
        "accumulated_operating_revenue_yoy": 0.836311143715834, 
        "accumulated_operating_revenue": 639156, 
        "long_term_average": 136599, 
        "date": "2015-08-31", 
        "operating_revenue": 122141, 
        "short_term_average": 124320
    }, 
    {
        "accumulated_operating_revenue_yoy": -13.50857097854273, 
        "accumulated_operating_revenue": 746799, 
        "long_term_average": 134186, 
        "date": "2015-09-30", 
        "operating_revenue": 107643, 
        "short_term_average": 121236
    }
]