[
    {
        "date": "2011-09-30", 
        "operating_revenue": 21234964, 
        "accumulated_operating_revenue": 21234964, 
        "long_term_average": 21234964, 
        "short_term_average": 21234964
    }, 
    {
        "date": "2011-10-31", 
        "operating_revenue": 21022951, 
        "accumulated_operating_revenue": 42257915, 
        "long_term_average": 21128957, 
        "short_term_average": 21128957
    }, 
    {
        "date": "2011-11-30", 
        "operating_revenue": 20322925, 
        "accumulated_operating_revenue": 62580840, 
        "long_term_average": 20860280, 
        "short_term_average": 20860280
    }, 
    {
        "date": "2011-12-31", 
        "operating_revenue": 19939697, 
        "accumulated_operating_revenue": 82520537, 
        "long_term_average": 20630134, 
        "short_term_average": 20428524
    }, 
    {
        "date": "2012-01-31", 
        "operating_revenue": 16336640, 
        "accumulated_operating_revenue": 16336640, 
        "long_term_average": 19771435, 
        "short_term_average": 18866420
    }, 
    {
        "date": "2012-02-29", 
        "operating_revenue": 17111615, 
        "accumulated_operating_revenue": 33448255, 
        "long_term_average": 19328132, 
        "short_term_average": 17795984
    }, 
    {
        "date": "2012-03-31", 
        "operating_revenue": 19576555, 
        "accumulated_operating_revenue": 53024810, 
        "long_term_average": 19363621, 
        "short_term_average": 17674936
    }, 
    {
        "date": "2012-04-30", 
        "operating_revenue": 18267529, 
        "accumulated_operating_revenue": 71292339, 
        "long_term_average": 19226609, 
        "short_term_average": 18318566
    }, 
    {
        "date": "2012-05-31", 
        "operating_revenue": 18167186, 
        "accumulated_operating_revenue": 89459525, 
        "long_term_average": 19108895, 
        "short_term_average": 18670423
    }, 
    {
        "date": "2012-06-30", 
        "operating_revenue": 18168533, 
        "accumulated_operating_revenue": 107628058, 
        "long_term_average": 19014859, 
        "short_term_average": 18201082
    }, 
    {
        "date": "2012-07-31", 
        "operating_revenue": 17452952, 
        "accumulated_operating_revenue": 125081010, 
        "long_term_average": 18872867, 
        "short_term_average": 17929557
    }, 
    {
        "date": "2012-08-31", 
        "operating_revenue": 18826330, 
        "accumulated_operating_revenue": 143907340, 
        "long_term_average": 18868989, 
        "short_term_average": 18149271
    }, 
    {
        "accumulated_operating_revenue_yoy": 668.9758927775908, 
        "accumulated_operating_revenue": 163291754, 
        "long_term_average": 18714777, 
        "date": "2012-09-30", 
        "operating_revenue": 19384414, 
        "short_term_average": 18554565
    }, 
    {
        "accumulated_operating_revenue_yoy": 328.81427775128043, 
        "accumulated_operating_revenue": 181207973, 
        "long_term_average": 18455882, 
        "date": "2012-10-31", 
        "operating_revenue": 17916219, 
        "short_term_average": 18708987
    }, 
    {
        "accumulated_operating_revenue_yoy": 217.84706629057712, 
        "accumulated_operating_revenue": 198911364, 
        "long_term_average": 18237588, 
        "date": "2012-11-30", 
        "operating_revenue": 17703391, 
        "short_term_average": 18334674
    }, 
    {
        "accumulated_operating_revenue_yoy": 162.1162123557194, 
        "accumulated_operating_revenue": 216299706, 
        "long_term_average": 18024975, 
        "date": "2012-12-31", 
        "operating_revenue": 17388342, 
        "short_term_average": 17669317
    }, 
    {
        "accumulated_operating_revenue_yoy": 2.624205466974849, 
        "accumulated_operating_revenue": 16765347, 
        "long_term_average": 18060701, 
        "date": "2013-01-31", 
        "operating_revenue": 16765347, 
        "short_term_average": 17285693
    }, 
    {
        "accumulated_operating_revenue_yoy": -10.312816019849166, 
        "accumulated_operating_revenue": 29998798, 
        "long_term_average": 17737520, 
        "date": "2013-02-28", 
        "operating_revenue": 13233451, 
        "short_term_average": 15795713
    }, 
    {
        "accumulated_operating_revenue_yoy": -12.435116693487446, 
        "accumulated_operating_revenue": 46431113, 
        "long_term_average": 17475500, 
        "date": "2013-03-31", 
        "operating_revenue": 16432315, 
        "short_term_average": 15477037
    }, 
    {
        "accumulated_operating_revenue_yoy": -12.08463927659885, 
        "accumulated_operating_revenue": 62676917, 
        "long_term_average": 17307023, 
        "date": "2013-04-30", 
        "operating_revenue": 16245804, 
        "short_term_average": 15303856
    }, 
    {
        "accumulated_operating_revenue_yoy": -11.50853640235626, 
        "accumulated_operating_revenue": 79164043, 
        "long_term_average": 17167018, 
        "date": "2013-05-31", 
        "operating_revenue": 16487126, 
        "short_term_average": 16388415
    }, 
    {
        "accumulated_operating_revenue_yoy": -10.458632450657058, 
        "accumulated_operating_revenue": 96371635, 
        "long_term_average": 17086940, 
        "date": "2013-06-30", 
        "operating_revenue": 17207592, 
        "short_term_average": 16646840
    }, 
    {
        "accumulated_operating_revenue_yoy": -8.64919223149861, 
        "accumulated_operating_revenue": 114262513, 
        "long_term_average": 17123434, 
        "date": "2013-07-31", 
        "operating_revenue": 17890878, 
        "short_term_average": 17195198
    }, 
    {
        "accumulated_operating_revenue_yoy": -7.419257419392228, 
        "accumulated_operating_revenue": 133230484, 
        "long_term_average": 17135237, 
        "date": "2013-08-31", 
        "operating_revenue": 18967971, 
        "short_term_average": 18022147
    }, 
    {
        "accumulated_operating_revenue_yoy": -5.940394883626518, 
        "accumulated_operating_revenue": 153591579, 
        "long_term_average": 17216627, 
        "date": "2013-09-30", 
        "operating_revenue": 20361095, 
        "short_term_average": 19073314
    }, 
    {
        "accumulated_operating_revenue_yoy": -4.507599122032009, 
        "accumulated_operating_revenue": 173039844, 
        "long_term_average": 17344298, 
        "date": "2013-10-31", 
        "operating_revenue": 19448265, 
        "short_term_average": 19592443
    }, 
    {
        "accumulated_operating_revenue_yoy": -3.1529168941800636, 
        "accumulated_operating_revenue": 192639854, 
        "long_term_average": 17502349, 
        "date": "2013-11-30", 
        "operating_revenue": 19600010, 
        "short_term_average": 19803123
    }, 
    {
        "accumulated_operating_revenue_yoy": -1.6076915056001049, 
        "accumulated_operating_revenue": 212822274, 
        "long_term_average": 17735189, 
        "date": "2013-12-31", 
        "operating_revenue": 20182420, 
        "short_term_average": 19743565
    }, 
    {
        "accumulated_operating_revenue_yoy": 5.741205356501121, 
        "accumulated_operating_revenue": 17727880, 
        "long_term_average": 17815400, 
        "date": "2014-01-31", 
        "operating_revenue": 17727880, 
        "short_term_average": 19170103
    }, 
    {
        "accumulated_operating_revenue_yoy": 10.393553101694275, 
        "accumulated_operating_revenue": 33116739, 
        "long_term_average": 17995017, 
        "date": "2014-02-28", 
        "operating_revenue": 15388859, 
        "short_term_average": 17766386
    }, 
    {
        "accumulated_operating_revenue_yoy": 10.683976065790196, 
        "accumulated_operating_revenue": 51391802, 
        "long_term_average": 18148580, 
        "date": "2014-03-31", 
        "operating_revenue": 18275063, 
        "short_term_average": 17130600
    }, 
    {
        "accumulated_operating_revenue_yoy": 12.172308985778608, 
        "accumulated_operating_revenue": 70306145, 
        "long_term_average": 18370958, 
        "date": "2014-04-30", 
        "operating_revenue": 18914343, 
        "short_term_average": 17526088
    }, 
    {
        "accumulated_operating_revenue_yoy": 13.686635484243775, 
        "accumulated_operating_revenue": 89998937, 
        "long_term_average": 18638097, 
        "date": "2014-05-31", 
        "operating_revenue": 19692792, 
        "short_term_average": 18960732
    }, 
    {
        "accumulated_operating_revenue_yoy": 14.391953607511173, 
        "accumulated_operating_revenue": 110241396, 
        "long_term_average": 18891002, 
        "date": "2014-06-30", 
        "operating_revenue": 20242459, 
        "short_term_average": 19616531
    }, 
    {
        "accumulated_operating_revenue_yoy": 14.6894108656616, 
        "accumulated_operating_revenue": 131047003, 
        "long_term_average": 19133897, 
        "date": "2014-07-31", 
        "operating_revenue": 20805607, 
        "short_term_average": 20246952
    }, 
    {
        "accumulated_operating_revenue_yoy": 12.760734247576552, 
        "accumulated_operating_revenue": 150231672, 
        "long_term_average": 19151955, 
        "date": "2014-08-31", 
        "operating_revenue": 19184669, 
        "short_term_average": 20077578
    }, 
    {
        "accumulated_operating_revenue_yoy": 11.03779654482229, 
        "accumulated_operating_revenue": 170544705, 
        "long_term_average": 19147950, 
        "date": "2014-09-30", 
        "operating_revenue": 20313033, 
        "short_term_average": 20101103
    }, 
    {
        "accumulated_operating_revenue_yoy": 9.935601305789435, 
        "accumulated_operating_revenue": 190232393, 
        "long_term_average": 19167901, 
        "date": "2014-10-31", 
        "operating_revenue": 19687688, 
        "short_term_average": 19728463
    }, 
    {
        "accumulated_operating_revenue_yoy": 9.125586754234147, 
        "accumulated_operating_revenue": 210219371, 
        "long_term_average": 19200149, 
        "date": "2014-11-30", 
        "operating_revenue": 19986978, 
        "short_term_average": 19995899
    }, 
    {
        "accumulated_operating_revenue_yoy": 8.37950918614844, 
        "accumulated_operating_revenue": 230655736, 
        "long_term_average": 19221311, 
        "date": "2014-12-31", 
        "operating_revenue": 20436365, 
        "short_term_average": 20037010
    }, 
    {
        "accumulated_operating_revenue_yoy": 7.035968203755892, 
        "accumulated_operating_revenue": 18975208, 
        "long_term_average": 19325255, 
        "date": "2015-01-31", 
        "operating_revenue": 18975208, 
        "short_term_average": 19799517
    }, 
    {
        "accumulated_operating_revenue_yoy": 0.7293169777374517, 
        "accumulated_operating_revenue": 33358265, 
        "long_term_average": 19241438, 
        "date": "2015-02-28", 
        "operating_revenue": 14383057, 
        "short_term_average": 17931543
    }, 
    {
        "accumulated_operating_revenue_yoy": 0.297203044174244, 
        "accumulated_operating_revenue": 51544540, 
        "long_term_average": 19234039, 
        "date": "2015-03-31", 
        "operating_revenue": 18186275, 
        "short_term_average": 17181513
    }, 
    {
        "accumulated_operating_revenue_yoy": -2.261671437112645, 
        "accumulated_operating_revenue": 68716051, 
        "long_term_average": 19088803, 
        "date": "2015-04-30", 
        "operating_revenue": 17171511, 
        "short_term_average": 16580281
    }, 
    {
        "accumulated_operating_revenue_yoy": -5.020761522994432, 
        "accumulated_operating_revenue": 85480305, 
        "long_term_average": 18844758, 
        "date": "2015-05-31", 
        "operating_revenue": 16764254, 
        "short_term_average": 17374013
    }, 
    {
        "accumulated_operating_revenue_yoy": -6.3807038510288825, 
        "accumulated_operating_revenue": 103207219, 
        "long_term_average": 18635129, 
        "date": "2015-06-30", 
        "operating_revenue": 17726914, 
        "short_term_average": 17220893
    }, 
    {
        "accumulated_operating_revenue_yoy": -7.902962878136176, 
        "accumulated_operating_revenue": 120690407, 
        "long_term_average": 18358261, 
        "date": "2015-07-31", 
        "operating_revenue": 17483188, 
        "short_term_average": 17324785
    }, 
    {
        "accumulated_operating_revenue_yoy": -7.750624648576101, 
        "accumulated_operating_revenue": 138587779, 
        "long_term_average": 18250986, 
        "date": "2015-08-31", 
        "operating_revenue": 17897372, 
        "short_term_average": 17702491
    }
]