[
    {
        "date": "2012-01-31", 
        "operating_revenue": 37591, 
        "accumulated_operating_revenue": 37591, 
        "long_term_average": 37591, 
        "short_term_average": 37591
    }, 
    {
        "date": "2012-02-29", 
        "operating_revenue": 56262, 
        "accumulated_operating_revenue": 93853, 
        "long_term_average": 46926, 
        "short_term_average": 46926
    }, 
    {
        "date": "2012-03-31", 
        "operating_revenue": 44639, 
        "accumulated_operating_revenue": 138492, 
        "long_term_average": 46164, 
        "short_term_average": 46164
    }, 
    {
        "date": "2012-04-30", 
        "operating_revenue": 48594, 
        "accumulated_operating_revenue": 187086, 
        "long_term_average": 46771, 
        "short_term_average": 49831
    }, 
    {
        "date": "2012-05-31", 
        "operating_revenue": 60038, 
        "accumulated_operating_revenue": 247124, 
        "long_term_average": 49424, 
        "short_term_average": 51090
    }, 
    {
        "date": "2012-06-30", 
        "operating_revenue": 45648, 
        "accumulated_operating_revenue": 292772, 
        "long_term_average": 48795, 
        "short_term_average": 51426
    }, 
    {
        "date": "2012-07-31", 
        "operating_revenue": 52004, 
        "accumulated_operating_revenue": 344776, 
        "long_term_average": 49253, 
        "short_term_average": 52563
    }, 
    {
        "date": "2012-08-31", 
        "operating_revenue": 61099, 
        "accumulated_operating_revenue": 405875, 
        "long_term_average": 50734, 
        "short_term_average": 52917
    }, 
    {
        "date": "2012-09-30", 
        "operating_revenue": 88271, 
        "accumulated_operating_revenue": 494146, 
        "long_term_average": 54905, 
        "short_term_average": 67124
    }, 
    {
        "date": "2012-10-31", 
        "operating_revenue": 30164, 
        "accumulated_operating_revenue": 524310, 
        "long_term_average": 52431, 
        "short_term_average": 59844
    }, 
    {
        "date": "2012-11-30", 
        "operating_revenue": 32512, 
        "accumulated_operating_revenue": 556822, 
        "long_term_average": 50620, 
        "short_term_average": 50315
    }, 
    {
        "date": "2012-12-31", 
        "operating_revenue": 26198, 
        "accumulated_operating_revenue": 583020, 
        "long_term_average": 48585, 
        "short_term_average": 29624
    }, 
    {
        "accumulated_operating_revenue_yoy": -14.013992711021256, 
        "accumulated_operating_revenue": 32323, 
        "long_term_average": 48146, 
        "date": "2013-01-31", 
        "operating_revenue": 32323, 
        "short_term_average": 30344
    }, 
    {
        "accumulated_operating_revenue_yoy": -24.07275206972606, 
        "accumulated_operating_revenue": 71260, 
        "long_term_average": 46702, 
        "date": "2013-02-28", 
        "operating_revenue": 38937, 
        "short_term_average": 32486
    }, 
    {
        "accumulated_operating_revenue_yoy": 1.6051468676891085, 
        "accumulated_operating_revenue": 140715, 
        "long_term_average": 48770, 
        "date": "2013-03-31", 
        "operating_revenue": 69455, 
        "short_term_average": 46905
    }, 
    {
        "accumulated_operating_revenue_yoy": 2.1888329431384497, 
        "accumulated_operating_revenue": 191181, 
        "long_term_average": 48926, 
        "date": "2013-04-30", 
        "operating_revenue": 50466, 
        "short_term_average": 52952
    }, 
    {
        "accumulated_operating_revenue_yoy": 2.925252100160243, 
        "accumulated_operating_revenue": 254353, 
        "long_term_average": 49187, 
        "date": "2013-05-31", 
        "operating_revenue": 63172, 
        "short_term_average": 61031
    }, 
    {
        "accumulated_operating_revenue_yoy": 5.162037353298813, 
        "accumulated_operating_revenue": 307885, 
        "long_term_average": 49844, 
        "date": "2013-06-30", 
        "operating_revenue": 53532, 
        "short_term_average": 55723
    }, 
    {
        "accumulated_operating_revenue_yoy": 4.490161728194538, 
        "accumulated_operating_revenue": 360257, 
        "long_term_average": 49875, 
        "date": "2013-07-31", 
        "operating_revenue": 52372, 
        "short_term_average": 56358
    }, 
    {
        "accumulated_operating_revenue_yoy": 1.0357868801971049, 
        "accumulated_operating_revenue": 410079, 
        "long_term_average": 48935, 
        "date": "2013-08-31", 
        "operating_revenue": 49822, 
        "short_term_average": 51908
    }, 
    {
        "accumulated_operating_revenue_yoy": -5.856973445095175, 
        "accumulated_operating_revenue": 465204, 
        "long_term_average": 46173, 
        "date": "2013-09-30", 
        "operating_revenue": 55125, 
        "short_term_average": 52439
    }, 
    {
        "accumulated_operating_revenue_yoy": -1.8912475443916765, 
        "accumulated_operating_revenue": 514394, 
        "long_term_average": 47758, 
        "date": "2013-10-31", 
        "operating_revenue": 49190, 
        "short_term_average": 51379
    }, 
    {
        "accumulated_operating_revenue_yoy": 1.8722320597964879, 
        "accumulated_operating_revenue": 567247, 
        "long_term_average": 49453, 
        "date": "2013-11-30", 
        "operating_revenue": 52853, 
        "short_term_average": 52389
    }, 
    {
        "accumulated_operating_revenue_yoy": 7.63610167747247, 
        "accumulated_operating_revenue": 627540, 
        "long_term_average": 52295, 
        "date": "2013-12-31", 
        "operating_revenue": 60293, 
        "short_term_average": 54112
    }, 
    {
        "accumulated_operating_revenue_yoy": 23.79420227082882, 
        "accumulated_operating_revenue": 40014, 
        "long_term_average": 52935, 
        "date": "2014-01-31", 
        "operating_revenue": 40014, 
        "short_term_average": 51053
    }, 
    {
        "accumulated_operating_revenue_yoy": 57.941341566095986, 
        "accumulated_operating_revenue": 112549, 
        "long_term_average": 55735, 
        "date": "2014-02-28", 
        "operating_revenue": 72535, 
        "short_term_average": 57614
    }, 
    {
        "accumulated_operating_revenue_yoy": 16.05088299044167, 
        "accumulated_operating_revenue": 163301, 
        "long_term_average": 54177, 
        "date": "2014-03-31", 
        "operating_revenue": 50752, 
        "short_term_average": 54433
    }, 
    {
        "accumulated_operating_revenue_yoy": 11.383453376643077, 
        "accumulated_operating_revenue": 212944, 
        "long_term_average": 54108, 
        "date": "2014-04-30", 
        "operating_revenue": 49643, 
        "short_term_average": 57643
    }, 
    {
        "accumulated_operating_revenue_yoy": 0.7458138885721811, 
        "accumulated_operating_revenue": 256250, 
        "long_term_average": 52453, 
        "date": "2014-05-31", 
        "operating_revenue": 43306, 
        "short_term_average": 47900
    }, 
    {
        "accumulated_operating_revenue_yoy": -1.459960699611868, 
        "accumulated_operating_revenue": 303390, 
        "long_term_average": 51920, 
        "date": "2014-06-30", 
        "operating_revenue": 47140, 
        "short_term_average": 46696
    }, 
    {
        "accumulated_operating_revenue_yoy": -4.0845840608232455, 
        "accumulated_operating_revenue": 345542, 
        "long_term_average": 51068, 
        "date": "2014-07-31", 
        "operating_revenue": 42152, 
        "short_term_average": 44199
    }, 
    {
        "accumulated_operating_revenue_yoy": -1.2826796787935983, 
        "accumulated_operating_revenue": 404819, 
        "long_term_average": 51856, 
        "date": "2014-08-31", 
        "operating_revenue": 59277, 
        "short_term_average": 49523
    }, 
    {
        "accumulated_operating_revenue_yoy": 2.7805005975872947, 
        "accumulated_operating_revenue": 478139, 
        "long_term_average": 53372, 
        "date": "2014-09-30", 
        "operating_revenue": 73320, 
        "short_term_average": 58249
    }, 
    {
        "accumulated_operating_revenue_yoy": 0.9080588031742205, 
        "accumulated_operating_revenue": 519065, 
        "long_term_average": 52684, 
        "date": "2014-10-31", 
        "operating_revenue": 40926, 
        "short_term_average": 57841
    }, 
    {
        "accumulated_operating_revenue_yoy": 0.035081719251049366, 
        "accumulated_operating_revenue": 567446, 
        "long_term_average": 52311, 
        "date": "2014-11-30", 
        "operating_revenue": 48381, 
        "short_term_average": 54209
    }, 
    {
        "accumulated_operating_revenue_yoy": -1.9676833349268574, 
        "accumulated_operating_revenue": 615192, 
        "long_term_average": 51266, 
        "date": "2014-12-31", 
        "operating_revenue": 47746, 
        "short_term_average": 45684
    }, 
    {
        "accumulated_operating_revenue_yoy": 18.88838906382766, 
        "accumulated_operating_revenue": 47572, 
        "long_term_average": 51895, 
        "date": "2015-01-31", 
        "operating_revenue": 47572, 
        "short_term_average": 47899
    }, 
    {
        "accumulated_operating_revenue_yoy": -31.765719819811817, 
        "accumulated_operating_revenue": 76797, 
        "long_term_average": 48286, 
        "date": "2015-02-28", 
        "operating_revenue": 29225, 
        "short_term_average": 41514
    }, 
    {
        "accumulated_operating_revenue_yoy": -27.39236134500095, 
        "accumulated_operating_revenue": 118569, 
        "long_term_average": 47538, 
        "date": "2015-03-31", 
        "operating_revenue": 41772, 
        "short_term_average": 39523
    }, 
    {
        "accumulated_operating_revenue_yoy": -24.613513411976857, 
        "accumulated_operating_revenue": 160531, 
        "long_term_average": 46898, 
        "date": "2015-04-30", 
        "operating_revenue": 41962, 
        "short_term_average": 37653
    }, 
    {
        "accumulated_operating_revenue_yoy": -20.774634146341462, 
        "accumulated_operating_revenue": 203015, 
        "long_term_average": 46829, 
        "date": "2015-05-31", 
        "operating_revenue": 42484, 
        "short_term_average": 42072
    }, 
    {
        "accumulated_operating_revenue_yoy": -19.674016941889978, 
        "accumulated_operating_revenue": 243701, 
        "long_term_average": 46291, 
        "date": "2015-06-30", 
        "operating_revenue": 40686, 
        "short_term_average": 41710
    }, 
    {
        "accumulated_operating_revenue_yoy": -18.076239646699968, 
        "accumulated_operating_revenue": 283081, 
        "long_term_average": 46060, 
        "date": "2015-07-31", 
        "operating_revenue": 39380, 
        "short_term_average": 40850
    }, 
    {
        "accumulated_operating_revenue_yoy": -19.765376625109, 
        "accumulated_operating_revenue": 324805, 
        "long_term_average": 44598, 
        "date": "2015-08-31", 
        "operating_revenue": 41724, 
        "short_term_average": 40596
    }
]