[
    {
        "date": "2012-01-31", 
        "operating_revenue": 8844488, 
        "accumulated_operating_revenue": 8844488, 
        "long_term_average": 8844488, 
        "short_term_average": 8844488
    }, 
    {
        "date": "2012-02-29", 
        "operating_revenue": 8442542, 
        "accumulated_operating_revenue": 17287030, 
        "long_term_average": 8643515, 
        "short_term_average": 8643515
    }, 
    {
        "date": "2012-03-31", 
        "operating_revenue": 8982404, 
        "accumulated_operating_revenue": 26269434, 
        "long_term_average": 8756478, 
        "short_term_average": 8756478
    }, 
    {
        "date": "2012-04-30", 
        "operating_revenue": 10367739, 
        "accumulated_operating_revenue": 36637173, 
        "long_term_average": 9159293, 
        "short_term_average": 9264228
    }, 
    {
        "date": "2012-05-31", 
        "operating_revenue": 10328599, 
        "accumulated_operating_revenue": 46965772, 
        "long_term_average": 9393154, 
        "short_term_average": 9892914
    }, 
    {
        "date": "2012-06-30", 
        "operating_revenue": 9680992, 
        "accumulated_operating_revenue": 56646764, 
        "long_term_average": 9441127, 
        "short_term_average": 10125776
    }, 
    {
        "date": "2012-07-31", 
        "operating_revenue": 10357536, 
        "accumulated_operating_revenue": 67004300, 
        "long_term_average": 9572042, 
        "short_term_average": 10122375
    }, 
    {
        "date": "2012-08-31", 
        "operating_revenue": 10354681, 
        "accumulated_operating_revenue": 77358981, 
        "long_term_average": 9669872, 
        "short_term_average": 10131069
    }, 
    {
        "date": "2012-09-30", 
        "operating_revenue": 9461429, 
        "accumulated_operating_revenue": 86820410, 
        "long_term_average": 9646712, 
        "short_term_average": 10057882
    }, 
    {
        "date": "2012-10-31", 
        "operating_revenue": 10053032, 
        "accumulated_operating_revenue": 96873442, 
        "long_term_average": 9687344, 
        "short_term_average": 9956380
    }, 
    {
        "date": "2012-11-30", 
        "operating_revenue": 10089726, 
        "accumulated_operating_revenue": 106963168, 
        "long_term_average": 9723924, 
        "short_term_average": 9868062
    }, 
    {
        "date": "2012-12-31", 
        "operating_revenue": 8711595, 
        "accumulated_operating_revenue": 115674763, 
        "long_term_average": 9639563, 
        "short_term_average": 9618117
    }, 
    {
        "accumulated_operating_revenue_yoy": 6.870131996334893, 
        "accumulated_operating_revenue": 9452116, 
        "long_term_average": 9690199, 
        "date": "2013-01-31", 
        "operating_revenue": 9452116, 
        "short_term_average": 9417812
    }, 
    {
        "accumulated_operating_revenue_yoy": 5.181578327798355, 
        "accumulated_operating_revenue": 18182771, 
        "long_term_average": 9714208, 
        "date": "2013-02-28", 
        "operating_revenue": 8730655, 
        "short_term_average": 8964788
    }, 
    {
        "accumulated_operating_revenue_yoy": 5.755670259206956, 
        "accumulated_operating_revenue": 27781416, 
        "long_term_average": 9765562, 
        "date": "2013-03-31", 
        "operating_revenue": 9598645, 
        "short_term_average": 9260472
    }, 
    {
        "accumulated_operating_revenue_yoy": 3.8894103537955833, 
        "accumulated_operating_revenue": 38062143, 
        "long_term_average": 9758311, 
        "date": "2013-04-30", 
        "operating_revenue": 10280727, 
        "short_term_average": 9536675
    }, 
    {
        "accumulated_operating_revenue_yoy": 4.17214902801981, 
        "accumulated_operating_revenue": 48925254, 
        "long_term_average": 9802853, 
        "date": "2013-05-31", 
        "operating_revenue": 10863111, 
        "short_term_average": 10247494
    }, 
    {
        "accumulated_operating_revenue_yoy": 5.365453885415238, 
        "accumulated_operating_revenue": 59686120, 
        "long_term_average": 9892843, 
        "date": "2013-06-30", 
        "operating_revenue": 10760866, 
        "short_term_average": 10634901
    }, 
    {
        "accumulated_operating_revenue_yoy": 6.327462565835328, 
        "accumulated_operating_revenue": 71243972, 
        "long_term_average": 9992869, 
        "date": "2013-07-31", 
        "operating_revenue": 11557852, 
        "short_term_average": 11060609
    }, 
    {
        "accumulated_operating_revenue_yoy": 6.312642613531841, 
        "accumulated_operating_revenue": 82242377, 
        "long_term_average": 10046513, 
        "date": "2013-08-31", 
        "operating_revenue": 10998405, 
        "short_term_average": 11105707
    }, 
    {
        "accumulated_operating_revenue_yoy": 7.224662956555952, 
        "accumulated_operating_revenue": 93092892, 
        "long_term_average": 10162270, 
        "date": "2013-09-30", 
        "operating_revenue": 10850515, 
        "short_term_average": 11135590
    }, 
    {
        "accumulated_operating_revenue_yoy": 6.903130374989669, 
        "accumulated_operating_revenue": 103560742, 
        "long_term_average": 10196838, 
        "date": "2013-10-31", 
        "operating_revenue": 10467850, 
        "short_term_average": 10772256
    }, 
    {
        "accumulated_operating_revenue_yoy": 6.4910091294229435, 
        "accumulated_operating_revenue": 113906157, 
        "long_term_average": 10218146, 
        "date": "2013-11-30", 
        "operating_revenue": 10345415, 
        "short_term_average": 10554593
    }, 
    {
        "accumulated_operating_revenue_yoy": 7.034268140233839, 
        "accumulated_operating_revenue": 123811636, 
        "long_term_average": 10317636, 
        "date": "2013-12-31", 
        "operating_revenue": 9905479, 
        "short_term_average": 10239581
    }, 
    {
        "accumulated_operating_revenue_yoy": 6.4588923792302175, 
        "accumulated_operating_revenue": 10062618, 
        "long_term_average": 10368511, 
        "date": "2014-01-31", 
        "operating_revenue": 10062618, 
        "short_term_average": 10104504
    }, 
    {
        "accumulated_operating_revenue_yoy": 12.216966269882628, 
        "accumulated_operating_revenue": 20404154, 
        "long_term_average": 10502751, 
        "date": "2014-02-28", 
        "operating_revenue": 10341536, 
        "short_term_average": 10103211
    }, 
    {
        "accumulated_operating_revenue_yoy": 14.081964000683048, 
        "accumulated_operating_revenue": 31693585, 
        "long_term_average": 10643650, 
        "date": "2014-03-31", 
        "operating_revenue": 11289431, 
        "short_term_average": 10564528
    }, 
    {
        "accumulated_operating_revenue_yoy": 13.557255564932328, 
        "accumulated_operating_revenue": 43222325, 
        "long_term_average": 10747651, 
        "date": "2014-04-30", 
        "operating_revenue": 11528740, 
        "short_term_average": 11053235
    }, 
    {
        "accumulated_operating_revenue_yoy": 12.727752011261915, 
        "accumulated_operating_revenue": 55152339, 
        "long_term_average": 10836560, 
        "date": "2014-05-31", 
        "operating_revenue": 11930014, 
        "short_term_average": 11582728
    }, 
    {
        "accumulated_operating_revenue_yoy": 13.197064912244254, 
        "accumulated_operating_revenue": 67562936, 
        "long_term_average": 10974037, 
        "date": "2014-06-30", 
        "operating_revenue": 12410597, 
        "short_term_average": 11956450
    }, 
    {
        "accumulated_operating_revenue_yoy": 11.033859819045462, 
        "accumulated_operating_revenue": 79104932, 
        "long_term_average": 10972716, 
        "date": "2014-07-31", 
        "operating_revenue": 11541996, 
        "short_term_average": 11960869
    }, 
    {
        "accumulated_operating_revenue_yoy": 10.065335295452368, 
        "accumulated_operating_revenue": 90520348, 
        "long_term_average": 11007467, 
        "date": "2014-08-31", 
        "operating_revenue": 11415416, 
        "short_term_average": 11789336
    }, 
    {
        "accumulated_operating_revenue_yoy": 10.402398928588447, 
        "accumulated_operating_revenue": 102776786, 
        "long_term_average": 11124627, 
        "date": "2014-09-30", 
        "operating_revenue": 12256438, 
        "short_term_average": 11737950
    }, 
    {
        "accumulated_operating_revenue_yoy": 12.274672578147422, 
        "accumulated_operating_revenue": 116272484, 
        "long_term_average": 11376948, 
        "date": "2014-10-31", 
        "operating_revenue": 13495698, 
        "short_term_average": 12389184
    }, 
    {
        "accumulated_operating_revenue_yoy": 12.20440436771122, 
        "accumulated_operating_revenue": 127807725, 
        "long_term_average": 11476100, 
        "date": "2014-11-30", 
        "operating_revenue": 11535241, 
        "short_term_average": 12429125
    }, 
    {
        "accumulated_operating_revenue_yoy": 13.084747543437677, 
        "accumulated_operating_revenue": 140012076, 
        "long_term_average": 11667673, 
        "date": "2014-12-31", 
        "operating_revenue": 12204351, 
        "short_term_average": 12411763
    }, 
    {
        "accumulated_operating_revenue_yoy": 28.031134641104334, 
        "accumulated_operating_revenue": 12883284, 
        "long_term_average": 11902728, 
        "date": "2015-01-31", 
        "operating_revenue": 12883284, 
        "short_term_average": 12207625
    }, 
    {
        "accumulated_operating_revenue_yoy": 22.22745427230161, 
        "accumulated_operating_revenue": 24939478, 
        "long_term_average": 12045616, 
        "date": "2015-02-28", 
        "operating_revenue": 12056194, 
        "short_term_average": 12381276
    }, 
    {
        "accumulated_operating_revenue_yoy": 18.792632641589773, 
        "accumulated_operating_revenue": 37649644, 
        "long_term_average": 12164011, 
        "date": "2015-03-31", 
        "operating_revenue": 12710166, 
        "short_term_average": 12549881
    }, 
    {
        "accumulated_operating_revenue_yoy": 17.231446943217424, 
        "accumulated_operating_revenue": 50670157, 
        "long_term_average": 12288325, 
        "date": "2015-04-30", 
        "operating_revenue": 13020513, 
        "short_term_average": 12595624
    }, 
    {
        "accumulated_operating_revenue_yoy": 15.319154460520704, 
        "accumulated_operating_revenue": 63601211, 
        "long_term_average": 12371745, 
        "date": "2015-05-31", 
        "operating_revenue": 12931054, 
        "short_term_average": 12887244
    }, 
    {
        "accumulated_operating_revenue_yoy": 11.986249383833764, 
        "accumulated_operating_revenue": 75661198, 
        "long_term_average": 12342528, 
        "date": "2015-06-30", 
        "operating_revenue": 12059987, 
        "short_term_average": 12670518
    }, 
    {
        "accumulated_operating_revenue_yoy": 11.706217003005577, 
        "accumulated_operating_revenue": 88365127, 
        "long_term_average": 12439355, 
        "date": "2015-07-31", 
        "operating_revenue": 12703929, 
        "short_term_average": 12564990
    }, 
    {
        "accumulated_operating_revenue_yoy": 11.086606737305075, 
        "accumulated_operating_revenue": 100555983, 
        "long_term_average": 12503975, 
        "date": "2015-08-31", 
        "operating_revenue": 12190856, 
        "short_term_average": 12318257
    }, 
    {
        "accumulated_operating_revenue_yoy": 7.982593462301886, 
        "accumulated_operating_revenue": 110981039, 
        "long_term_average": 12351360, 
        "date": "2015-09-30", 
        "operating_revenue": 10425056, 
        "short_term_average": 11773280
    }
]