[
    {
        "date": "2011-09-30", 
        "operating_revenue": 80471, 
        "accumulated_operating_revenue": 80471, 
        "long_term_average": 80471, 
        "short_term_average": 80471
    }, 
    {
        "date": "2011-10-31", 
        "operating_revenue": 64427, 
        "accumulated_operating_revenue": 144898, 
        "long_term_average": 72449, 
        "short_term_average": 72449
    }, 
    {
        "date": "2011-11-30", 
        "operating_revenue": 60895, 
        "accumulated_operating_revenue": 205793, 
        "long_term_average": 68597, 
        "short_term_average": 68597
    }, 
    {
        "date": "2011-12-31", 
        "operating_revenue": 83703, 
        "accumulated_operating_revenue": 289496, 
        "long_term_average": 72374, 
        "short_term_average": 69675
    }, 
    {
        "date": "2012-01-31", 
        "operating_revenue": 34597, 
        "accumulated_operating_revenue": 34597, 
        "long_term_average": 64818, 
        "short_term_average": 59731
    }, 
    {
        "date": "2012-02-29", 
        "operating_revenue": 73490, 
        "accumulated_operating_revenue": 108087, 
        "long_term_average": 66263, 
        "short_term_average": 63930
    }, 
    {
        "date": "2012-03-31", 
        "operating_revenue": 83427, 
        "accumulated_operating_revenue": 191514, 
        "long_term_average": 68715, 
        "short_term_average": 63838
    }, 
    {
        "date": "2012-04-30", 
        "operating_revenue": 77432, 
        "accumulated_operating_revenue": 268946, 
        "long_term_average": 69805, 
        "short_term_average": 78116
    }, 
    {
        "date": "2012-05-31", 
        "operating_revenue": 65901, 
        "accumulated_operating_revenue": 334847, 
        "long_term_average": 69371, 
        "short_term_average": 75586
    }, 
    {
        "date": "2012-06-30", 
        "operating_revenue": 67886, 
        "accumulated_operating_revenue": 402733, 
        "long_term_average": 69222, 
        "short_term_average": 70406
    }, 
    {
        "date": "2012-07-31", 
        "operating_revenue": 58720, 
        "accumulated_operating_revenue": 461453, 
        "long_term_average": 68268, 
        "short_term_average": 64169
    }, 
    {
        "date": "2012-08-31", 
        "operating_revenue": 57803, 
        "accumulated_operating_revenue": 519256, 
        "long_term_average": 67396, 
        "short_term_average": 61469
    }, 
    {
        "accumulated_operating_revenue_yoy": 631.656124566614, 
        "accumulated_operating_revenue": 588771, 
        "long_term_average": 66483, 
        "date": "2012-09-30", 
        "operating_revenue": 69515, 
        "short_term_average": 62012
    }, 
    {
        "accumulated_operating_revenue_yoy": 338.72655247139363, 
        "accumulated_operating_revenue": 635706, 
        "long_term_average": 65025, 
        "date": "2012-10-31", 
        "operating_revenue": 46935, 
        "short_term_average": 58084
    }, 
    {
        "accumulated_operating_revenue_yoy": 240.58933005495814, 
        "accumulated_operating_revenue": 700909, 
        "long_term_average": 65384, 
        "date": "2012-11-30", 
        "operating_revenue": 65203, 
        "short_term_average": 60551
    }, 
    {
        "accumulated_operating_revenue_yoy": 169.82583524470115, 
        "accumulated_operating_revenue": 781135, 
        "long_term_average": 65094, 
        "date": "2012-12-31", 
        "operating_revenue": 80226, 
        "short_term_average": 64121
    }, 
    {
        "accumulated_operating_revenue_yoy": 55.12905743272538, 
        "accumulated_operating_revenue": 53670, 
        "long_term_average": 66684, 
        "date": "2013-01-31", 
        "operating_revenue": 53670, 
        "short_term_average": 66366
    }, 
    {
        "accumulated_operating_revenue_yoy": -25.568292209053816, 
        "accumulated_operating_revenue": 80451, 
        "long_term_average": 62791, 
        "date": "2013-02-28", 
        "operating_revenue": 26781, 
        "short_term_average": 53559
    }, 
    {
        "accumulated_operating_revenue_yoy": -18.21485635514897, 
        "accumulated_operating_revenue": 156630, 
        "long_term_average": 62187, 
        "date": "2013-03-31", 
        "operating_revenue": 76179, 
        "short_term_average": 52210
    }, 
    {
        "accumulated_operating_revenue_yoy": -21.900678946703056, 
        "accumulated_operating_revenue": 210045, 
        "long_term_average": 60186, 
        "date": "2013-04-30", 
        "operating_revenue": 53415, 
        "short_term_average": 52125
    }, 
    {
        "accumulated_operating_revenue_yoy": -18.713322801159933, 
        "accumulated_operating_revenue": 272186, 
        "long_term_average": 59872, 
        "date": "2013-05-31", 
        "operating_revenue": 62141, 
        "short_term_average": 63911
    }, 
    {
        "accumulated_operating_revenue_yoy": -13.969553028929838, 
        "accumulated_operating_revenue": 346473, 
        "long_term_average": 60406, 
        "date": "2013-06-30", 
        "operating_revenue": 74287, 
        "short_term_average": 63281
    }, 
    {
        "accumulated_operating_revenue_yoy": -12.727840105059455, 
        "accumulated_operating_revenue": 402720, 
        "long_term_average": 60200, 
        "date": "2013-07-31", 
        "operating_revenue": 56247, 
        "short_term_average": 64225
    }, 
    {
        "accumulated_operating_revenue_yoy": -9.90474833222919, 
        "accumulated_operating_revenue": 467825, 
        "long_term_average": 60808, 
        "date": "2013-08-31", 
        "operating_revenue": 65105, 
        "short_term_average": 65213
    }, 
    {
        "accumulated_operating_revenue_yoy": -11.925519429455594, 
        "accumulated_operating_revenue": 518557, 
        "long_term_average": 59243, 
        "date": "2013-09-30", 
        "operating_revenue": 50732, 
        "short_term_average": 57361
    }, 
    {
        "accumulated_operating_revenue_yoy": -10.999738873001041, 
        "accumulated_operating_revenue": 565780, 
        "long_term_average": 59267, 
        "date": "2013-10-31", 
        "operating_revenue": 47223, 
        "short_term_average": 54353
    }, 
    {
        "accumulated_operating_revenue_yoy": -10.5784060412978, 
        "accumulated_operating_revenue": 626764, 
        "long_term_average": 58915, 
        "date": "2013-11-30", 
        "operating_revenue": 60984, 
        "short_term_average": 52979
    }, 
    {
        "accumulated_operating_revenue_yoy": -9.486964481171627, 
        "accumulated_operating_revenue": 707029, 
        "long_term_average": 58919, 
        "date": "2013-12-31", 
        "operating_revenue": 80265, 
        "short_term_average": 62824
    }, 
    {
        "accumulated_operating_revenue_yoy": 20.82355133221539, 
        "accumulated_operating_revenue": 64846, 
        "long_term_average": 59850, 
        "date": "2014-01-31", 
        "operating_revenue": 64846, 
        "short_term_average": 68698
    }, 
    {
        "accumulated_operating_revenue_yoy": 46.14858733887708, 
        "accumulated_operating_revenue": 117578, 
        "long_term_average": 62013, 
        "date": "2014-02-28", 
        "operating_revenue": 52732, 
        "short_term_average": 65947
    }, 
    {
        "accumulated_operating_revenue_yoy": 19.843580412436953, 
        "accumulated_operating_revenue": 187711, 
        "long_term_average": 61509, 
        "date": "2014-03-31", 
        "operating_revenue": 70133, 
        "short_term_average": 62570
    }, 
    {
        "accumulated_operating_revenue_yoy": 17.62384250993835, 
        "accumulated_operating_revenue": 247063, 
        "long_term_average": 62003, 
        "date": "2014-04-30", 
        "operating_revenue": 59352, 
        "short_term_average": 60739
    }, 
    {
        "accumulated_operating_revenue_yoy": 14.477599876555002, 
        "accumulated_operating_revenue": 311592, 
        "long_term_average": 62202, 
        "date": "2014-05-31", 
        "operating_revenue": 64529, 
        "short_term_average": 64671
    }, 
    {
        "accumulated_operating_revenue_yoy": 11.231466809823566, 
        "accumulated_operating_revenue": 385387, 
        "long_term_average": 62161, 
        "date": "2014-06-30", 
        "operating_revenue": 73795, 
        "short_term_average": 65892
    }, 
    {
        "accumulated_operating_revenue_yoy": 9.666765991259437, 
        "accumulated_operating_revenue": 441650, 
        "long_term_average": 62163, 
        "date": "2014-07-31", 
        "operating_revenue": 56263, 
        "short_term_average": 64862
    }, 
    {
        "accumulated_operating_revenue_yoy": 7.013947523112275, 
        "accumulated_operating_revenue": 500638, 
        "long_term_average": 61653, 
        "date": "2014-08-31", 
        "operating_revenue": 58988, 
        "short_term_average": 63015
    }, 
    {
        "accumulated_operating_revenue_yoy": 7.805120748538734, 
        "accumulated_operating_revenue": 559031, 
        "long_term_average": 62291, 
        "date": "2014-09-30", 
        "operating_revenue": 58393, 
        "short_term_average": 57881
    }, 
    {
        "accumulated_operating_revenue_yoy": 8.978578245961327, 
        "accumulated_operating_revenue": 616579, 
        "long_term_average": 63152, 
        "date": "2014-10-31", 
        "operating_revenue": 57548, 
        "short_term_average": 58309
    }, 
    {
        "accumulated_operating_revenue_yoy": 11.448806887440886, 
        "accumulated_operating_revenue": 698521, 
        "long_term_average": 64898, 
        "date": "2014-11-30", 
        "operating_revenue": 81942, 
        "short_term_average": 65961
    }, 
    {
        "accumulated_operating_revenue_yoy": 12.970047904682836, 
        "accumulated_operating_revenue": 798731, 
        "long_term_average": 66560, 
        "date": "2014-12-31", 
        "operating_revenue": 100210, 
        "short_term_average": 79900
    }, 
    {
        "accumulated_operating_revenue_yoy": 10.006785306726707, 
        "accumulated_operating_revenue": 71335, 
        "long_term_average": 67101, 
        "date": "2015-01-31", 
        "operating_revenue": 71335, 
        "short_term_average": 84495
    }, 
    {
        "accumulated_operating_revenue_yoy": -6.064059602986953, 
        "accumulated_operating_revenue": 110448, 
        "long_term_average": 65966, 
        "date": "2015-02-28", 
        "operating_revenue": 39113, 
        "short_term_average": 70219
    }, 
    {
        "accumulated_operating_revenue_yoy": 5.203744053358621, 
        "accumulated_operating_revenue": 197479, 
        "long_term_average": 67374, 
        "date": "2015-03-31", 
        "operating_revenue": 87031, 
        "short_term_average": 65826
    }, 
    {
        "accumulated_operating_revenue_yoy": 4.171000918793992, 
        "accumulated_operating_revenue": 257368, 
        "long_term_average": 67419, 
        "date": "2015-04-30", 
        "operating_revenue": 59889, 
        "short_term_average": 62011
    }, 
    {
        "accumulated_operating_revenue_yoy": 0.9197925492310457, 
        "accumulated_operating_revenue": 314458, 
        "long_term_average": 66799, 
        "date": "2015-05-31", 
        "operating_revenue": 57090, 
        "short_term_average": 68003
    }, 
    {
        "accumulated_operating_revenue_yoy": 1.2301919888320052, 
        "accumulated_operating_revenue": 390128, 
        "long_term_average": 66956, 
        "date": "2015-06-30", 
        "operating_revenue": 75670, 
        "short_term_average": 64216
    }, 
    {
        "accumulated_operating_revenue_yoy": 2.327408581455904, 
        "accumulated_operating_revenue": 451929, 
        "long_term_average": 67417, 
        "date": "2015-07-31", 
        "operating_revenue": 61801, 
        "short_term_average": 64853
    }, 
    {
        "accumulated_operating_revenue_yoy": 1.6650753638357454, 
        "accumulated_operating_revenue": 508974, 
        "long_term_average": 67255, 
        "date": "2015-08-31", 
        "operating_revenue": 57045, 
        "short_term_average": 64838
    }
]