[
    {
        "date": "2011-09-30", 
        "operating_revenue": 14716638, 
        "accumulated_operating_revenue": 14716638, 
        "long_term_average": 14716638, 
        "short_term_average": 14716638
    }, 
    {
        "date": "2011-10-31", 
        "operating_revenue": 15183584, 
        "accumulated_operating_revenue": 29900222, 
        "long_term_average": 14950111, 
        "short_term_average": 14950111
    }, 
    {
        "date": "2011-11-30", 
        "operating_revenue": 14958750, 
        "accumulated_operating_revenue": 44858972, 
        "long_term_average": 14952990, 
        "short_term_average": 14952990
    }, 
    {
        "date": "2011-12-31", 
        "operating_revenue": 13440831, 
        "accumulated_operating_revenue": 58299803, 
        "long_term_average": 14574950, 
        "short_term_average": 14527721
    }, 
    {
        "date": "2012-01-31", 
        "operating_revenue": 11499020, 
        "accumulated_operating_revenue": 11499020, 
        "long_term_average": 13959764, 
        "short_term_average": 13299533
    }, 
    {
        "date": "2012-02-29", 
        "operating_revenue": 12291909, 
        "accumulated_operating_revenue": 23790929, 
        "long_term_average": 13681788, 
        "short_term_average": 12410586
    }, 
    {
        "date": "2012-03-31", 
        "operating_revenue": 14656273, 
        "accumulated_operating_revenue": 38447202, 
        "long_term_average": 13821000, 
        "short_term_average": 12815734
    }, 
    {
        "date": "2012-04-30", 
        "operating_revenue": 14208570, 
        "accumulated_operating_revenue": 52655772, 
        "long_term_average": 13869446, 
        "short_term_average": 13718917
    }, 
    {
        "date": "2012-05-31", 
        "operating_revenue": 14889390, 
        "accumulated_operating_revenue": 67545162, 
        "long_term_average": 13982773, 
        "short_term_average": 14584744
    }, 
    {
        "date": "2012-06-30", 
        "operating_revenue": 15200290, 
        "accumulated_operating_revenue": 82745452, 
        "long_term_average": 14104525, 
        "short_term_average": 14766083
    }, 
    {
        "date": "2012-07-31", 
        "operating_revenue": 15694640, 
        "accumulated_operating_revenue": 98440092, 
        "long_term_average": 14249081, 
        "short_term_average": 15261440
    }, 
    {
        "date": "2012-08-31", 
        "operating_revenue": 16034145, 
        "accumulated_operating_revenue": 114474237, 
        "long_term_average": 14397836, 
        "short_term_average": 15643025
    }, 
    {
        "accumulated_operating_revenue_yoy": 779.5795276067809, 
        "accumulated_operating_revenue": 129444535, 
        "long_term_average": 14418975, 
        "date": "2012-09-30", 
        "operating_revenue": 14970298, 
        "short_term_average": 15566361
    }, 
    {
        "accumulated_operating_revenue_yoy": 380.66536763506303, 
        "accumulated_operating_revenue": 143720012, 
        "long_term_average": 14343299, 
        "date": "2012-10-31", 
        "operating_revenue": 14275477, 
        "short_term_average": 15093306
    }, 
    {
        "accumulated_operating_revenue_yoy": 252.9135776896537, 
        "accumulated_operating_revenue": 158313403, 
        "long_term_average": 14312852, 
        "date": "2012-11-30", 
        "operating_revenue": 14593391, 
        "short_term_average": 14613055
    }, 
    {
        "accumulated_operating_revenue_yoy": 194.61493034547647, 
        "accumulated_operating_revenue": 171759924, 
        "long_term_average": 14313327, 
        "date": "2012-12-31", 
        "operating_revenue": 13446521, 
        "short_term_average": 14105129
    }, 
    {
        "accumulated_operating_revenue_yoy": 25.242942442051586, 
        "accumulated_operating_revenue": 14401711, 
        "long_term_average": 14555217, 
        "date": "2013-01-31", 
        "operating_revenue": 14401711, 
        "short_term_average": 14147207
    }, 
    {
        "accumulated_operating_revenue_yoy": 3.994287066301614, 
        "accumulated_operating_revenue": 24741207, 
        "long_term_average": 14392516, 
        "date": "2013-02-28", 
        "operating_revenue": 10339496, 
        "short_term_average": 12729242
    }, 
    {
        "accumulated_operating_revenue_yoy": 0.997206506730971, 
        "accumulated_operating_revenue": 38830600, 
        "long_term_average": 14345276, 
        "date": "2013-03-31", 
        "operating_revenue": 14089393, 
        "short_term_average": 12943533
    }, 
    {
        "accumulated_operating_revenue_yoy": 1.0755459059644972, 
        "accumulated_operating_revenue": 53222109, 
        "long_term_average": 14360521, 
        "date": "2013-04-30", 
        "operating_revenue": 14391509, 
        "short_term_average": 12940132
    }, 
    {
        "accumulated_operating_revenue_yoy": 0.8246719431955762, 
        "accumulated_operating_revenue": 68102188, 
        "long_term_average": 14359745, 
        "date": "2013-05-31", 
        "operating_revenue": 14880079, 
        "short_term_average": 14453660
    }, 
    {
        "accumulated_operating_revenue_yoy": -0.568919485750105, 
        "accumulated_operating_revenue": 82274697, 
        "long_term_average": 14274097, 
        "date": "2013-06-30", 
        "operating_revenue": 14172509, 
        "short_term_average": 14481365
    }, 
    {
        "accumulated_operating_revenue_yoy": -1.4217449126317354, 
        "accumulated_operating_revenue": 97040525, 
        "long_term_average": 14196696, 
        "date": "2013-07-31", 
        "operating_revenue": 14765828, 
        "short_term_average": 14606138
    }, 
    {
        "accumulated_operating_revenue_yoy": -1.7666927100811338, 
        "accumulated_operating_revenue": 112451829, 
        "long_term_average": 14144793, 
        "date": "2013-08-31", 
        "operating_revenue": 15411304, 
        "short_term_average": 14783213
    }, 
    {
        "accumulated_operating_revenue_yoy": -0.7952193578508355, 
        "accumulated_operating_revenue": 128415167, 
        "long_term_average": 14227546, 
        "date": "2013-09-30", 
        "operating_revenue": 15963338, 
        "short_term_average": 15380156
    }, 
    {
        "accumulated_operating_revenue_yoy": 0.6131546941423858, 
        "accumulated_operating_revenue": 144601238, 
        "long_term_average": 14386762, 
        "date": "2013-10-31", 
        "operating_revenue": 16186071, 
        "short_term_average": 15853571
    }, 
    {
        "accumulated_operating_revenue_yoy": 1.5800045685329625, 
        "accumulated_operating_revenue": 160814762, 
        "long_term_average": 14521773, 
        "date": "2013-11-30", 
        "operating_revenue": 16213524, 
        "short_term_average": 16120977
    }, 
    {
        "accumulated_operating_revenue_yoy": 3.0817421647205667, 
        "accumulated_operating_revenue": 177053122, 
        "long_term_average": 14754426, 
        "date": "2013-12-31", 
        "operating_revenue": 16238360, 
        "short_term_average": 16212651
    }, 
    {
        "accumulated_operating_revenue_yoy": 2.3735860273824407, 
        "accumulated_operating_revenue": 14743548, 
        "long_term_average": 14782913, 
        "date": "2014-01-31", 
        "operating_revenue": 14743548, 
        "short_term_average": 15731810
    }, 
    {
        "accumulated_operating_revenue_yoy": 11.890191937685174, 
        "accumulated_operating_revenue": 27682984, 
        "long_term_average": 14999574, 
        "date": "2014-02-28", 
        "operating_revenue": 12939436, 
        "short_term_average": 14640448
    }, 
    {
        "accumulated_operating_revenue_yoy": 10.829078098200903, 
        "accumulated_operating_revenue": 43035596, 
        "long_term_average": 15104843, 
        "date": "2014-03-31", 
        "operating_revenue": 15352612, 
        "short_term_average": 14345198
    }, 
    {
        "accumulated_operating_revenue_yoy": 11.32666125650902, 
        "accumulated_operating_revenue": 59250397, 
        "long_term_average": 15256784, 
        "date": "2014-04-30", 
        "operating_revenue": 16214801, 
        "short_term_average": 14835616
    }, 
    {
        "accumulated_operating_revenue_yoy": 10.322006100596944, 
        "accumulated_operating_revenue": 75131700, 
        "long_term_average": 15340219, 
        "date": "2014-05-31", 
        "operating_revenue": 15881303, 
        "short_term_average": 15816238
    }, 
    {
        "accumulated_operating_revenue_yoy": 10.181972472046905, 
        "accumulated_operating_revenue": 90651884, 
        "long_term_average": 15452525, 
        "date": "2014-06-30", 
        "operating_revenue": 15520184, 
        "short_term_average": 15872096
    }, 
    {
        "accumulated_operating_revenue_yoy": 10.488694285196829, 
        "accumulated_operating_revenue": 107218809, 
        "long_term_average": 15602617, 
        "date": "2014-07-31", 
        "operating_revenue": 16566925, 
        "short_term_average": 15989470
    }, 
    {
        "accumulated_operating_revenue_yoy": 9.98328982270266, 
        "accumulated_operating_revenue": 123678221, 
        "long_term_average": 15689959, 
        "date": "2014-08-31", 
        "operating_revenue": 16459412, 
        "short_term_average": 16182173
    }, 
    {
        "accumulated_operating_revenue_yoy": 9.900957415723331, 
        "accumulated_operating_revenue": 141129498, 
        "long_term_average": 15813954, 
        "date": "2014-09-30", 
        "operating_revenue": 17451277, 
        "short_term_average": 16825871
    }, 
    {
        "accumulated_operating_revenue_yoy": 9.00617877144316, 
        "accumulated_operating_revenue": 157624284, 
        "long_term_average": 15839680, 
        "date": "2014-10-31", 
        "operating_revenue": 16494786, 
        "short_term_average": 16801825
    }, 
    {
        "accumulated_operating_revenue_yoy": 8.46103543653536, 
        "accumulated_operating_revenue": 174421356, 
        "long_term_average": 15888309, 
        "date": "2014-11-30", 
        "operating_revenue": 16797072, 
        "short_term_average": 16914378
    }, 
    {
        "accumulated_operating_revenue_yoy": 7.683974078694868, 
        "accumulated_operating_revenue": 190657838, 
        "long_term_average": 15888153, 
        "date": "2014-12-31", 
        "operating_revenue": 16236482, 
        "short_term_average": 16509446
    }, 
    {
        "accumulated_operating_revenue_yoy": 13.846755204378214, 
        "accumulated_operating_revenue": 16785051, 
        "long_term_average": 16058278, 
        "date": "2015-01-31", 
        "operating_revenue": 16785051, 
        "short_term_average": 16606201
    }, 
    {
        "accumulated_operating_revenue_yoy": 2.799824614282911, 
        "accumulated_operating_revenue": 28458059, 
        "long_term_average": 15952742, 
        "date": "2015-02-28", 
        "operating_revenue": 11673008, 
        "short_term_average": 14898180
    }, 
    {
        "accumulated_operating_revenue_yoy": 0.38895476200678153, 
        "accumulated_operating_revenue": 43202985, 
        "long_term_average": 15902102, 
        "date": "2015-03-31", 
        "operating_revenue": 14744926, 
        "short_term_average": 14400995
    }, 
    {
        "accumulated_operating_revenue_yoy": -0.8960412535294912, 
        "accumulated_operating_revenue": 58719489, 
        "long_term_average": 15843910, 
        "date": "2015-04-30", 
        "operating_revenue": 15516504, 
        "short_term_average": 13978146
    }, 
    {
        "accumulated_operating_revenue_yoy": -0.33099610417440306, 
        "accumulated_operating_revenue": 74883017, 
        "long_term_average": 15867429, 
        "date": "2015-05-31", 
        "operating_revenue": 16163528, 
        "short_term_average": 15474986
    }, 
    {
        "accumulated_operating_revenue_yoy": 1.4157322974114912, 
        "accumulated_operating_revenue": 91935272, 
        "long_term_average": 15995102, 
        "date": "2015-06-30", 
        "operating_revenue": 17052255, 
        "short_term_average": 16244095
    }, 
    {
        "accumulated_operating_revenue_yoy": 2.5553389610959028, 
        "accumulated_operating_revenue": 109958613, 
        "long_term_average": 16116470, 
        "date": "2015-07-31", 
        "operating_revenue": 18023341, 
        "short_term_average": 17079708
    }, 
    {
        "accumulated_operating_revenue_yoy": 3.628626741000746, 
        "accumulated_operating_revenue": 128166042, 
        "long_term_average": 16262138, 
        "date": "2015-08-31", 
        "operating_revenue": 18207429, 
        "short_term_average": 17761008
    }
]