[
    {
        "date": "2011-09-30", 
        "operating_revenue": 15425096, 
        "accumulated_operating_revenue": 15425096, 
        "long_term_average": 15425096, 
        "short_term_average": 15425096
    }, 
    {
        "date": "2011-10-31", 
        "operating_revenue": 15733094, 
        "accumulated_operating_revenue": 31158190, 
        "long_term_average": 15579095, 
        "short_term_average": 15579095
    }, 
    {
        "date": "2011-11-30", 
        "operating_revenue": 15717114, 
        "accumulated_operating_revenue": 46875304, 
        "long_term_average": 15625101, 
        "short_term_average": 15625101
    }, 
    {
        "date": "2011-12-31", 
        "operating_revenue": 14939513, 
        "accumulated_operating_revenue": 61814817, 
        "long_term_average": 15453704, 
        "short_term_average": 15463240
    }, 
    {
        "date": "2012-01-31", 
        "operating_revenue": 13554915, 
        "accumulated_operating_revenue": 13554915, 
        "long_term_average": 15073946, 
        "short_term_average": 14737180
    }, 
    {
        "date": "2012-02-29", 
        "operating_revenue": 14180255, 
        "accumulated_operating_revenue": 27735170, 
        "long_term_average": 14924997, 
        "short_term_average": 14224894
    }, 
    {
        "date": "2012-03-31", 
        "operating_revenue": 15365459, 
        "accumulated_operating_revenue": 43100629, 
        "long_term_average": 14987920, 
        "short_term_average": 14366876
    }, 
    {
        "date": "2012-04-30", 
        "operating_revenue": 14867308, 
        "accumulated_operating_revenue": 57967937, 
        "long_term_average": 14972844, 
        "short_term_average": 14804340
    }, 
    {
        "date": "2012-05-31", 
        "operating_revenue": 15635595, 
        "accumulated_operating_revenue": 73603532, 
        "long_term_average": 15046483, 
        "short_term_average": 15289454
    }, 
    {
        "date": "2012-06-30", 
        "operating_revenue": 15369555, 
        "accumulated_operating_revenue": 88973087, 
        "long_term_average": 15078790, 
        "short_term_average": 15290819
    }, 
    {
        "date": "2012-07-31", 
        "operating_revenue": 15680873, 
        "accumulated_operating_revenue": 104653960, 
        "long_term_average": 15133525, 
        "short_term_average": 15562007
    }, 
    {
        "date": "2012-08-31", 
        "operating_revenue": 16247215, 
        "accumulated_operating_revenue": 120901175, 
        "long_term_average": 15226332, 
        "short_term_average": 15765881
    }, 
    {
        "accumulated_operating_revenue_yoy": 794.4155744638477, 
        "accumulated_operating_revenue": 137964461, 
        "long_term_average": 15362848, 
        "date": "2012-09-30", 
        "operating_revenue": 17063286, 
        "short_term_average": 16330458
    }, 
    {
        "accumulated_operating_revenue_yoy": 399.380227156969, 
        "accumulated_operating_revenue": 155597840, 
        "long_term_average": 15521205, 
        "date": "2012-10-31", 
        "operating_revenue": 17633379, 
        "short_term_average": 16981293
    }, 
    {
        "accumulated_operating_revenue_yoy": 273.26958135567503, 
        "accumulated_operating_revenue": 174971251, 
        "long_term_average": 15825897, 
        "date": "2012-11-30", 
        "operating_revenue": 19373411, 
        "short_term_average": 18023358
    }, 
    {
        "accumulated_operating_revenue_yoy": 213.79594960218031, 
        "accumulated_operating_revenue": 193972392, 
        "long_term_average": 16164366, 
        "date": "2012-12-31", 
        "operating_revenue": 19001141, 
        "short_term_average": 18669310
    }, 
    {
        "accumulated_operating_revenue_yoy": 22.516268084307427, 
        "accumulated_operating_revenue": 16606976, 
        "long_term_average": 16418704, 
        "date": "2013-01-31", 
        "operating_revenue": 16606976, 
        "short_term_average": 18327176
    }, 
    {
        "accumulated_operating_revenue_yoy": 11.920449739446342, 
        "accumulated_operating_revenue": 31041327, 
        "long_term_average": 16439879, 
        "date": "2013-02-28", 
        "operating_revenue": 14434351, 
        "short_term_average": 16680822
    }, 
    {
        "accumulated_operating_revenue_yoy": 11.807818396339414, 
        "accumulated_operating_revenue": 48189873, 
        "long_term_average": 16588469, 
        "date": "2013-03-31", 
        "operating_revenue": 17148546, 
        "short_term_average": 16063291
    }, 
    {
        "accumulated_operating_revenue_yoy": 11.969430618170868, 
        "accumulated_operating_revenue": 64906369, 
        "long_term_average": 16742568, 
        "date": "2013-04-30", 
        "operating_revenue": 16716496, 
        "short_term_average": 16099797
    }, 
    {
        "accumulated_operating_revenue_yoy": 11.876432777709635, 
        "accumulated_operating_revenue": 82345006, 
        "long_term_average": 16892822, 
        "date": "2013-05-31", 
        "operating_revenue": 17438637, 
        "short_term_average": 17101226
    }, 
    {
        "accumulated_operating_revenue_yoy": 11.213001972158166, 
        "accumulated_operating_revenue": 98949641, 
        "long_term_average": 16995745, 
        "date": "2013-06-30", 
        "operating_revenue": 16604635, 
        "short_term_average": 16919922
    }, 
    {
        "accumulated_operating_revenue_yoy": 11.30067701212644, 
        "accumulated_operating_revenue": 116480566, 
        "long_term_average": 17149916, 
        "date": "2013-07-31", 
        "operating_revenue": 17530925, 
        "short_term_average": 17191399
    }, 
    {
        "accumulated_operating_revenue_yoy": 11.916012396074729, 
        "accumulated_operating_revenue": 135307774, 
        "long_term_average": 17364915, 
        "date": "2013-08-31", 
        "operating_revenue": 18827208, 
        "short_term_average": 17654256
    }, 
    {
        "accumulated_operating_revenue_yoy": 12.853732672503245, 
        "accumulated_operating_revenue": 155698044, 
        "long_term_average": 17642164, 
        "date": "2013-09-30", 
        "operating_revenue": 20390270, 
        "short_term_average": 18916134
    }, 
    {
        "accumulated_operating_revenue_yoy": 13.408199625393259, 
        "accumulated_operating_revenue": 176460709, 
        "long_term_average": 17902938, 
        "date": "2013-10-31", 
        "operating_revenue": 20762665, 
        "short_term_average": 19993381
    }, 
    {
        "accumulated_operating_revenue_yoy": 13.40992926889458, 
        "accumulated_operating_revenue": 198434772, 
        "long_term_average": 18119659, 
        "date": "2013-11-30", 
        "operating_revenue": 21974063, 
        "short_term_average": 21042332
    }, 
    {
        "accumulated_operating_revenue_yoy": 13.34728810273165, 
        "accumulated_operating_revenue": 219862446, 
        "long_term_average": 18321870, 
        "date": "2013-12-31", 
        "operating_revenue": 21427674, 
        "short_term_average": 21388134
    }, 
    {
        "accumulated_operating_revenue_yoy": 11.936507886806123, 
        "accumulated_operating_revenue": 18589269, 
        "long_term_average": 18487061, 
        "date": "2014-01-31", 
        "operating_revenue": 18589269, 
        "short_term_average": 20663668
    }, 
    {
        "accumulated_operating_revenue_yoy": 12.213514583316622, 
        "accumulated_operating_revenue": 34832564, 
        "long_term_average": 18637806, 
        "date": "2014-02-28", 
        "operating_revenue": 16243295, 
        "short_term_average": 18753412
    }, 
    {
        "accumulated_operating_revenue_yoy": 13.508466810028738, 
        "accumulated_operating_revenue": 54699586, 
        "long_term_average": 18864346, 
        "date": "2014-03-31", 
        "operating_revenue": 19867022, 
        "short_term_average": 18233195
    }, 
    {
        "accumulated_operating_revenue_yoy": 13.573470732895258, 
        "accumulated_operating_revenue": 73716416, 
        "long_term_average": 19056041, 
        "date": "2014-04-30", 
        "operating_revenue": 19016830, 
        "short_term_average": 18375715
    }, 
    {
        "accumulated_operating_revenue_yoy": 13.944624644268044, 
        "accumulated_operating_revenue": 93827708, 
        "long_term_average": 19278762, 
        "date": "2014-05-31", 
        "operating_revenue": 20111292, 
        "short_term_average": 19665048
    }, 
    {
        "accumulated_operating_revenue_yoy": 14.517681777137522, 
        "accumulated_operating_revenue": 113314835, 
        "long_term_average": 19518970, 
        "date": "2014-06-30", 
        "operating_revenue": 19487127, 
        "short_term_average": 19538416
    }, 
    {
        "accumulated_operating_revenue_yoy": 14.497035496891385, 
        "accumulated_operating_revenue": 133366795, 
        "long_term_average": 19729056, 
        "date": "2014-07-31", 
        "operating_revenue": 20051960, 
        "short_term_average": 19883459
    }, 
    {
        "accumulated_operating_revenue_yoy": 14.037046385819634, 
        "accumulated_operating_revenue": 154300989, 
        "long_term_average": 19904638, 
        "date": "2014-08-31", 
        "operating_revenue": 20934194, 
        "short_term_average": 20157760
    }, 
    {
        "accumulated_operating_revenue_yoy": 15.574176384643598, 
        "accumulated_operating_revenue": 179946732, 
        "long_term_average": 20342594, 
        "date": "2014-09-30", 
        "operating_revenue": 25645743, 
        "short_term_average": 22210632
    }, 
    {
        "accumulated_operating_revenue_yoy": 17.00558167880874, 
        "accumulated_operating_revenue": 206468879, 
        "long_term_average": 20822551, 
        "date": "2014-10-31", 
        "operating_revenue": 26522147, 
        "short_term_average": 24367361
    }, 
    {
        "accumulated_operating_revenue_yoy": 16.77328759699434, 
        "accumulated_operating_revenue": 231718807, 
        "long_term_average": 21095540, 
        "date": "2014-11-30", 
        "operating_revenue": 25249928, 
        "short_term_average": 25805939
    }, 
    {
        "accumulated_operating_revenue_yoy": 16.705445458384467, 
        "accumulated_operating_revenue": 256591447, 
        "long_term_average": 21382620, 
        "date": "2014-12-31", 
        "operating_revenue": 24872640, 
        "short_term_average": 25548238
    }, 
    {
        "accumulated_operating_revenue_yoy": 25.63636579792352, 
        "accumulated_operating_revenue": 23354882, 
        "long_term_average": 21779755, 
        "date": "2015-01-31", 
        "operating_revenue": 23354882, 
        "short_term_average": 24492483
    }, 
    {
        "accumulated_operating_revenue_yoy": 21.54496866782474, 
        "accumulated_operating_revenue": 42337229, 
        "long_term_average": 22008009, 
        "date": "2015-02-28", 
        "operating_revenue": 18982347, 
        "short_term_average": 22403289
    }, 
    {
        "accumulated_operating_revenue_yoy": 18.213249365360827, 
        "accumulated_operating_revenue": 64662158, 
        "long_term_average": 22212834, 
        "date": "2015-03-31", 
        "operating_revenue": 22324929, 
        "short_term_average": 21554052
    }, 
    {
        "accumulated_operating_revenue_yoy": 17.600047186233255, 
        "accumulated_operating_revenue": 86690540, 
        "long_term_average": 22463797, 
        "date": "2015-04-30", 
        "operating_revenue": 22028382, 
        "short_term_average": 21111886
    }, 
    {
        "accumulated_operating_revenue_yoy": 17.291317613769273, 
        "accumulated_operating_revenue": 110051755, 
        "long_term_average": 22734624, 
        "date": "2015-05-31", 
        "operating_revenue": 23361215, 
        "short_term_average": 22571508
    }, 
    {
        "accumulated_operating_revenue_yoy": 19.0346965602518, 
        "accumulated_operating_revenue": 134883970, 
        "long_term_average": 23180048, 
        "date": "2015-06-30", 
        "operating_revenue": 24832215, 
        "short_term_average": 23407270
    }, 
    {
        "accumulated_operating_revenue_yoy": 17.385516387343642, 
        "accumulated_operating_revenue": 156553301, 
        "long_term_average": 23314829, 
        "date": "2015-07-31", 
        "operating_revenue": 21669331, 
        "short_term_average": 23287587
    }, 
    {
        "accumulated_operating_revenue_yoy": 16.31368351112772, 
        "accumulated_operating_revenue": 179473164, 
        "long_term_average": 23480301, 
        "date": "2015-08-31", 
        "operating_revenue": 22919863, 
        "short_term_average": 23140469
    }
]