[
    {
        "date": "2011-09-30", 
        "operating_revenue": 3668291, 
        "accumulated_operating_revenue": 3668291, 
        "long_term_average": 3668291, 
        "short_term_average": 3668291
    }, 
    {
        "date": "2011-10-31", 
        "operating_revenue": 3912997, 
        "accumulated_operating_revenue": 7581288, 
        "long_term_average": 3790644, 
        "short_term_average": 3790644
    }, 
    {
        "date": "2011-11-30", 
        "operating_revenue": 3524828, 
        "accumulated_operating_revenue": 11106116, 
        "long_term_average": 3702038, 
        "short_term_average": 3702038
    }, 
    {
        "date": "2011-12-31", 
        "operating_revenue": 2106430, 
        "accumulated_operating_revenue": 13212546, 
        "long_term_average": 3303136, 
        "short_term_average": 3181418
    }, 
    {
        "date": "2012-01-31", 
        "operating_revenue": 1999354, 
        "accumulated_operating_revenue": 1999354, 
        "long_term_average": 3042380, 
        "short_term_average": 2543537
    }, 
    {
        "date": "2012-02-29", 
        "operating_revenue": 1868360, 
        "accumulated_operating_revenue": 3867714, 
        "long_term_average": 2846710, 
        "short_term_average": 1991381
    }, 
    {
        "date": "2012-03-31", 
        "operating_revenue": 2487358, 
        "accumulated_operating_revenue": 6355072, 
        "long_term_average": 2795374, 
        "short_term_average": 2118357
    }, 
    {
        "date": "2012-04-30", 
        "operating_revenue": 2889452, 
        "accumulated_operating_revenue": 9244524, 
        "long_term_average": 2807133, 
        "short_term_average": 2415056
    }, 
    {
        "date": "2012-05-31", 
        "operating_revenue": 2651200, 
        "accumulated_operating_revenue": 11895724, 
        "long_term_average": 2789807, 
        "short_term_average": 2676003
    }, 
    {
        "date": "2012-06-30", 
        "operating_revenue": 2941586, 
        "accumulated_operating_revenue": 14837310, 
        "long_term_average": 2804985, 
        "short_term_average": 2827412
    }, 
    {
        "date": "2012-07-31", 
        "operating_revenue": 3780537, 
        "accumulated_operating_revenue": 18617847, 
        "long_term_average": 2893672, 
        "short_term_average": 3124441
    }, 
    {
        "date": "2012-08-31", 
        "operating_revenue": 4447201, 
        "accumulated_operating_revenue": 23065048, 
        "long_term_average": 3023132, 
        "short_term_average": 3723108
    }, 
    {
        "accumulated_operating_revenue_yoy": 622.2755228524672, 
        "accumulated_operating_revenue": 26495168, 
        "long_term_average": 3003285, 
        "date": "2012-09-30", 
        "operating_revenue": 3430120, 
        "short_term_average": 3885952
    }, 
    {
        "accumulated_operating_revenue_yoy": 308.85114772054567, 
        "accumulated_operating_revenue": 30996183, 
        "long_term_average": 3052286, 
        "date": "2012-10-31", 
        "operating_revenue": 4501015, 
        "short_term_average": 4126112
    }, 
    {
        "accumulated_operating_revenue_yoy": 216.43149594331626, 
        "accumulated_operating_revenue": 35143249, 
        "long_term_average": 3104139, 
        "date": "2012-11-30", 
        "operating_revenue": 4147066, 
        "short_term_average": 4026067
    }, 
    {
        "accumulated_operating_revenue_yoy": 193.8056828714163, 
        "accumulated_operating_revenue": 38819211, 
        "long_term_average": 3234934, 
        "date": "2012-12-31", 
        "operating_revenue": 3675962, 
        "short_term_average": 4108014
    }, 
    {
        "accumulated_operating_revenue_yoy": 132.95709514173078, 
        "accumulated_operating_revenue": 4657637, 
        "long_term_average": 3456457, 
        "date": "2013-01-31", 
        "operating_revenue": 4657637, 
        "short_term_average": 4160221
    }, 
    {
        "accumulated_operating_revenue_yoy": 94.84387935612612, 
        "accumulated_operating_revenue": 7536004, 
        "long_term_average": 3540625, 
        "date": "2013-02-28", 
        "operating_revenue": 2878367, 
        "short_term_average": 3737322
    }, 
    {
        "accumulated_operating_revenue_yoy": 82.49815265664968, 
        "accumulated_operating_revenue": 11597889, 
        "long_term_average": 3671835, 
        "date": "2013-03-31", 
        "operating_revenue": 4061885, 
        "short_term_average": 3865963
    }, 
    {
        "accumulated_operating_revenue_yoy": 72.85867828348978, 
        "accumulated_operating_revenue": 15979962, 
        "long_term_average": 3796220, 
        "date": "2013-04-30", 
        "operating_revenue": 4382073, 
        "short_term_average": 3774108
    }, 
    {
        "accumulated_operating_revenue_yoy": 73.2692016055517, 
        "accumulated_operating_revenue": 20611626, 
        "long_term_average": 3961259, 
        "date": "2013-05-31", 
        "operating_revenue": 4631664, 
        "short_term_average": 4358540
    }, 
    {
        "accumulated_operating_revenue_yoy": 65.7253909232873, 
        "accumulated_operating_revenue": 24589190, 
        "long_term_average": 4047590, 
        "date": "2013-06-30", 
        "operating_revenue": 3977564, 
        "short_term_average": 4330433
    }, 
    {
        "accumulated_operating_revenue_yoy": 52.0432464613121, 
        "accumulated_operating_revenue": 28307179, 
        "long_term_average": 4042378, 
        "date": "2013-07-31", 
        "operating_revenue": 3717989, 
        "short_term_average": 4109072
    }, 
    {
        "accumulated_operating_revenue_yoy": 34.8415229831735, 
        "accumulated_operating_revenue": 31101262, 
        "long_term_average": 3904618, 
        "date": "2013-08-31", 
        "operating_revenue": 2794083, 
        "short_term_average": 3496545
    }, 
    {
        "accumulated_operating_revenue_yoy": 27.288990958653294, 
        "accumulated_operating_revenue": 33725432, 
        "long_term_average": 3837456, 
        "date": "2013-09-30", 
        "operating_revenue": 2624170, 
        "short_term_average": 3045414
    }, 
    {
        "accumulated_operating_revenue_yoy": 17.313244666286813, 
        "accumulated_operating_revenue": 36362628, 
        "long_term_average": 3682138, 
        "date": "2013-10-31", 
        "operating_revenue": 2637196, 
        "short_term_average": 2685149
    }, 
    {
        "accumulated_operating_revenue_yoy": 12.023529753893841, 
        "accumulated_operating_revenue": 39368708, 
        "long_term_average": 3587055, 
        "date": "2013-11-30", 
        "operating_revenue": 3006080, 
        "short_term_average": 2755815
    }, 
    {
        "accumulated_operating_revenue_yoy": 10.079336749013265, 
        "accumulated_operating_revenue": 42731930, 
        "long_term_average": 3560994, 
        "date": "2013-12-31", 
        "operating_revenue": 3363222, 
        "short_term_average": 3002166
    }, 
    {
        "accumulated_operating_revenue_yoy": -22.699149804933274, 
        "accumulated_operating_revenue": 3600393, 
        "long_term_average": 3472890, 
        "date": "2014-01-31", 
        "operating_revenue": 3600393, 
        "short_term_average": 3323231
    }, 
    {
        "accumulated_operating_revenue_yoy": -14.899023408161675, 
        "accumulated_operating_revenue": 6413213, 
        "long_term_average": 3467428, 
        "date": "2014-02-28", 
        "operating_revenue": 2812820, 
        "short_term_average": 3258811
    }, 
    {
        "accumulated_operating_revenue_yoy": -5.487102006235791, 
        "accumulated_operating_revenue": 10961501, 
        "long_term_average": 3507961, 
        "date": "2014-03-31", 
        "operating_revenue": 4548288, 
        "short_term_average": 3653833
    }, 
    {
        "accumulated_operating_revenue_yoy": 0.0021339224711548125, 
        "accumulated_operating_revenue": 15980303, 
        "long_term_average": 3561022, 
        "date": "2014-04-30", 
        "operating_revenue": 5018802, 
        "short_term_average": 4126636
    }, 
    {
        "accumulated_operating_revenue_yoy": 3.119647135068335, 
        "accumulated_operating_revenue": 21254636, 
        "long_term_average": 3614578, 
        "date": "2014-05-31", 
        "operating_revenue": 5274333, 
        "short_term_average": 4947141
    }, 
    {
        "accumulated_operating_revenue_yoy": 4.091936334625093, 
        "accumulated_operating_revenue": 25595364, 
        "long_term_average": 3644842, 
        "date": "2014-06-30", 
        "operating_revenue": 4340728, 
        "short_term_average": 4877954
    }, 
    {
        "accumulated_operating_revenue_yoy": 5.698688661275643, 
        "accumulated_operating_revenue": 29920317, 
        "long_term_average": 3695422, 
        "date": "2014-07-31", 
        "operating_revenue": 4324953, 
        "short_term_average": 4646671
    }, 
    {
        "accumulated_operating_revenue_yoy": 11.189259779876457, 
        "accumulated_operating_revenue": 34581263, 
        "long_term_average": 3850994, 
        "date": "2014-08-31", 
        "operating_revenue": 4660946, 
        "short_term_average": 4442209
    }, 
    {
        "accumulated_operating_revenue_yoy": 14.220146979881532, 
        "accumulated_operating_revenue": 38521238, 
        "long_term_average": 3960644, 
        "date": "2014-09-30", 
        "operating_revenue": 3939975, 
        "short_term_average": 4308624
    }, 
    {
        "accumulated_operating_revenue_yoy": 20.362213644184354, 
        "accumulated_operating_revenue": 43766864, 
        "long_term_average": 4178013, 
        "date": "2014-10-31", 
        "operating_revenue": 5245626, 
        "short_term_average": 4615515
    }, 
    {
        "accumulated_operating_revenue_yoy": 26.120255203701376, 
        "accumulated_operating_revenue": 49651915, 
        "long_term_average": 4417928, 
        "date": "2014-11-30", 
        "operating_revenue": 5885051, 
        "short_term_average": 5023550
    }, 
    {
        "accumulated_operating_revenue_yoy": 30.119325291415578, 
        "accumulated_operating_revenue": 55602499, 
        "long_term_average": 4633541, 
        "date": "2014-12-31", 
        "operating_revenue": 5950584, 
        "short_term_average": 5693753
    }, 
    {
        "accumulated_operating_revenue_yoy": 52.547291365137085, 
        "accumulated_operating_revenue": 5492302, 
        "long_term_average": 4791200, 
        "date": "2015-01-31", 
        "operating_revenue": 5492302, 
        "short_term_average": 5775979
    }, 
    {
        "accumulated_operating_revenue_yoy": 35.08107402638896, 
        "accumulated_operating_revenue": 8663037, 
        "long_term_average": 4821026, 
        "date": "2015-02-28", 
        "operating_revenue": 3170735, 
        "short_term_average": 4871207
    }, 
    {
        "accumulated_operating_revenue_yoy": 12.221492293801733, 
        "accumulated_operating_revenue": 12301160, 
        "long_term_average": 4745179, 
        "date": "2015-03-31", 
        "operating_revenue": 3638123, 
        "short_term_average": 4100386
    }, 
    {
        "accumulated_operating_revenue_yoy": 1.1253979351955967, 
        "accumulated_operating_revenue": 16160145, 
        "long_term_average": 4648528, 
        "date": "2015-04-30", 
        "operating_revenue": 3858985, 
        "short_term_average": 3555947
    }, 
    {
        "accumulated_operating_revenue_yoy": -4.896211819388485, 
        "accumulated_operating_revenue": 20213964, 
        "long_term_average": 4546818, 
        "date": "2015-05-31", 
        "operating_revenue": 4053819, 
        "short_term_average": 3850309
    }, 
    {
        "accumulated_operating_revenue_yoy": -7.24938703743381, 
        "accumulated_operating_revenue": 23739857, 
        "long_term_average": 4478916, 
        "date": "2015-06-30", 
        "operating_revenue": 3525893, 
        "short_term_average": 3812899
    }, 
    {
        "accumulated_operating_revenue_yoy": -7.6122288410246455, 
        "accumulated_operating_revenue": 27642714, 
        "long_term_average": 4443741, 
        "date": "2015-07-31", 
        "operating_revenue": 3902857, 
        "short_term_average": 3827523
    }, 
    {
        "accumulated_operating_revenue_yoy": -10.766654184955593, 
        "accumulated_operating_revenue": 30858018, 
        "long_term_average": 4323271, 
        "date": "2015-08-31", 
        "operating_revenue": 3215304, 
        "short_term_average": 3548018
    }
]