[
    {
        "date": "2011-09-30", 
        "operating_revenue": 2118995, 
        "accumulated_operating_revenue": 2118995, 
        "long_term_average": 2118995, 
        "short_term_average": 2118995
    }, 
    {
        "date": "2011-10-31", 
        "operating_revenue": 2236885, 
        "accumulated_operating_revenue": 4355880, 
        "long_term_average": 2177940, 
        "short_term_average": 2177940
    }, 
    {
        "date": "2011-11-30", 
        "operating_revenue": 2184162, 
        "accumulated_operating_revenue": 6540042, 
        "long_term_average": 2180014, 
        "short_term_average": 2180014
    }, 
    {
        "date": "2011-12-31", 
        "operating_revenue": 1984117, 
        "accumulated_operating_revenue": 8524159, 
        "long_term_average": 2131039, 
        "short_term_average": 2135054
    }, 
    {
        "date": "2012-01-31", 
        "operating_revenue": 1785619, 
        "accumulated_operating_revenue": 1785619, 
        "long_term_average": 2061955, 
        "short_term_average": 1984632
    }, 
    {
        "date": "2012-02-29", 
        "operating_revenue": 1778135, 
        "accumulated_operating_revenue": 3563754, 
        "long_term_average": 2014652, 
        "short_term_average": 1849290
    }, 
    {
        "date": "2012-03-31", 
        "operating_revenue": 2031009, 
        "accumulated_operating_revenue": 5594763, 
        "long_term_average": 2016988, 
        "short_term_average": 1864921
    }, 
    {
        "date": "2012-04-30", 
        "operating_revenue": 1948182, 
        "accumulated_operating_revenue": 7542945, 
        "long_term_average": 2008388, 
        "short_term_average": 1919108
    }, 
    {
        "date": "2012-05-31", 
        "operating_revenue": 2013634, 
        "accumulated_operating_revenue": 9556579, 
        "long_term_average": 2008970, 
        "short_term_average": 1997608
    }, 
    {
        "date": "2012-06-30", 
        "operating_revenue": 2105863, 
        "accumulated_operating_revenue": 11662442, 
        "long_term_average": 2018660, 
        "short_term_average": 2022559
    }, 
    {
        "date": "2012-07-31", 
        "operating_revenue": 2243777, 
        "accumulated_operating_revenue": 13906219, 
        "long_term_average": 2039125, 
        "short_term_average": 2121091
    }, 
    {
        "date": "2012-08-31", 
        "operating_revenue": 2345297, 
        "accumulated_operating_revenue": 16251516, 
        "long_term_average": 2064639, 
        "short_term_average": 2231645
    }, 
    {
        "accumulated_operating_revenue_yoy": 783.724548665759, 
        "accumulated_operating_revenue": 18726079, 
        "long_term_average": 2094270, 
        "date": "2012-09-30", 
        "operating_revenue": 2474563, 
        "short_term_average": 2354545
    }, 
    {
        "accumulated_operating_revenue_yoy": 389.427486523963, 
        "accumulated_operating_revenue": 21318874, 
        "long_term_average": 2123929, 
        "date": "2012-10-31", 
        "operating_revenue": 2592795, 
        "short_term_average": 2470885
    }, 
    {
        "accumulated_operating_revenue_yoy": 269.2497234727239, 
        "accumulated_operating_revenue": 24149087, 
        "long_term_average": 2177767, 
        "date": "2012-11-30", 
        "operating_revenue": 2830213, 
        "short_term_average": 2632523
    }, 
    {
        "accumulated_operating_revenue_yoy": 213.61449264379044, 
        "accumulated_operating_revenue": 26732998, 
        "long_term_average": 2227749, 
        "date": "2012-12-31", 
        "operating_revenue": 2583911, 
        "short_term_average": 2668973
    }, 
    {
        "accumulated_operating_revenue_yoy": 41.20951893993063, 
        "accumulated_operating_revenue": 2521464, 
        "long_term_average": 2289070, 
        "date": "2013-01-31", 
        "operating_revenue": 2521464, 
        "short_term_average": 2645196
    }, 
    {
        "accumulated_operating_revenue_yoy": 27.42442379580633, 
        "accumulated_operating_revenue": 4541093, 
        "long_term_average": 2309194, 
        "date": "2013-02-28", 
        "operating_revenue": 2019629, 
        "short_term_average": 2375001
    }, 
    {
        "accumulated_operating_revenue_yoy": 19.525885189417316, 
        "accumulated_operating_revenue": 6687190, 
        "long_term_average": 2318785, 
        "date": "2013-03-31", 
        "operating_revenue": 2146097, 
        "short_term_average": 2229063
    }, 
    {
        "accumulated_operating_revenue_yoy": 19.71259236279729, 
        "accumulated_operating_revenue": 9029855, 
        "long_term_average": 2351659, 
        "date": "2013-04-30", 
        "operating_revenue": 2342665, 
        "short_term_average": 2169463
    }, 
    {
        "accumulated_operating_revenue_yoy": 18.685985853305876, 
        "accumulated_operating_revenue": 11342320, 
        "long_term_average": 2376561, 
        "date": "2013-05-31", 
        "operating_revenue": 2312465, 
        "short_term_average": 2267075
    }, 
    {
        "accumulated_operating_revenue_yoy": 16.334177696232057, 
        "accumulated_operating_revenue": 13567406, 
        "long_term_average": 2386496, 
        "date": "2013-06-30", 
        "operating_revenue": 2225086, 
        "short_term_average": 2293405
    }, 
    {
        "accumulated_operating_revenue_yoy": 16.71687322053536, 
        "accumulated_operating_revenue": 16230904, 
        "long_term_average": 2421473, 
        "date": "2013-07-31", 
        "operating_revenue": 2663498, 
        "short_term_average": 2400349
    }, 
    {
        "accumulated_operating_revenue_yoy": 17.814571883632272, 
        "accumulated_operating_revenue": 19146654, 
        "long_term_average": 2469011, 
        "date": "2013-08-31", 
        "operating_revenue": 2915750, 
        "short_term_average": 2601444
    }, 
    {
        "accumulated_operating_revenue_yoy": 18.04399094973379, 
        "accumulated_operating_revenue": 22105011, 
        "long_term_average": 2509327, 
        "date": "2013-09-30", 
        "operating_revenue": 2958357, 
        "short_term_average": 2845868
    }, 
    {
        "accumulated_operating_revenue_yoy": 17.37417745421264, 
        "accumulated_operating_revenue": 25022853, 
        "long_term_average": 2536414, 
        "date": "2013-10-31", 
        "operating_revenue": 2917842, 
        "short_term_average": 2930649
    }, 
    {
        "accumulated_operating_revenue_yoy": 16.1406557523272, 
        "accumulated_operating_revenue": 28046908, 
        "long_term_average": 2552568, 
        "date": "2013-11-30", 
        "operating_revenue": 3024055, 
        "short_term_average": 2966751
    }, 
    {
        "accumulated_operating_revenue_yoy": 15.583586996116185, 
        "accumulated_operating_revenue": 30898958, 
        "long_term_average": 2574913, 
        "date": "2013-12-31", 
        "operating_revenue": 2852050, 
        "short_term_average": 2931315
    }, 
    {
        "accumulated_operating_revenue_yoy": 1.373130847793187, 
        "accumulated_operating_revenue": 2556087, 
        "long_term_average": 2577798, 
        "date": "2014-01-31", 
        "operating_revenue": 2556087, 
        "short_term_average": 2810730
    }, 
    {
        "accumulated_operating_revenue_yoy": 2.458505033920248, 
        "accumulated_operating_revenue": 4652736, 
        "long_term_average": 2584216, 
        "date": "2014-02-28", 
        "operating_revenue": 2096649, 
        "short_term_average": 2501595
    }, 
    {
        "accumulated_operating_revenue_yoy": 7.531668757729331, 
        "accumulated_operating_revenue": 7190847, 
        "long_term_average": 2616884, 
        "date": "2014-03-31", 
        "operating_revenue": 2538111, 
        "short_term_average": 2396949
    }, 
    {
        "accumulated_operating_revenue_yoy": 9.786779521930308, 
        "accumulated_operating_revenue": 9913587, 
        "long_term_average": 2648557, 
        "date": "2014-04-30", 
        "operating_revenue": 2722740, 
        "short_term_average": 2452500
    }, 
    {
        "accumulated_operating_revenue_yoy": 9.00359009444276, 
        "accumulated_operating_revenue": 12363536, 
        "long_term_average": 2660014, 
        "date": "2014-05-31", 
        "operating_revenue": 2449949, 
        "short_term_average": 2570266
    }, 
    {
        "accumulated_operating_revenue_yoy": 9.594133174757209, 
        "accumulated_operating_revenue": 14869081, 
        "long_term_average": 2683386, 
        "date": "2014-06-30", 
        "operating_revenue": 2505545, 
        "short_term_average": 2559411
    }, 
    {
        "accumulated_operating_revenue_yoy": 8.744318862338167, 
        "accumulated_operating_revenue": 17650186, 
        "long_term_average": 2693186, 
        "date": "2014-07-31", 
        "operating_revenue": 2781105, 
        "short_term_average": 2578866
    }, 
    {
        "accumulated_operating_revenue_yoy": 7.684407938849263, 
        "accumulated_operating_revenue": 20617961, 
        "long_term_average": 2697522, 
        "date": "2014-08-31", 
        "operating_revenue": 2967775, 
        "short_term_average": 2751475
    }, 
    {
        "accumulated_operating_revenue_yoy": 7.952377856767409, 
        "accumulated_operating_revenue": 23862885, 
        "long_term_average": 2721402, 
        "date": "2014-09-30", 
        "operating_revenue": 3244924, 
        "short_term_average": 2997934
    }, 
    {
        "accumulated_operating_revenue_yoy": 9.059370648103156, 
        "accumulated_operating_revenue": 27289766, 
        "long_term_average": 2763822, 
        "date": "2014-10-31", 
        "operating_revenue": 3426881, 
        "short_term_average": 3213193
    }, 
    {
        "accumulated_operating_revenue_yoy": 9.58388354252811, 
        "accumulated_operating_revenue": 30734891, 
        "long_term_average": 2798911, 
        "date": "2014-11-30", 
        "operating_revenue": 3445125, 
        "short_term_average": 3372310
    }, 
    {
        "accumulated_operating_revenue_yoy": 9.549040456315712, 
        "accumulated_operating_revenue": 33849512, 
        "long_term_average": 2820792, 
        "date": "2014-12-31", 
        "operating_revenue": 3114621, 
        "short_term_average": 3328875
    }, 
    {
        "accumulated_operating_revenue_yoy": 18.165226770450303, 
        "accumulated_operating_revenue": 3020406, 
        "long_term_average": 2859485, 
        "date": "2015-01-31", 
        "operating_revenue": 3020406, 
        "short_term_average": 3193384
    }, 
    {
        "accumulated_operating_revenue_yoy": 20.849689301090798, 
        "accumulated_operating_revenue": 5622817, 
        "long_term_average": 2901632, 
        "date": "2015-02-28", 
        "operating_revenue": 2602411, 
        "short_term_average": 2912479
    }, 
    {
        "accumulated_operating_revenue_yoy": 20.58391730487382, 
        "accumulated_operating_revenue": 8671005, 
        "long_term_average": 2944139, 
        "date": "2015-03-31", 
        "operating_revenue": 3048188, 
        "short_term_average": 2890335
    }, 
    {
        "accumulated_operating_revenue_yoy": 19.277996955088003, 
        "accumulated_operating_revenue": 11824728, 
        "long_term_average": 2980054, 
        "date": "2015-04-30", 
        "operating_revenue": 3153723, 
        "short_term_average": 2934774
    }, 
    {
        "accumulated_operating_revenue_yoy": 20.278842557663115, 
        "accumulated_operating_revenue": 14870718, 
        "long_term_average": 3029724, 
        "date": "2015-05-31", 
        "operating_revenue": 3045990, 
        "short_term_average": 3082633
    }, 
    {
        "accumulated_operating_revenue_yoy": 21.689847543368685, 
        "accumulated_operating_revenue": 18094162, 
        "long_term_average": 3089549, 
        "date": "2015-06-30", 
        "operating_revenue": 3223444, 
        "short_term_average": 3141052
    }, 
    {
        "accumulated_operating_revenue_yoy": 23.652192673776923, 
        "accumulated_operating_revenue": 21824842, 
        "long_term_average": 3168680, 
        "date": "2015-07-31", 
        "operating_revenue": 3730680, 
        "short_term_average": 3333371
    }, 
    {
        "accumulated_operating_revenue_yoy": 25.941687444262797, 
        "accumulated_operating_revenue": 25966608, 
        "long_term_average": 3266513, 
        "date": "2015-08-31", 
        "operating_revenue": 4141766, 
        "short_term_average": 3698630
    }, 
    {
        "accumulated_operating_revenue_yoy": 28.387112455178826, 
        "accumulated_operating_revenue": 30636869, 
        "long_term_average": 3385291, 
        "date": "2015-09-30", 
        "operating_revenue": 4670261, 
        "short_term_average": 4180902
    }
]