[
    {
        "date": "2011-09-30", 
        "operating_revenue": 432141, 
        "accumulated_operating_revenue": 432141, 
        "long_term_average": 432141, 
        "short_term_average": 432141
    }, 
    {
        "date": "2011-10-31", 
        "operating_revenue": 420370, 
        "accumulated_operating_revenue": 852511, 
        "long_term_average": 426255, 
        "short_term_average": 426255
    }, 
    {
        "date": "2011-11-30", 
        "operating_revenue": 549421, 
        "accumulated_operating_revenue": 1401932, 
        "long_term_average": 467310, 
        "short_term_average": 467310
    }, 
    {
        "date": "2011-12-31", 
        "operating_revenue": 914843, 
        "accumulated_operating_revenue": 2316775, 
        "long_term_average": 579193, 
        "short_term_average": 628211
    }, 
    {
        "date": "2012-01-31", 
        "operating_revenue": 631142, 
        "accumulated_operating_revenue": 631142, 
        "long_term_average": 589583, 
        "short_term_average": 698468
    }, 
    {
        "date": "2012-02-29", 
        "operating_revenue": 630072, 
        "accumulated_operating_revenue": 1261214, 
        "long_term_average": 596331, 
        "short_term_average": 725352
    }, 
    {
        "date": "2012-03-31", 
        "operating_revenue": 681482, 
        "accumulated_operating_revenue": 1942696, 
        "long_term_average": 608495, 
        "short_term_average": 647565
    }, 
    {
        "date": "2012-04-30", 
        "operating_revenue": 710380, 
        "accumulated_operating_revenue": 2653076, 
        "long_term_average": 621231, 
        "short_term_average": 673978
    }, 
    {
        "date": "2012-05-31", 
        "operating_revenue": 719758, 
        "accumulated_operating_revenue": 3372834, 
        "long_term_average": 632178, 
        "short_term_average": 703873
    }, 
    {
        "date": "2012-06-30", 
        "operating_revenue": 818428, 
        "accumulated_operating_revenue": 4191262, 
        "long_term_average": 650803, 
        "short_term_average": 749522
    }, 
    {
        "date": "2012-07-31", 
        "operating_revenue": 551445, 
        "accumulated_operating_revenue": 4742707, 
        "long_term_average": 641771, 
        "short_term_average": 696543
    }, 
    {
        "date": "2012-08-31", 
        "operating_revenue": 557284, 
        "accumulated_operating_revenue": 5299991, 
        "long_term_average": 634730, 
        "short_term_average": 642385
    }, 
    {
        "accumulated_operating_revenue_yoy": 1256.9744597249507, 
        "accumulated_operating_revenue": 5864043, 
        "long_term_average": 645723, 
        "date": "2012-09-30", 
        "operating_revenue": 564052, 
        "short_term_average": 557593
    }, 
    {
        "accumulated_operating_revenue_yoy": 647.0968703043128, 
        "accumulated_operating_revenue": 6369083, 
        "long_term_average": 652778, 
        "date": "2012-10-31", 
        "operating_revenue": 505040, 
        "short_term_average": 542125
    }, 
    {
        "accumulated_operating_revenue_yoy": 392.89794369484395, 
        "accumulated_operating_revenue": 6910094, 
        "long_term_average": 652078, 
        "date": "2012-11-30", 
        "operating_revenue": 541011, 
        "short_term_average": 536701
    }, 
    {
        "accumulated_operating_revenue_yoy": 226.37127040821832, 
        "accumulated_operating_revenue": 7561288, 
        "long_term_average": 630107, 
        "date": "2012-12-31", 
        "operating_revenue": 651194, 
        "short_term_average": 565748
    }, 
    {
        "accumulated_operating_revenue_yoy": -24.324478485031893, 
        "accumulated_operating_revenue": 477620, 
        "long_term_average": 617313, 
        "date": "2013-01-31", 
        "operating_revenue": 477620, 
        "short_term_average": 556608
    }, 
    {
        "accumulated_operating_revenue_yoy": -29.85441011596763, 
        "accumulated_operating_revenue": 884686, 
        "long_term_average": 598730, 
        "date": "2013-02-28", 
        "operating_revenue": 407066, 
        "short_term_average": 511960
    }, 
    {
        "accumulated_operating_revenue_yoy": -24.705152015549526, 
        "accumulated_operating_revenue": 1462750, 
        "long_term_average": 590111, 
        "date": "2013-03-31", 
        "operating_revenue": 578064, 
        "short_term_average": 487583
    }, 
    {
        "accumulated_operating_revenue_yoy": -22.851211197869944, 
        "accumulated_operating_revenue": 2046816, 
        "long_term_average": 579585, 
        "date": "2013-04-30", 
        "operating_revenue": 584066, 
        "short_term_average": 523065
    }, 
    {
        "accumulated_operating_revenue_yoy": -19.506177890758927, 
        "accumulated_operating_revenue": 2714923, 
        "long_term_average": 575281, 
        "date": "2013-05-31", 
        "operating_revenue": 668107, 
        "short_term_average": 610079
    }, 
    {
        "accumulated_operating_revenue_yoy": -18.775681405743665, 
        "accumulated_operating_revenue": 3404324, 
        "long_term_average": 564529, 
        "date": "2013-06-30", 
        "operating_revenue": 689401, 
        "short_term_average": 647191
    }, 
    {
        "accumulated_operating_revenue_yoy": -15.49361999381366, 
        "accumulated_operating_revenue": 4007890, 
        "long_term_average": 568872, 
        "date": "2013-07-31", 
        "operating_revenue": 603566, 
        "short_term_average": 653691
    }, 
    {
        "accumulated_operating_revenue_yoy": -14.918836654628281, 
        "accumulated_operating_revenue": 4509294, 
        "long_term_average": 564215, 
        "date": "2013-08-31", 
        "operating_revenue": 501404, 
        "short_term_average": 598123
    }, 
    {
        "accumulated_operating_revenue_yoy": -12.815373284268208, 
        "accumulated_operating_revenue": 5112544, 
        "long_term_average": 567482, 
        "date": "2013-09-30", 
        "operating_revenue": 603250, 
        "short_term_average": 569406
    }, 
    {
        "accumulated_operating_revenue_yoy": -11.18674383737816, 
        "accumulated_operating_revenue": 5656590, 
        "long_term_average": 570732, 
        "date": "2013-10-31", 
        "operating_revenue": 544046, 
        "short_term_average": 549566
    }, 
    {
        "accumulated_operating_revenue_yoy": -9.646250832477822, 
        "accumulated_operating_revenue": 6243529, 
        "long_term_average": 574560, 
        "date": "2013-11-30", 
        "operating_revenue": 586939, 
        "short_term_average": 578078
    }, 
    {
        "accumulated_operating_revenue_yoy": -9.939060646810438, 
        "accumulated_operating_revenue": 6809767, 
        "long_term_average": 567480, 
        "date": "2013-12-31", 
        "operating_revenue": 566238, 
        "short_term_average": 565741
    }, 
    {
        "accumulated_operating_revenue_yoy": 13.678866044135503, 
        "accumulated_operating_revenue": 542953, 
        "long_term_average": 572925, 
        "date": "2014-01-31", 
        "operating_revenue": 542953, 
        "short_term_average": 565376
    }, 
    {
        "accumulated_operating_revenue_yoy": 19.530997438639247, 
        "accumulated_operating_revenue": 1057474, 
        "long_term_average": 581879, 
        "date": "2014-02-28", 
        "operating_revenue": 514521, 
        "short_term_average": 541237
    }, 
    {
        "accumulated_operating_revenue_yoy": 9.232678174670998, 
        "accumulated_operating_revenue": 1597801, 
        "long_term_average": 578734, 
        "date": "2014-03-31", 
        "operating_revenue": 540327, 
        "short_term_average": 532600
    }, 
    {
        "accumulated_operating_revenue_yoy": 1.866801901099073, 
        "accumulated_operating_revenue": 2085026, 
        "long_term_average": 570664, 
        "date": "2014-04-30", 
        "operating_revenue": 487225, 
        "short_term_average": 514024
    }, 
    {
        "accumulated_operating_revenue_yoy": -5.411055856832772, 
        "accumulated_operating_revenue": 2568017, 
        "long_term_average": 555238, 
        "date": "2014-05-31", 
        "operating_revenue": 482991, 
        "short_term_average": 503514
    }, 
    {
        "accumulated_operating_revenue_yoy": -9.163140758635196, 
        "accumulated_operating_revenue": 3092381, 
        "long_term_average": 541485, 
        "date": "2014-06-30", 
        "operating_revenue": 524364, 
        "short_term_average": 498193
    }, 
    {
        "accumulated_operating_revenue_yoy": -9.469745926160648, 
        "accumulated_operating_revenue": 3628353, 
        "long_term_average": 535852, 
        "date": "2014-07-31", 
        "operating_revenue": 535972, 
        "short_term_average": 514442
    }, 
    {
        "accumulated_operating_revenue_yoy": -8.348867915908787, 
        "accumulated_operating_revenue": 4132819, 
        "long_term_average": 536107, 
        "date": "2014-08-31", 
        "operating_revenue": 504466, 
        "short_term_average": 521600
    }, 
    {
        "accumulated_operating_revenue_yoy": -9.905401303147709, 
        "accumulated_operating_revenue": 4606126, 
        "long_term_average": 525279, 
        "date": "2014-09-30", 
        "operating_revenue": 473307, 
        "short_term_average": 504581
    }, 
    {
        "accumulated_operating_revenue_yoy": -9.25584141682533, 
        "accumulated_operating_revenue": 5133025, 
        "long_term_average": 523850, 
        "date": "2014-10-31", 
        "operating_revenue": 526899, 
        "short_term_average": 501557
    }, 
    {
        "accumulated_operating_revenue_yoy": -8.34569680063951, 
        "accumulated_operating_revenue": 5722463, 
        "long_term_average": 524058, 
        "date": "2014-11-30", 
        "operating_revenue": 589438, 
        "short_term_average": 529881
    }, 
    {
        "accumulated_operating_revenue_yoy": -8.032785850088557, 
        "accumulated_operating_revenue": 6262753, 
        "long_term_average": 521896, 
        "date": "2014-12-31", 
        "operating_revenue": 540290, 
        "short_term_average": 552209
    }, 
    {
        "accumulated_operating_revenue_yoy": 17.074406071980448, 
        "accumulated_operating_revenue": 635659, 
        "long_term_average": 529621, 
        "date": "2015-01-31", 
        "operating_revenue": 635659, 
        "short_term_average": 588462
    }, 
    {
        "accumulated_operating_revenue_yoy": 9.27852599685666, 
        "accumulated_operating_revenue": 1155592, 
        "long_term_average": 530072, 
        "date": "2015-02-28", 
        "operating_revenue": 519933, 
        "short_term_average": 565294
    }, 
    {
        "accumulated_operating_revenue_yoy": 1.6487034367859328, 
        "accumulated_operating_revenue": 1624144, 
        "long_term_average": 524091, 
        "date": "2015-03-31", 
        "operating_revenue": 468552, 
        "short_term_average": 541381
    }, 
    {
        "accumulated_operating_revenue_yoy": -1.4215650068632237, 
        "accumulated_operating_revenue": 2055386, 
        "long_term_average": 519426, 
        "date": "2015-04-30", 
        "operating_revenue": 431242, 
        "short_term_average": 473242
    }, 
    {
        "accumulated_operating_revenue_yoy": -4.7491118633560445, 
        "accumulated_operating_revenue": 2446059, 
        "long_term_average": 511732, 
        "date": "2015-05-31", 
        "operating_revenue": 390673, 
        "short_term_average": 430155
    }, 
    {
        "accumulated_operating_revenue_yoy": -7.444845897061196, 
        "accumulated_operating_revenue": 2862158, 
        "long_term_average": 502710, 
        "date": "2015-06-30", 
        "operating_revenue": 416099, 
        "short_term_average": 412671
    }, 
    {
        "accumulated_operating_revenue_yoy": -8.039184721001511, 
        "accumulated_operating_revenue": 3336663, 
        "long_term_average": 497588, 
        "date": "2015-07-31", 
        "operating_revenue": 474505, 
        "short_term_average": 427092
    }, 
    {
        "accumulated_operating_revenue_yoy": -7.902789839090461, 
        "accumulated_operating_revenue": 3806211, 
        "long_term_average": 494678, 
        "date": "2015-08-31", 
        "operating_revenue": 469548, 
        "short_term_average": 453384
    }, 
    {
        "accumulated_operating_revenue_yoy": -5.593876502727021, 
        "accumulated_operating_revenue": 4348465, 
        "long_term_average": 500424, 
        "date": "2015-09-30", 
        "operating_revenue": 542254, 
        "short_term_average": 495435
    }, 
    {
        "accumulated_operating_revenue_yoy": -4.767286346744854, 
        "accumulated_operating_revenue": 4888319, 
        "long_term_average": 501503, 
        "date": "2015-10-31", 
        "operating_revenue": 539854, 
        "short_term_average": 517218
    }
]