[
    {
        "date": "2012-01-31", 
        "operating_revenue": 449636, 
        "accumulated_operating_revenue": 449636, 
        "long_term_average": 449636, 
        "short_term_average": 449636
    }, 
    {
        "date": "2012-02-29", 
        "operating_revenue": 508046, 
        "accumulated_operating_revenue": 957682, 
        "long_term_average": 478841, 
        "short_term_average": 478841
    }, 
    {
        "date": "2012-03-31", 
        "operating_revenue": 589189, 
        "accumulated_operating_revenue": 1546871, 
        "long_term_average": 515623, 
        "short_term_average": 515623
    }, 
    {
        "date": "2012-04-30", 
        "operating_revenue": 592097, 
        "accumulated_operating_revenue": 2138968, 
        "long_term_average": 534742, 
        "short_term_average": 563110
    }, 
    {
        "date": "2012-05-31", 
        "operating_revenue": 605050, 
        "accumulated_operating_revenue": 2744018, 
        "long_term_average": 548803, 
        "short_term_average": 595445
    }, 
    {
        "date": "2012-06-30", 
        "operating_revenue": 552617, 
        "accumulated_operating_revenue": 3296635, 
        "long_term_average": 549439, 
        "short_term_average": 583254
    }, 
    {
        "date": "2012-07-31", 
        "operating_revenue": 630442, 
        "accumulated_operating_revenue": 3927077, 
        "long_term_average": 561011, 
        "short_term_average": 596036
    }, 
    {
        "date": "2012-08-31", 
        "operating_revenue": 645626, 
        "accumulated_operating_revenue": 4572703, 
        "long_term_average": 571587, 
        "short_term_average": 609561
    }, 
    {
        "date": "2012-09-30", 
        "operating_revenue": 623360, 
        "accumulated_operating_revenue": 5196063, 
        "long_term_average": 577340, 
        "short_term_average": 633142
    }, 
    {
        "date": "2012-10-31", 
        "operating_revenue": 630627, 
        "accumulated_operating_revenue": 5826690, 
        "long_term_average": 582669, 
        "short_term_average": 633204
    }, 
    {
        "date": "2012-11-30", 
        "operating_revenue": 626663, 
        "accumulated_operating_revenue": 6453353, 
        "long_term_average": 586668, 
        "short_term_average": 626883
    }, 
    {
        "date": "2012-12-31", 
        "operating_revenue": 561060, 
        "accumulated_operating_revenue": 7014413, 
        "long_term_average": 584534, 
        "short_term_average": 606116
    }, 
    {
        "accumulated_operating_revenue_yoy": 9.040423809481448, 
        "accumulated_operating_revenue": 490285, 
        "long_term_average": 587921, 
        "date": "2013-01-31", 
        "operating_revenue": 490285, 
        "short_term_average": 559336
    }, 
    {
        "accumulated_operating_revenue_yoy": -12.326116602379496, 
        "accumulated_operating_revenue": 839637, 
        "long_term_average": 574697, 
        "date": "2013-02-28", 
        "operating_revenue": 349352, 
        "short_term_average": 466899
    }, 
    {
        "accumulated_operating_revenue_yoy": -12.33147431169115, 
        "accumulated_operating_revenue": 1356119, 
        "long_term_average": 568638, 
        "date": "2013-03-31", 
        "operating_revenue": 516482, 
        "short_term_average": 452039
    }, 
    {
        "accumulated_operating_revenue_yoy": -12.958632387207288, 
        "accumulated_operating_revenue": 1861787, 
        "long_term_average": 561436, 
        "date": "2013-04-30", 
        "operating_revenue": 505668, 
        "short_term_average": 457167
    }, 
    {
        "accumulated_operating_revenue_yoy": -14.18328888513122, 
        "accumulated_operating_revenue": 2354826, 
        "long_term_average": 552101, 
        "date": "2013-05-31", 
        "operating_revenue": 493039, 
        "short_term_average": 505063
    }, 
    {
        "accumulated_operating_revenue_yoy": -14.949456036230885, 
        "accumulated_operating_revenue": 2803806, 
        "long_term_average": 543465, 
        "date": "2013-06-30", 
        "operating_revenue": 448980, 
        "short_term_average": 482562
    }, 
    {
        "accumulated_operating_revenue_yoy": -14.853592124626026, 
        "accumulated_operating_revenue": 3343765, 
        "long_term_average": 535925, 
        "date": "2013-07-31", 
        "operating_revenue": 539959, 
        "short_term_average": 493992
    }, 
    {
        "accumulated_operating_revenue_yoy": -16.116528888930684, 
        "accumulated_operating_revenue": 3835742, 
        "long_term_average": 523121, 
        "date": "2013-08-31", 
        "operating_revenue": 491977, 
        "short_term_average": 493638
    }, 
    {
        "accumulated_operating_revenue_yoy": -14.74066038075366, 
        "accumulated_operating_revenue": 4430129, 
        "long_term_average": 520706, 
        "date": "2013-09-30", 
        "operating_revenue": 594387, 
        "short_term_average": 542107
    }, 
    {
        "accumulated_operating_revenue_yoy": -13.075536882861453, 
        "accumulated_operating_revenue": 5064819, 
        "long_term_average": 521045, 
        "date": "2013-10-31", 
        "operating_revenue": 634690, 
        "short_term_average": 573684
    }, 
    {
        "accumulated_operating_revenue_yoy": -12.395168837037119, 
        "accumulated_operating_revenue": 5653449, 
        "long_term_average": 517875, 
        "date": "2013-11-30", 
        "operating_revenue": 588630, 
        "short_term_average": 605902
    }, 
    {
        "accumulated_operating_revenue_yoy": -12.608467736359408, 
        "accumulated_operating_revenue": 6130003, 
        "long_term_average": 510833, 
        "date": "2013-12-31", 
        "operating_revenue": 476554, 
        "short_term_average": 566624
    }, 
    {
        "accumulated_operating_revenue_yoy": -9.811436205472328, 
        "accumulated_operating_revenue": 442181, 
        "long_term_average": 506824, 
        "date": "2014-01-31", 
        "operating_revenue": 442181, 
        "short_term_average": 502455
    }, 
    {
        "accumulated_operating_revenue_yoy": 6.393477181210451, 
        "accumulated_operating_revenue": 893319, 
        "long_term_average": 515307, 
        "date": "2014-02-28", 
        "operating_revenue": 451138, 
        "short_term_average": 456624
    }, 
    {
        "accumulated_operating_revenue_yoy": 11.814671131368264, 
        "accumulated_operating_revenue": 1516340, 
        "long_term_average": 524185, 
        "date": "2014-03-31", 
        "operating_revenue": 623021, 
        "short_term_average": 505446
    }, 
    {
        "accumulated_operating_revenue_yoy": 15.680955984760878, 
        "accumulated_operating_revenue": 2153733, 
        "long_term_average": 535162, 
        "date": "2014-04-30", 
        "operating_revenue": 637393, 
        "short_term_average": 570517
    }, 
    {
        "accumulated_operating_revenue_yoy": 17.667420013198427, 
        "accumulated_operating_revenue": 2770863, 
        "long_term_average": 545503, 
        "date": "2014-05-31", 
        "operating_revenue": 617130, 
        "short_term_average": 625848
    }, 
    {
        "accumulated_operating_revenue_yoy": 17.941077235728862, 
        "accumulated_operating_revenue": 3306839, 
        "long_term_average": 552753, 
        "date": "2014-06-30", 
        "operating_revenue": 535976, 
        "short_term_average": 596833
    }, 
    {
        "accumulated_operating_revenue_yoy": 18.298504829137215, 
        "accumulated_operating_revenue": 3955624, 
        "long_term_average": 561821, 
        "date": "2014-07-31", 
        "operating_revenue": 648785, 
        "short_term_average": 600630
    }, 
    {
        "accumulated_operating_revenue_yoy": 17.661276488356098, 
        "accumulated_operating_revenue": 4513183, 
        "long_term_average": 567287, 
        "date": "2014-08-31", 
        "operating_revenue": 557559, 
        "short_term_average": 580773
    }, 
    {
        "accumulated_operating_revenue_yoy": 17.655670974818115, 
        "accumulated_operating_revenue": 5212298, 
        "long_term_average": 576014, 
        "date": "2014-09-30", 
        "operating_revenue": 699115, 
        "short_term_average": 635153
    }, 
    {
        "accumulated_operating_revenue_yoy": 18.244798086565382, 
        "accumulated_operating_revenue": 5988885, 
        "long_term_average": 587839, 
        "date": "2014-10-31", 
        "operating_revenue": 776587, 
        "short_term_average": 677753
    }, 
    {
        "accumulated_operating_revenue_yoy": 18.306771671593747, 
        "accumulated_operating_revenue": 6688413, 
        "long_term_average": 597080, 
        "date": "2014-11-30", 
        "operating_revenue": 699528, 
        "short_term_average": 725076
    }, 
    {
        "accumulated_operating_revenue_yoy": 19.668685317119746, 
        "accumulated_operating_revenue": 7335694, 
        "long_term_average": 611307, 
        "date": "2014-12-31", 
        "operating_revenue": 647281, 
        "short_term_average": 707798
    }, 
    {
        "accumulated_operating_revenue_yoy": 34.47841494772503, 
        "accumulated_operating_revenue": 594638, 
        "long_term_average": 624012, 
        "date": "2015-01-31", 
        "operating_revenue": 594638, 
        "short_term_average": 647149
    }, 
    {
        "accumulated_operating_revenue_yoy": 21.09683103124416, 
        "accumulated_operating_revenue": 1081781, 
        "long_term_average": 627013, 
        "date": "2015-02-28", 
        "operating_revenue": 487143, 
        "short_term_average": 576354
    }, 
    {
        "accumulated_operating_revenue_yoy": 15.403009879050872, 
        "accumulated_operating_revenue": 1749902, 
        "long_term_average": 630771, 
        "date": "2015-03-31", 
        "operating_revenue": 668121, 
        "short_term_average": 583300
    }, 
    {
        "accumulated_operating_revenue_yoy": 3.91232339384687, 
        "accumulated_operating_revenue": 2237994, 
        "long_term_average": 618329, 
        "date": "2015-04-30", 
        "operating_revenue": 488092, 
        "short_term_average": 547785
    }, 
    {
        "accumulated_operating_revenue_yoy": -3.2631349871863025, 
        "accumulated_operating_revenue": 2680446, 
        "long_term_average": 603773, 
        "date": "2015-05-31", 
        "operating_revenue": 442452, 
        "short_term_average": 532888
    }, 
    {
        "accumulated_operating_revenue_yoy": -0.4308041607105758, 
        "accumulated_operating_revenue": 3292593, 
        "long_term_average": 610120, 
        "date": "2015-06-30", 
        "operating_revenue": 612147, 
        "short_term_average": 514230
    }, 
    {
        "accumulated_operating_revenue_yoy": -2.2318349772374724, 
        "accumulated_operating_revenue": 3867341, 
        "long_term_average": 603950, 
        "date": "2015-07-31", 
        "operating_revenue": 574748, 
        "short_term_average": 543115
    }, 
    {
        "accumulated_operating_revenue_yoy": -3.5697422417836813, 
        "accumulated_operating_revenue": 4352074, 
        "long_term_average": 597882, 
        "date": "2015-08-31", 
        "operating_revenue": 484733, 
        "short_term_average": 557209
    }, 
    {
        "accumulated_operating_revenue_yoy": -8.229844110985212, 
        "accumulated_operating_revenue": 4783334, 
        "long_term_average": 575560, 
        "date": "2015-09-30", 
        "operating_revenue": 431260, 
        "short_term_average": 496913
    }
]