[
    {
        "date": "2012-01-31", 
        "operating_revenue": 341478408, 
        "accumulated_operating_revenue": 341478408, 
        "long_term_average": 341478408, 
        "short_term_average": 341478408
    }, 
    {
        "date": "2012-02-29", 
        "operating_revenue": 301753301, 
        "accumulated_operating_revenue": 643231709, 
        "long_term_average": 321615854, 
        "short_term_average": 321615854
    }, 
    {
        "date": "2012-03-31", 
        "operating_revenue": 358053951, 
        "accumulated_operating_revenue": 1001285660, 
        "long_term_average": 333761886, 
        "short_term_average": 333761886
    }, 
    {
        "date": "2012-04-30", 
        "operating_revenue": 307370000, 
        "accumulated_operating_revenue": 1308655660, 
        "long_term_average": 327163915, 
        "short_term_average": 322392417
    }, 
    {
        "date": "2012-05-31", 
        "operating_revenue": 294369051, 
        "accumulated_operating_revenue": 1603024711, 
        "long_term_average": 320604942, 
        "short_term_average": 319931000
    }, 
    {
        "date": "2012-06-30", 
        "operating_revenue": 290178100, 
        "accumulated_operating_revenue": 1893202811, 
        "long_term_average": 315533801, 
        "short_term_average": 297305717
    }, 
    {
        "date": "2012-07-31", 
        "operating_revenue": 305302500, 
        "accumulated_operating_revenue": 2198505311, 
        "long_term_average": 314072187, 
        "short_term_average": 296616550
    }, 
    {
        "date": "2012-08-31", 
        "operating_revenue": 273446558, 
        "accumulated_operating_revenue": 2471951869, 
        "long_term_average": 308993983, 
        "short_term_average": 289642386
    }, 
    {
        "date": "2012-09-30", 
        "operating_revenue": 295693156, 
        "accumulated_operating_revenue": 2767645025, 
        "long_term_average": 307516113, 
        "short_term_average": 291480738
    }, 
    {
        "date": "2012-10-31", 
        "operating_revenue": 338161616, 
        "accumulated_operating_revenue": 3105806641, 
        "long_term_average": 310580664, 
        "short_term_average": 302433776
    }, 
    {
        "date": "2012-11-30", 
        "operating_revenue": 386589205, 
        "accumulated_operating_revenue": 3492395846, 
        "long_term_average": 317490531, 
        "short_term_average": 340147992
    }, 
    {
        "date": "2012-12-31", 
        "operating_revenue": 412999476, 
        "accumulated_operating_revenue": 3905395322, 
        "long_term_average": 325449610, 
        "short_term_average": 379250099
    }, 
    {
        "accumulated_operating_revenue_yoy": -8.185400407512736, 
        "accumulated_operating_revenue": 313527033, 
        "long_term_average": 323120328, 
        "date": "2013-01-31", 
        "operating_revenue": 313527033, 
        "short_term_average": 371038571
    }, 
    {
        "accumulated_operating_revenue_yoy": -14.713973934391348, 
        "accumulated_operating_revenue": 548586763, 
        "long_term_average": 317562531, 
        "date": "2013-02-28", 
        "operating_revenue": 235059730, 
        "short_term_average": 320528746
    }, 
    {
        "accumulated_operating_revenue_yoy": -19.20693940628292, 
        "accumulated_operating_revenue": 808969330, 
        "long_term_average": 309423249, 
        "date": "2013-03-31", 
        "operating_revenue": 260382567, 
        "short_term_average": 269656443
    }, 
    {
        "accumulated_operating_revenue_yoy": -15.888621686777407, 
        "accumulated_operating_revenue": 1100728313, 
        "long_term_average": 308122331, 
        "date": "2013-04-30", 
        "operating_revenue": 291758983, 
        "short_term_average": 262400426
    }, 
    {
        "accumulated_operating_revenue_yoy": -12.59023211651539, 
        "accumulated_operating_revenue": 1401200179, 
        "long_term_average": 308630899, 
        "date": "2013-05-31", 
        "operating_revenue": 300471866, 
        "short_term_average": 284204472
    }, 
    {
        "accumulated_operating_revenue_yoy": -9.896771751624026, 
        "accumulated_operating_revenue": 1705836850, 
        "long_term_average": 309835780, 
        "date": "2013-06-30", 
        "operating_revenue": 304636671, 
        "short_term_average": 298955840
    }, 
    {
        "accumulated_operating_revenue_yoy": -8.75212131793663, 
        "accumulated_operating_revenue": 2006089459, 
        "long_term_average": 309414955, 
        "date": "2013-07-31", 
        "operating_revenue": 300252609, 
        "short_term_average": 301787048
    }, 
    {
        "accumulated_operating_revenue_yoy": -7.501521260404444, 
        "accumulated_operating_revenue": 2286517874, 
        "long_term_average": 309996777, 
        "date": "2013-08-31", 
        "operating_revenue": 280428415, 
        "short_term_average": 295105898
    }, 
    {
        "accumulated_operating_revenue_yoy": -5.176413980329721, 
        "accumulated_operating_revenue": 2624380261, 
        "long_term_average": 313510879, 
        "date": "2013-09-30", 
        "operating_revenue": 337862387, 
        "short_term_average": 306181137
    }, 
    {
        "accumulated_operating_revenue_yoy": -3.1813239335526293, 
        "accumulated_operating_revenue": 3007000871, 
        "long_term_average": 317215796, 
        "date": "2013-10-31", 
        "operating_revenue": 382620610, 
        "short_term_average": 333637137
    }, 
    {
        "accumulated_operating_revenue_yoy": -0.8363366665165826, 
        "accumulated_operating_revenue": 3463187659, 
        "long_term_average": 323015594, 
        "date": "2013-11-30", 
        "operating_revenue": 456186788, 
        "short_term_average": 392223261
    }, 
    {
        "accumulated_operating_revenue_yoy": 1.2476101388641958, 
        "accumulated_operating_revenue": 3954119430, 
        "long_term_average": 329509952, 
        "date": "2013-12-31", 
        "operating_revenue": 490931771, 
        "short_term_average": 443246389
    }, 
    {
        "accumulated_operating_revenue_yoy": 0.3266850676955821, 
        "accumulated_operating_revenue": 314551279, 
        "long_term_average": 329595306, 
        "date": "2014-01-31", 
        "operating_revenue": 314551279, 
        "short_term_average": 420556612
    }, 
    {
        "accumulated_operating_revenue_yoy": 4.847009405511303, 
        "accumulated_operating_revenue": 575176815, 
        "long_term_average": 331725790, 
        "date": "2014-02-28", 
        "operating_revenue": 260625536, 
        "short_term_average": 355369528
    }, 
    {
        "accumulated_operating_revenue_yoy": 9.150745925064923, 
        "accumulated_operating_revenue": 882996058, 
        "long_term_average": 335678846, 
        "date": "2014-03-31", 
        "operating_revenue": 307819243, 
        "short_term_average": 294332019
    }, 
    {
        "accumulated_operating_revenue_yoy": 6.96896464768232, 
        "accumulated_operating_revenue": 1177437680, 
        "long_term_average": 335902399, 
        "date": "2014-04-30", 
        "operating_revenue": 294441622, 
        "short_term_average": 287628800
    }, 
    {
        "accumulated_operating_revenue_yoy": 3.15470784706487, 
        "accumulated_operating_revenue": 1445403951, 
        "long_term_average": 333193600, 
        "date": "2014-05-31", 
        "operating_revenue": 267966271, 
        "short_term_average": 290075712
    }, 
    {
        "accumulated_operating_revenue_yoy": 3.3156965743822453, 
        "accumulated_operating_revenue": 1762397224, 
        "long_term_average": 334223317, 
        "date": "2014-06-30", 
        "operating_revenue": 316993273, 
        "short_term_average": 293133722
    }, 
    {
        "accumulated_operating_revenue_yoy": 0.8237644101992163, 
        "accumulated_operating_revenue": 2022614910, 
        "long_term_average": 330887073, 
        "date": "2014-07-31", 
        "operating_revenue": 260217686, 
        "short_term_average": 281725743
    }, 
    {
        "accumulated_operating_revenue_yoy": 0.4890390810913906, 
        "accumulated_operating_revenue": 2297699840, 
        "long_term_average": 330441783, 
        "date": "2014-08-31", 
        "operating_revenue": 275084930, 
        "short_term_average": 284098629
    }, 
    {
        "accumulated_operating_revenue_yoy": 3.3810600284803773, 
        "accumulated_operating_revenue": 2713112133, 
        "long_term_average": 336904275, 
        "date": "2014-09-30", 
        "operating_revenue": 415412293, 
        "short_term_average": 316904969
    }, 
    {
        "accumulated_operating_revenue_yoy": 5.823433165211078, 
        "accumulated_operating_revenue": 3182111557, 
        "long_term_average": 344102509, 
        "date": "2014-10-31", 
        "operating_revenue": 468999424, 
        "short_term_average": 386498882
    }, 
    {
        "accumulated_operating_revenue_yoy": 6.748613878679797, 
        "accumulated_operating_revenue": 3696904822, 
        "long_term_average": 348986382, 
        "date": "2014-11-30", 
        "operating_revenue": 514793265, 
        "short_term_average": 466401660
    }, 
    {
        "accumulated_operating_revenue_yoy": 6.533805682242633, 
        "accumulated_operating_revenue": 4212473910, 
        "long_term_average": 351039492, 
        "date": "2014-12-31", 
        "operating_revenue": 515569088, 
        "short_term_average": 499787259
    }, 
    {
        "accumulated_operating_revenue_yoy": 25.895363153172873, 
        "accumulated_operating_revenue": 396005475, 
        "long_term_average": 357827342, 
        "date": "2015-01-31", 
        "operating_revenue": 396005475, 
        "short_term_average": 475455942
    }, 
    {
        "accumulated_operating_revenue_yoy": 17.53377385352363, 
        "accumulated_operating_revenue": 676027017, 
        "long_term_average": 359443676, 
        "date": "2015-02-28", 
        "operating_revenue": 280021542, 
        "short_term_average": 397198701
    }, 
    {
        "accumulated_operating_revenue_yoy": 14.873038991528546, 
        "accumulated_operating_revenue": 1014324406, 
        "long_term_average": 361983521, 
        "date": "2015-03-31", 
        "operating_revenue": 338297389, 
        "short_term_average": 338108135
    }, 
    {
        "accumulated_operating_revenue_yoy": 16.081894542393105, 
        "accumulated_operating_revenue": 1366791966, 
        "long_term_average": 366819016, 
        "date": "2015-04-30", 
        "operating_revenue": 352467560, 
        "short_term_average": 323595497
    }, 
    {
        "accumulated_operating_revenue_yoy": 15.427341321830937, 
        "accumulated_operating_revenue": 1668391352, 
        "long_term_average": 369621775, 
        "date": "2015-05-31", 
        "operating_revenue": 301599386, 
        "short_term_average": 330788111
    }, 
    {
        "accumulated_operating_revenue_yoy": 12.741173779788022, 
        "accumulated_operating_revenue": 1986947317, 
        "long_term_average": 369752000, 
        "date": "2015-06-30", 
        "operating_revenue": 318555965, 
        "short_term_average": 324207637
    }, 
    {
        "accumulated_operating_revenue_yoy": 13.671661651104905, 
        "accumulated_operating_revenue": 2299139977, 
        "long_term_average": 374083248, 
        "date": "2015-07-31", 
        "operating_revenue": 312192660, 
        "short_term_average": 310782670
    }, 
    {
        "accumulated_operating_revenue_yoy": 12.810861752943325, 
        "accumulated_operating_revenue": 2592054990, 
        "long_term_average": 375569088, 
        "date": "2015-08-31", 
        "operating_revenue": 292915013, 
        "short_term_average": 307887879
    }, 
    {
        "accumulated_operating_revenue_yoy": 12.526062998517428, 
        "accumulated_operating_revenue": 3052958268, 
        "long_term_average": 379360003, 
        "date": "2015-09-30", 
        "operating_revenue": 460903278, 
        "short_term_average": 355336983
    }
]