[
    {
        "date": "2012-01-31", 
        "operating_revenue": 551431, 
        "accumulated_operating_revenue": 551431, 
        "long_term_average": 551431, 
        "short_term_average": 551431
    }, 
    {
        "date": "2012-02-29", 
        "operating_revenue": 588129, 
        "accumulated_operating_revenue": 1139560, 
        "long_term_average": 569780, 
        "short_term_average": 569780
    }, 
    {
        "date": "2012-03-31", 
        "operating_revenue": 629482, 
        "accumulated_operating_revenue": 1769042, 
        "long_term_average": 589680, 
        "short_term_average": 589680
    }, 
    {
        "date": "2012-04-30", 
        "operating_revenue": 549851, 
        "accumulated_operating_revenue": 2318893, 
        "long_term_average": 579723, 
        "short_term_average": 589154
    }, 
    {
        "date": "2012-05-31", 
        "operating_revenue": 602838, 
        "accumulated_operating_revenue": 2921731, 
        "long_term_average": 584346, 
        "short_term_average": 594057
    }, 
    {
        "date": "2012-06-30", 
        "operating_revenue": 761007, 
        "accumulated_operating_revenue": 3682738, 
        "long_term_average": 613789, 
        "short_term_average": 637898
    }, 
    {
        "date": "2012-07-31", 
        "operating_revenue": 465824, 
        "accumulated_operating_revenue": 4148562, 
        "long_term_average": 592651, 
        "short_term_average": 609889
    }, 
    {
        "date": "2012-08-31", 
        "operating_revenue": 533582, 
        "accumulated_operating_revenue": 4682144, 
        "long_term_average": 585268, 
        "short_term_average": 586804
    }, 
    {
        "date": "2012-09-30", 
        "operating_revenue": 649679, 
        "accumulated_operating_revenue": 5331823, 
        "long_term_average": 592424, 
        "short_term_average": 549695
    }, 
    {
        "date": "2012-10-31", 
        "operating_revenue": 565742, 
        "accumulated_operating_revenue": 5897565, 
        "long_term_average": 589756, 
        "short_term_average": 583001
    }, 
    {
        "date": "2012-11-30", 
        "operating_revenue": 651521, 
        "accumulated_operating_revenue": 6549086, 
        "long_term_average": 595371, 
        "short_term_average": 622314
    }, 
    {
        "date": "2012-12-31", 
        "operating_revenue": 705091, 
        "accumulated_operating_revenue": 7254177, 
        "long_term_average": 604514, 
        "short_term_average": 640784
    }, 
    {
        "accumulated_operating_revenue_yoy": 17.298991170246143, 
        "accumulated_operating_revenue": 646823, 
        "long_term_average": 612464, 
        "date": "2013-01-31", 
        "operating_revenue": 646823, 
        "short_term_average": 667811
    }, 
    {
        "accumulated_operating_revenue_yoy": 6.846853171399488, 
        "accumulated_operating_revenue": 1217584, 
        "long_term_average": 611016, 
        "date": "2013-02-28", 
        "operating_revenue": 570761, 
        "short_term_average": 640891
    }, 
    {
        "accumulated_operating_revenue_yoy": -0.904670437445804, 
        "accumulated_operating_revenue": 1753038, 
        "long_term_average": 603181, 
        "date": "2013-03-31", 
        "operating_revenue": 535454, 
        "short_term_average": 584346
    }, 
    {
        "accumulated_operating_revenue_yoy": -3.09785746905959, 
        "accumulated_operating_revenue": 2247057, 
        "long_term_average": 598528, 
        "date": "2013-04-30", 
        "operating_revenue": 494019, 
        "short_term_average": 533411
    }, 
    {
        "accumulated_operating_revenue_yoy": -1.542031076782907, 
        "accumulated_operating_revenue": 2876677, 
        "long_term_average": 600760, 
        "date": "2013-05-31", 
        "operating_revenue": 629620, 
        "short_term_average": 553031
    }, 
    {
        "accumulated_operating_revenue_yoy": -1.0131592309852073, 
        "accumulated_operating_revenue": 3645426, 
        "long_term_average": 601405, 
        "date": "2013-06-30", 
        "operating_revenue": 768749, 
        "short_term_average": 630796
    }, 
    {
        "accumulated_operating_revenue_yoy": 3.780080905142553, 
        "accumulated_operating_revenue": 4305381, 
        "long_term_average": 617583, 
        "date": "2013-07-31", 
        "operating_revenue": 659955, 
        "short_term_average": 686108
    }, 
    {
        "accumulated_operating_revenue_yoy": 7.275449025062023, 
        "accumulated_operating_revenue": 5022791, 
        "long_term_average": 632902, 
        "date": "2013-08-31", 
        "operating_revenue": 717410, 
        "short_term_average": 715371
    }, 
    {
        "accumulated_operating_revenue_yoy": 3.1327746626247723, 
        "accumulated_operating_revenue": 5498857, 
        "long_term_average": 618434, 
        "date": "2013-09-30", 
        "operating_revenue": 476066, 
        "short_term_average": 617810
    }, 
    {
        "accumulated_operating_revenue_yoy": 1.0220828426647268, 
        "accumulated_operating_revenue": 5957843, 
        "long_term_average": 609537, 
        "date": "2013-10-31", 
        "operating_revenue": 458986, 
        "short_term_average": 550820
    }, 
    {
        "accumulated_operating_revenue_yoy": -1.1692013206117617, 
        "accumulated_operating_revenue": 6472514, 
        "long_term_average": 598133, 
        "date": "2013-11-30", 
        "operating_revenue": 514671, 
        "short_term_average": 483241
    }, 
    {
        "accumulated_operating_revenue_yoy": -2.456887941940209, 
        "accumulated_operating_revenue": 7075950, 
        "long_term_average": 589662, 
        "date": "2013-12-31", 
        "operating_revenue": 603436, 
        "short_term_average": 525697
    }, 
    {
        "accumulated_operating_revenue_yoy": -28.441165512048894, 
        "accumulated_operating_revenue": 462859, 
        "long_term_average": 574332, 
        "date": "2014-01-31", 
        "operating_revenue": 462859, 
        "short_term_average": 526988
    }, 
    {
        "accumulated_operating_revenue_yoy": -23.30755003350898, 
        "accumulated_operating_revenue": 933795, 
        "long_term_average": 566013, 
        "date": "2014-02-28", 
        "operating_revenue": 470936, 
        "short_term_average": 512410
    }, 
    {
        "accumulated_operating_revenue_yoy": -13.618928967883184, 
        "accumulated_operating_revenue": 1514293, 
        "long_term_average": 569767, 
        "date": "2014-03-31", 
        "operating_revenue": 580498, 
        "short_term_average": 504764
    }, 
    {
        "accumulated_operating_revenue_yoy": -5.236493778306469, 
        "accumulated_operating_revenue": 2129390, 
        "long_term_average": 579856, 
        "date": "2014-04-30", 
        "operating_revenue": 615097, 
        "short_term_average": 555510
    }, 
    {
        "accumulated_operating_revenue_yoy": -9.12240060319598, 
        "accumulated_operating_revenue": 2614255, 
        "long_term_average": 567794, 
        "date": "2014-05-31", 
        "operating_revenue": 484865, 
        "short_term_average": 560153
    }, 
    {
        "accumulated_operating_revenue_yoy": -4.805611196057745, 
        "accumulated_operating_revenue": 3470241, 
        "long_term_average": 575063, 
        "date": "2014-06-30", 
        "operating_revenue": 855986, 
        "short_term_average": 651982
    }, 
    {
        "accumulated_operating_revenue_yoy": -5.282575456155913, 
        "accumulated_operating_revenue": 4077946, 
        "long_term_average": 570709, 
        "date": "2014-07-31", 
        "operating_revenue": 607705, 
        "short_term_average": 649518
    }, 
    {
        "accumulated_operating_revenue_yoy": -9.35477904615183, 
        "accumulated_operating_revenue": 4552920, 
        "long_term_average": 550506, 
        "date": "2014-08-31", 
        "operating_revenue": 474974, 
        "short_term_average": 646221
    }, 
    {
        "accumulated_operating_revenue_yoy": -10.134669805015841, 
        "accumulated_operating_revenue": 4941566, 
        "long_term_average": 543221, 
        "date": "2014-09-30", 
        "operating_revenue": 388646, 
        "short_term_average": 490441
    }, 
    {
        "accumulated_operating_revenue_yoy": -8.071411079479605, 
        "accumulated_operating_revenue": 5476961, 
        "long_term_average": 549589, 
        "date": "2014-10-31", 
        "operating_revenue": 535395, 
        "short_term_average": 466338
    }, 
    {
        "accumulated_operating_revenue_yoy": -11.42875859364692, 
        "accumulated_operating_revenue": 5732786, 
        "long_term_average": 528018, 
        "date": "2014-11-30", 
        "operating_revenue": 255825, 
        "short_term_average": 393288
    }, 
    {
        "accumulated_operating_revenue_yoy": -12.875161639073198, 
        "accumulated_operating_revenue": 6164910, 
        "long_term_average": 513742, 
        "date": "2014-12-31", 
        "operating_revenue": 432124, 
        "short_term_average": 407781
    }, 
    {
        "accumulated_operating_revenue_yoy": -33.011781125569556, 
        "accumulated_operating_revenue": 310061, 
        "long_term_average": 501009, 
        "date": "2015-01-31", 
        "operating_revenue": 310061, 
        "short_term_average": 332670
    }, 
    {
        "accumulated_operating_revenue_yoy": -32.648707692801956, 
        "accumulated_operating_revenue": 628923, 
        "long_term_average": 488336, 
        "date": "2015-02-28", 
        "operating_revenue": 318862, 
        "short_term_average": 353682
    }, 
    {
        "accumulated_operating_revenue_yoy": -35.962987347891065, 
        "accumulated_operating_revenue": 969708, 
        "long_term_average": 468360, 
        "date": "2015-03-31", 
        "operating_revenue": 340785, 
        "short_term_average": 323236
    }, 
    {
        "accumulated_operating_revenue_yoy": -42.27511165169368, 
        "accumulated_operating_revenue": 1229188, 
        "long_term_average": 438725, 
        "date": "2015-04-30", 
        "operating_revenue": 259480, 
        "short_term_average": 306375
    }, 
    {
        "accumulated_operating_revenue_yoy": -42.78622399115618, 
        "accumulated_operating_revenue": 1495714, 
        "long_term_average": 420530, 
        "date": "2015-05-31", 
        "operating_revenue": 266526, 
        "short_term_average": 288930
    }, 
    {
        "accumulated_operating_revenue_yoy": -48.81450596658849, 
        "accumulated_operating_revenue": 1776260, 
        "long_term_average": 372577, 
        "date": "2015-06-30", 
        "operating_revenue": 280546, 
        "short_term_average": 268850
    }, 
    {
        "accumulated_operating_revenue_yoy": -46.14683470551106, 
        "accumulated_operating_revenue": 2196103, 
        "long_term_average": 356922, 
        "date": "2015-07-31", 
        "operating_revenue": 419843, 
        "short_term_average": 322305
    }, 
    {
        "accumulated_operating_revenue_yoy": -42.849028755172505, 
        "accumulated_operating_revenue": 2602038, 
        "long_term_average": 351169, 
        "date": "2015-08-31", 
        "operating_revenue": 405935, 
        "short_term_average": 368774
    }, 
    {
        "accumulated_operating_revenue_yoy": -37.87744613751997, 
        "accumulated_operating_revenue": 3069827, 
        "long_term_average": 357764, 
        "date": "2015-09-30", 
        "operating_revenue": 467789, 
        "short_term_average": 431189
    }
]