[
    {
        "date": "2011-09-30", 
        "operating_revenue": 2492945, 
        "accumulated_operating_revenue": 2492945, 
        "long_term_average": 2492945, 
        "short_term_average": 2492945
    }, 
    {
        "date": "2011-10-31", 
        "operating_revenue": 2248225, 
        "accumulated_operating_revenue": 4741170, 
        "long_term_average": 2370585, 
        "short_term_average": 2370585
    }, 
    {
        "date": "2011-11-30", 
        "operating_revenue": 2177059, 
        "accumulated_operating_revenue": 6918229, 
        "long_term_average": 2306076, 
        "short_term_average": 2306076
    }, 
    {
        "date": "2011-12-31", 
        "operating_revenue": 1886471, 
        "accumulated_operating_revenue": 8804700, 
        "long_term_average": 2201175, 
        "short_term_average": 2103918
    }, 
    {
        "date": "2012-01-31", 
        "operating_revenue": 1344648, 
        "accumulated_operating_revenue": 1344648, 
        "long_term_average": 2029869, 
        "short_term_average": 1802726
    }, 
    {
        "date": "2012-02-29", 
        "operating_revenue": 1844543, 
        "accumulated_operating_revenue": 3189191, 
        "long_term_average": 1998981, 
        "short_term_average": 1691887
    }, 
    {
        "date": "2012-03-31", 
        "operating_revenue": 1818452, 
        "accumulated_operating_revenue": 5007643, 
        "long_term_average": 1973191, 
        "short_term_average": 1669214
    }, 
    {
        "date": "2012-04-30", 
        "operating_revenue": 1698543, 
        "accumulated_operating_revenue": 6706186, 
        "long_term_average": 1938860, 
        "short_term_average": 1787179
    }, 
    {
        "date": "2012-05-31", 
        "operating_revenue": 1799812, 
        "accumulated_operating_revenue": 8505998, 
        "long_term_average": 1923410, 
        "short_term_average": 1772269
    }, 
    {
        "date": "2012-06-30", 
        "operating_revenue": 1537708, 
        "accumulated_operating_revenue": 10043706, 
        "long_term_average": 1884840, 
        "short_term_average": 1678687
    }, 
    {
        "date": "2012-07-31", 
        "operating_revenue": 1610186, 
        "accumulated_operating_revenue": 11653892, 
        "long_term_average": 1859872, 
        "short_term_average": 1649235
    }, 
    {
        "date": "2012-08-31", 
        "operating_revenue": 1648347, 
        "accumulated_operating_revenue": 13302239, 
        "long_term_average": 1842244, 
        "short_term_average": 1598747
    }, 
    {
        "accumulated_operating_revenue_yoy": 494.92989215566325, 
        "accumulated_operating_revenue": 14831275, 
        "long_term_average": 1761919, 
        "date": "2012-09-30", 
        "operating_revenue": 1529036, 
        "short_term_average": 1595856
    }, 
    {
        "accumulated_operating_revenue_yoy": 245.14805417228237, 
        "accumulated_operating_revenue": 16364056, 
        "long_term_average": 1702298, 
        "date": "2012-10-31", 
        "operating_revenue": 1532781, 
        "short_term_average": 1570054
    }, 
    {
        "accumulated_operating_revenue_yoy": 158.34623282923997, 
        "accumulated_operating_revenue": 17872984, 
        "long_term_average": 1646621, 
        "date": "2012-11-30", 
        "operating_revenue": 1508928, 
        "short_term_average": 1523581
    }, 
    {
        "accumulated_operating_revenue_yoy": 119.40867945529092, 
        "accumulated_operating_revenue": 19318276, 
        "long_term_average": 1609856, 
        "date": "2012-12-31", 
        "operating_revenue": 1445292, 
        "short_term_average": 1495667
    }, 
    {
        "accumulated_operating_revenue_yoy": 12.075130443060193, 
        "accumulated_operating_revenue": 1507016, 
        "long_term_average": 1623387, 
        "date": "2013-01-31", 
        "operating_revenue": 1507016, 
        "short_term_average": 1487078
    }, 
    {
        "accumulated_operating_revenue_yoy": -15.640236034781235, 
        "accumulated_operating_revenue": 2690394, 
        "long_term_average": 1568289, 
        "date": "2013-02-28", 
        "operating_revenue": 1183378, 
        "short_term_average": 1378562
    }, 
    {
        "accumulated_operating_revenue_yoy": -17.635462432126253, 
        "accumulated_operating_revenue": 4124522, 
        "long_term_average": 1536262, 
        "date": "2013-03-31", 
        "operating_revenue": 1434128, 
        "short_term_average": 1374840
    }, 
    {
        "accumulated_operating_revenue_yoy": -16.277523468630307, 
        "accumulated_operating_revenue": 5614585, 
        "long_term_average": 1518889, 
        "date": "2013-04-30", 
        "operating_revenue": 1490063, 
        "short_term_average": 1369189
    }, 
    {
        "accumulated_operating_revenue_yoy": -18.644725757048146, 
        "accumulated_operating_revenue": 6920078, 
        "long_term_average": 1477696, 
        "date": "2013-05-31", 
        "operating_revenue": 1305493, 
        "short_term_average": 1409894
    }, 
    {
        "accumulated_operating_revenue_yoy": -19.32477912037648, 
        "accumulated_operating_revenue": 8102782, 
        "long_term_average": 1448112, 
        "date": "2013-06-30", 
        "operating_revenue": 1182704, 
        "short_term_average": 1326086
    }, 
    {
        "accumulated_operating_revenue_yoy": -20.3782736273856, 
        "accumulated_operating_revenue": 9279030, 
        "long_term_average": 1411951, 
        "date": "2013-07-31", 
        "operating_revenue": 1176248, 
        "short_term_average": 1221481
    }, 
    {
        "accumulated_operating_revenue_yoy": -20.673617426359577, 
        "accumulated_operating_revenue": 10552185, 
        "long_term_average": 1380685, 
        "date": "2013-08-31", 
        "operating_revenue": 1273155, 
        "short_term_average": 1210702
    }, 
    {
        "accumulated_operating_revenue_yoy": -21.575488284048404, 
        "accumulated_operating_revenue": 11631355, 
        "long_term_average": 1343196, 
        "date": "2013-09-30", 
        "operating_revenue": 1079170, 
        "short_term_average": 1176191
    }, 
    {
        "accumulated_operating_revenue_yoy": -20.633808635218553, 
        "accumulated_operating_revenue": 12987528, 
        "long_term_average": 1328479, 
        "date": "2013-10-31", 
        "operating_revenue": 1356173, 
        "short_term_average": 1236166
    }, 
    {
        "accumulated_operating_revenue_yoy": -19.470716249731996, 
        "accumulated_operating_revenue": 14392986, 
        "long_term_average": 1319856, 
        "date": "2013-11-30", 
        "operating_revenue": 1405458, 
        "short_term_average": 1280267
    }, 
    {
        "accumulated_operating_revenue_yoy": -19.000039133926858, 
        "accumulated_operating_revenue": 15647796, 
        "long_term_average": 1303983, 
        "date": "2013-12-31", 
        "operating_revenue": 1254810, 
        "short_term_average": 1338813
    }, 
    {
        "accumulated_operating_revenue_yoy": -15.739448021786098, 
        "accumulated_operating_revenue": 1269820, 
        "long_term_average": 1284216, 
        "date": "2014-01-31", 
        "operating_revenue": 1269820, 
        "short_term_average": 1310029
    }, 
    {
        "accumulated_operating_revenue_yoy": -4.595535077761845, 
        "accumulated_operating_revenue": 2566756, 
        "long_term_average": 1293679, 
        "date": "2014-02-28", 
        "operating_revenue": 1296936, 
        "short_term_average": 1273855
    }, 
    {
        "accumulated_operating_revenue_yoy": -4.495066337384065, 
        "accumulated_operating_revenue": 3939122, 
        "long_term_average": 1288533, 
        "date": "2014-03-31", 
        "operating_revenue": 1372366, 
        "short_term_average": 1313040
    }, 
    {
        "accumulated_operating_revenue_yoy": -7.498434879870908, 
        "accumulated_operating_revenue": 5193579, 
        "long_term_average": 1268899, 
        "date": "2014-04-30", 
        "operating_revenue": 1254457, 
        "short_term_average": 1307919
    }, 
    {
        "accumulated_operating_revenue_yoy": -6.144453863092295, 
        "accumulated_operating_revenue": 6494877, 
        "long_term_average": 1268549, 
        "date": "2014-05-31", 
        "operating_revenue": 1301298, 
        "short_term_average": 1309373
    }, 
    {
        "accumulated_operating_revenue_yoy": -2.4755201361705153, 
        "accumulated_operating_revenue": 7902196, 
        "long_term_average": 1287267, 
        "date": "2014-06-30", 
        "operating_revenue": 1407319, 
        "short_term_average": 1321024
    }, 
    {
        "accumulated_operating_revenue_yoy": -1.2797027275480304, 
        "accumulated_operating_revenue": 9160286, 
        "long_term_average": 1294087, 
        "date": "2014-07-31", 
        "operating_revenue": 1258090, 
        "short_term_average": 1322235
    }, 
    {
        "accumulated_operating_revenue_yoy": -0.3947428897427405, 
        "accumulated_operating_revenue": 10510531, 
        "long_term_average": 1300511, 
        "date": "2014-08-31", 
        "operating_revenue": 1350245, 
        "short_term_average": 1338551
    }, 
    {
        "accumulated_operating_revenue_yoy": 2.555772736710383, 
        "accumulated_operating_revenue": 11928626, 
        "long_term_average": 1328755, 
        "date": "2014-09-30", 
        "operating_revenue": 1418095, 
        "short_term_average": 1342143
    }, 
    {
        "accumulated_operating_revenue_yoy": 3.0714082002364114, 
        "accumulated_operating_revenue": 13386428, 
        "long_term_average": 1337224, 
        "date": "2014-10-31", 
        "operating_revenue": 1457802, 
        "short_term_average": 1408714
    }, 
    {
        "accumulated_operating_revenue_yoy": 3.095771787730496, 
        "accumulated_operating_revenue": 14838560, 
        "long_term_average": 1341114, 
        "date": "2014-11-30", 
        "operating_revenue": 1452132, 
        "short_term_average": 1442676
    }, 
    {
        "accumulated_operating_revenue_yoy": 3.1783837161476285, 
        "accumulated_operating_revenue": 16145143, 
        "long_term_average": 1345428, 
        "date": "2014-12-31", 
        "operating_revenue": 1306583, 
        "short_term_average": 1405505
    }, 
    {
        "accumulated_operating_revenue_yoy": -5.635050637098171, 
        "accumulated_operating_revenue": 1198265, 
        "long_term_average": 1339465, 
        "date": "2015-01-31", 
        "operating_revenue": 1198265, 
        "short_term_average": 1318993
    }, 
    {
        "accumulated_operating_revenue_yoy": -11.240530849056164, 
        "accumulated_operating_revenue": 2278239, 
        "long_term_average": 1321385, 
        "date": "2015-02-28", 
        "operating_revenue": 1079974, 
        "short_term_average": 1194940
    }, 
    {
        "accumulated_operating_revenue_yoy": -11.261392767220716, 
        "accumulated_operating_revenue": 3495522, 
        "long_term_average": 1308461, 
        "date": "2015-03-31", 
        "operating_revenue": 1217283, 
        "short_term_average": 1165174
    }, 
    {
        "accumulated_operating_revenue_yoy": -8.463219679531205, 
        "accumulated_operating_revenue": 4754035, 
        "long_term_average": 1308799, 
        "date": "2015-04-30", 
        "operating_revenue": 1258513, 
        "short_term_average": 1185256
    }, 
    {
        "accumulated_operating_revenue_yoy": -9.620536308847727, 
        "accumulated_operating_revenue": 5870035, 
        "long_term_average": 1293358, 
        "date": "2015-05-31", 
        "operating_revenue": 1116000, 
        "short_term_average": 1197265
    }, 
    {
        "accumulated_operating_revenue_yoy": -12.055357776496558, 
        "accumulated_operating_revenue": 6949558, 
        "long_term_average": 1266042, 
        "date": "2015-06-30", 
        "operating_revenue": 1079523, 
        "short_term_average": 1151345
    }, 
    {
        "accumulated_operating_revenue_yoy": -12.800015196032088, 
        "accumulated_operating_revenue": 7987768, 
        "long_term_average": 1247718, 
        "date": "2015-07-31", 
        "operating_revenue": 1038210, 
        "short_term_average": 1077911
    }, 
    {
        "accumulated_operating_revenue_yoy": -14.081086864212663, 
        "accumulated_operating_revenue": 9030534, 
        "long_term_average": 1222095, 
        "date": "2015-08-31", 
        "operating_revenue": 1042766, 
        "short_term_average": 1053499
    }, 
    {
        "accumulated_operating_revenue_yoy": -15.307454521585303, 
        "accumulated_operating_revenue": 10102657, 
        "long_term_average": 1193264, 
        "date": "2015-09-30", 
        "operating_revenue": 1072123, 
        "short_term_average": 1051033
    }
]