[
    {
        "date": "2011-09-30", 
        "operating_revenue": 57141988, 
        "accumulated_operating_revenue": 57141988, 
        "long_term_average": 57141988, 
        "short_term_average": 57141988
    }, 
    {
        "date": "2011-10-31", 
        "operating_revenue": 59479582, 
        "accumulated_operating_revenue": 116621570, 
        "long_term_average": 58310785, 
        "short_term_average": 58310785
    }, 
    {
        "date": "2011-11-30", 
        "operating_revenue": 59779029, 
        "accumulated_operating_revenue": 176400599, 
        "long_term_average": 58800199, 
        "short_term_average": 58800199
    }, 
    {
        "date": "2011-12-31", 
        "operating_revenue": 52732185, 
        "accumulated_operating_revenue": 229132784, 
        "long_term_average": 57283196, 
        "short_term_average": 57330265
    }, 
    {
        "date": "2012-01-31", 
        "operating_revenue": 43872250, 
        "accumulated_operating_revenue": 43872250, 
        "long_term_average": 54601006, 
        "short_term_average": 52127821
    }, 
    {
        "date": "2012-02-29", 
        "operating_revenue": 58242087, 
        "accumulated_operating_revenue": 102114337, 
        "long_term_average": 55207853, 
        "short_term_average": 51615507
    }, 
    {
        "date": "2012-03-31", 
        "operating_revenue": 59640515, 
        "accumulated_operating_revenue": 161754852, 
        "long_term_average": 55841090, 
        "short_term_average": 53918284
    }, 
    {
        "date": "2012-04-30", 
        "operating_revenue": 50491373, 
        "accumulated_operating_revenue": 212246225, 
        "long_term_average": 55172376, 
        "short_term_average": 56124658
    }, 
    {
        "date": "2012-05-31", 
        "operating_revenue": 51587048, 
        "accumulated_operating_revenue": 263833273, 
        "long_term_average": 54774006, 
        "short_term_average": 53906312
    }, 
    {
        "date": "2012-06-30", 
        "operating_revenue": 62822220, 
        "accumulated_operating_revenue": 326655493, 
        "long_term_average": 55578827, 
        "short_term_average": 54966880
    }, 
    {
        "date": "2012-07-31", 
        "operating_revenue": 56040695, 
        "accumulated_operating_revenue": 382696188, 
        "long_term_average": 55620815, 
        "short_term_average": 56816654
    }, 
    {
        "date": "2012-08-31", 
        "operating_revenue": 51719251, 
        "accumulated_operating_revenue": 434415439, 
        "long_term_average": 55295685, 
        "short_term_average": 56860722
    }, 
    {
        "accumulated_operating_revenue_yoy": 774.2579467133695, 
        "accumulated_operating_revenue": 499568371, 
        "long_term_average": 55963263, 
        "date": "2012-09-30", 
        "operating_revenue": 65152932, 
        "short_term_average": 57637626
    }, 
    {
        "accumulated_operating_revenue_yoy": 380.16731638924085, 
        "accumulated_operating_revenue": 559978663, 
        "long_term_average": 56040823, 
        "date": "2012-10-31", 
        "operating_revenue": 60410292, 
        "short_term_average": 59094158
    }, 
    {
        "accumulated_operating_revenue_yoy": 253.48827585330363, 
        "accumulated_operating_revenue": 623555436, 
        "long_term_average": 56357301, 
        "date": "2012-11-30", 
        "operating_revenue": 63576773, 
        "short_term_average": 63046665
    }, 
    {
        "accumulated_operating_revenue_yoy": 198.47920540257564, 
        "accumulated_operating_revenue": 683913713, 
        "long_term_average": 56992809, 
        "date": "2012-12-31", 
        "operating_revenue": 60358277, 
        "short_term_average": 61448447
    }, 
    {
        "accumulated_operating_revenue_yoy": 30.34318276359202, 
        "accumulated_operating_revenue": 57184487, 
        "long_term_average": 58102162, 
        "date": "2013-01-31", 
        "operating_revenue": 57184487, 
        "short_term_average": 60373179
    }, 
    {
        "accumulated_operating_revenue_yoy": 0.3491928856180107, 
        "accumulated_operating_revenue": 102470913, 
        "long_term_average": 57022524, 
        "date": "2013-02-28", 
        "operating_revenue": 45286426, 
        "short_term_average": 54276396
    }, 
    {
        "accumulated_operating_revenue_yoy": 3.3829742553874054, 
        "accumulated_operating_revenue": 167226977, 
        "long_term_average": 57448819, 
        "date": "2013-03-31", 
        "operating_revenue": 64756064, 
        "short_term_average": 55742325
    }, 
    {
        "accumulated_operating_revenue_yoy": 5.703225110364154, 
        "accumulated_operating_revenue": 224351105, 
        "long_term_average": 58001549, 
        "date": "2013-04-30", 
        "operating_revenue": 57124128, 
        "short_term_average": 55722206
    }, 
    {
        "accumulated_operating_revenue_yoy": 5.130372998859776, 
        "accumulated_operating_revenue": 277368904, 
        "long_term_average": 58120778, 
        "date": "2013-05-31", 
        "operating_revenue": 53017799, 
        "short_term_average": 58299330
    }, 
    {
        "accumulated_operating_revenue_yoy": 2.361576084073382, 
        "accumulated_operating_revenue": 334369711, 
        "long_term_average": 57635660, 
        "date": "2013-06-30", 
        "operating_revenue": 57000807, 
        "short_term_average": 55714244
    }, 
    {
        "accumulated_operating_revenue_yoy": 0.6632187828325062, 
        "accumulated_operating_revenue": 385234301, 
        "long_term_average": 57204318, 
        "date": "2013-07-31", 
        "operating_revenue": 50864590, 
        "short_term_average": 53627732
    }, 
    {
        "accumulated_operating_revenue_yoy": 0.6722940157750701, 
        "accumulated_operating_revenue": 437335988, 
        "long_term_average": 57236188, 
        "date": "2013-08-31", 
        "operating_revenue": 52101687, 
        "short_term_average": 53322361
    }, 
    {
        "accumulated_operating_revenue_yoy": -0.05921431723306598, 
        "accumulated_operating_revenue": 499272555, 
        "long_term_average": 56968158, 
        "date": "2013-09-30", 
        "operating_revenue": 61936567, 
        "short_term_average": 54967614
    }, 
    {
        "accumulated_operating_revenue_yoy": 0.36931514299501084, 
        "accumulated_operating_revenue": 562046749, 
        "long_term_average": 57165149, 
        "date": "2013-10-31", 
        "operating_revenue": 62774194, 
        "short_term_average": 58937482
    }, 
    {
        "accumulated_operating_revenue_yoy": 0.7160903012318539, 
        "accumulated_operating_revenue": 628020656, 
        "long_term_average": 57364911, 
        "date": "2013-11-30", 
        "operating_revenue": 65973907, 
        "short_term_average": 63561556
    }, 
    {
        "accumulated_operating_revenue_yoy": 1.2836670523083955, 
        "accumulated_operating_revenue": 692692888, 
        "long_term_average": 57724407, 
        "date": "2013-12-31", 
        "operating_revenue": 64672232, 
        "short_term_average": 64473444
    }, 
    {
        "accumulated_operating_revenue_yoy": -6.488240420867989, 
        "accumulated_operating_revenue": 53474220, 
        "long_term_average": 57415218, 
        "date": "2014-01-31", 
        "operating_revenue": 53474220, 
        "short_term_average": 61373453
    }, 
    {
        "accumulated_operating_revenue_yoy": 0.504747137365703, 
        "accumulated_operating_revenue": 102988132, 
        "long_term_average": 57767508, 
        "date": "2014-02-28", 
        "operating_revenue": 49513912, 
        "short_term_average": 55886788
    }, 
    {
        "accumulated_operating_revenue_yoy": 2.000571953172364, 
        "accumulated_operating_revenue": 170572473, 
        "long_term_average": 58003198, 
        "date": "2014-03-31", 
        "operating_revenue": 67584341, 
        "short_term_average": 56857491
    }, 
    {
        "accumulated_operating_revenue_yoy": 1.5108456898395932, 
        "accumulated_operating_revenue": 227740704, 
        "long_term_average": 58006873, 
        "date": "2014-04-30", 
        "operating_revenue": 57168231, 
        "short_term_average": 58088828
    }, 
    {
        "accumulated_operating_revenue_yoy": 6.6238661706649, 
        "accumulated_operating_revenue": 295741449, 
        "long_term_average": 59255452, 
        "date": "2014-05-31", 
        "operating_revenue": 68000745, 
        "short_term_average": 64251105
    }, 
    {
        "accumulated_operating_revenue_yoy": 11.388060804347196, 
        "accumulated_operating_revenue": 372447937, 
        "long_term_average": 60897592, 
        "date": "2014-06-30", 
        "operating_revenue": 76706488, 
        "short_term_average": 67291821
    }, 
    {
        "accumulated_operating_revenue_yoy": 14.748482119197377, 
        "accumulated_operating_revenue": 442050513, 
        "long_term_average": 62459091, 
        "date": "2014-07-31", 
        "operating_revenue": 69602576, 
        "short_term_average": 71436603
    }, 
    {
        "accumulated_operating_revenue_yoy": 17.63072651592533, 
        "accumulated_operating_revenue": 514441500, 
        "long_term_average": 64149866, 
        "date": "2014-08-31", 
        "operating_revenue": 72390987, 
        "short_term_average": 72900017
    }, 
    {
        "accumulated_operating_revenue_yoy": 20.03297096913328, 
        "accumulated_operating_revenue": 599291681, 
        "long_term_average": 66059334, 
        "date": "2014-09-30", 
        "operating_revenue": 84850181, 
        "short_term_average": 75614581
    }, 
    {
        "accumulated_operating_revenue_yoy": 21.063481856382023, 
        "accumulated_operating_revenue": 680433364, 
        "long_term_average": 67589958, 
        "date": "2014-10-31", 
        "operating_revenue": 81141683, 
        "short_term_average": 79460950
    }, 
    {
        "accumulated_operating_revenue_yoy": 21.47341535849101, 
        "accumulated_operating_revenue": 762878140, 
        "long_term_average": 68962531, 
        "date": "2014-11-30", 
        "operating_revenue": 82444776, 
        "short_term_average": 82812213
    }, 
    {
        "accumulated_operating_revenue_yoy": 22.103205280779495, 
        "accumulated_operating_revenue": 845800219, 
        "long_term_average": 70483351, 
        "date": "2014-12-31", 
        "operating_revenue": 82922079, 
        "short_term_average": 82169512
    }, 
    {
        "accumulated_operating_revenue_yoy": 28.544315372903057, 
        "accumulated_operating_revenue": 68738070, 
        "long_term_average": 71755339, 
        "date": "2015-01-31", 
        "operating_revenue": 68738070, 
        "short_term_average": 78034975
    }, 
    {
        "accumulated_operating_revenue_yoy": 19.769533250685623, 
        "accumulated_operating_revenue": 123348405, 
        "long_term_average": 72180041, 
        "date": "2015-02-28", 
        "operating_revenue": 54610335, 
        "short_term_average": 68756828
    }, 
    {
        "accumulated_operating_revenue_yoy": 16.25826343034846, 
        "accumulated_operating_revenue": 198304595, 
        "long_term_average": 72794361, 
        "date": "2015-03-31", 
        "operating_revenue": 74956190, 
        "short_term_average": 66101531
    }, 
    {
        "accumulated_operating_revenue_yoy": 14.138137115796393, 
        "accumulated_operating_revenue": 259938997, 
        "long_term_average": 73166542, 
        "date": "2015-04-30", 
        "operating_revenue": 61634402, 
        "short_term_average": 63733642
    }, 
    {
        "accumulated_operating_revenue_yoy": 9.71893966746609, 
        "accumulated_operating_revenue": 324484382, 
        "long_term_average": 72878596, 
        "date": "2015-05-31", 
        "operating_revenue": 64545385, 
        "short_term_average": 67045325
    }, 
    {
        "accumulated_operating_revenue_yoy": 6.635843709882061, 
        "accumulated_operating_revenue": 397163000, 
        "long_term_average": 72542940, 
        "date": "2015-06-30", 
        "operating_revenue": 72678618, 
        "short_term_average": 66286135
    }, 
    {
        "accumulated_operating_revenue_yoy": 3.447487685643744, 
        "accumulated_operating_revenue": 457290150, 
        "long_term_average": 71753321, 
        "date": "2015-07-31", 
        "operating_revenue": 60127150, 
        "short_term_average": 65783717
    }, 
    {
        "accumulated_operating_revenue_yoy": 1.3750684966123456, 
        "accumulated_operating_revenue": 521515423, 
        "long_term_average": 71072845, 
        "date": "2015-08-31", 
        "operating_revenue": 64225273, 
        "short_term_average": 65677013
    }, 
    {
        "accumulated_operating_revenue_yoy": 2.2978158109957145, 
        "accumulated_operating_revenue": 613062300, 
        "long_term_average": 71630903, 
        "date": "2015-09-30", 
        "operating_revenue": 91546877, 
        "short_term_average": 71966433
    }, 
    {
        "accumulated_operating_revenue_yoy": 0.8414727000365021, 
        "accumulated_operating_revenue": 686159025, 
        "long_term_average": 70960490, 
        "date": "2015-10-31", 
        "operating_revenue": 73096725, 
        "short_term_average": 76289625
    }
]