[
    {
        "date": "2011-09-30", 
        "operating_revenue": 5339176, 
        "accumulated_operating_revenue": 5339176, 
        "long_term_average": 5339176, 
        "short_term_average": 5339176
    }, 
    {
        "date": "2011-10-31", 
        "operating_revenue": 5349214, 
        "accumulated_operating_revenue": 10688390, 
        "long_term_average": 5344195, 
        "short_term_average": 5344195
    }, 
    {
        "date": "2011-11-30", 
        "operating_revenue": 5257091, 
        "accumulated_operating_revenue": 15945481, 
        "long_term_average": 5315160, 
        "short_term_average": 5315160
    }, 
    {
        "date": "2011-12-31", 
        "operating_revenue": 5103442, 
        "accumulated_operating_revenue": 21048923, 
        "long_term_average": 5262230, 
        "short_term_average": 5236582
    }, 
    {
        "date": "2012-01-31", 
        "operating_revenue": 4887779, 
        "accumulated_operating_revenue": 4887779, 
        "long_term_average": 5187340, 
        "short_term_average": 5082770
    }, 
    {
        "date": "2012-02-29", 
        "operating_revenue": 4692014, 
        "accumulated_operating_revenue": 9579793, 
        "long_term_average": 5104786, 
        "short_term_average": 4894411
    }, 
    {
        "date": "2012-03-31", 
        "operating_revenue": 5537889, 
        "accumulated_operating_revenue": 15117682, 
        "long_term_average": 5166657, 
        "short_term_average": 5039227
    }, 
    {
        "date": "2012-04-30", 
        "operating_revenue": 5432170, 
        "accumulated_operating_revenue": 20549852, 
        "long_term_average": 5199846, 
        "short_term_average": 5220691
    }, 
    {
        "date": "2012-05-31", 
        "operating_revenue": 5725464, 
        "accumulated_operating_revenue": 26275316, 
        "long_term_average": 5258248, 
        "short_term_average": 5565174
    }, 
    {
        "date": "2012-06-30", 
        "operating_revenue": 5387853, 
        "accumulated_operating_revenue": 31663169, 
        "long_term_average": 5271209, 
        "short_term_average": 5515162
    }, 
    {
        "date": "2012-07-31", 
        "operating_revenue": 5541393, 
        "accumulated_operating_revenue": 37204562, 
        "long_term_average": 5295771, 
        "short_term_average": 5551570
    }, 
    {
        "date": "2012-08-31", 
        "operating_revenue": 5647183, 
        "accumulated_operating_revenue": 42851745, 
        "long_term_average": 5325055, 
        "short_term_average": 5525476
    }, 
    {
        "accumulated_operating_revenue_yoy": 808.5481167880587, 
        "accumulated_operating_revenue": 48508983, 
        "long_term_average": 5351560, 
        "date": "2012-09-30", 
        "operating_revenue": 5657238, 
        "short_term_average": 5615271
    }, 
    {
        "accumulated_operating_revenue_yoy": 408.1629599967815, 
        "accumulated_operating_revenue": 54314439, 
        "long_term_average": 5389581, 
        "date": "2012-10-31", 
        "operating_revenue": 5805456, 
        "short_term_average": 5703292
    }, 
    {
        "accumulated_operating_revenue_yoy": 275.2925923024837, 
        "accumulated_operating_revenue": 59842209, 
        "long_term_average": 5412137, 
        "date": "2012-11-30", 
        "operating_revenue": 5527770, 
        "short_term_average": 5663488
    }, 
    {
        "accumulated_operating_revenue_yoy": 207.16325961190506, 
        "accumulated_operating_revenue": 64654558, 
        "long_term_average": 5387879, 
        "date": "2012-12-31", 
        "operating_revenue": 4812349, 
        "short_term_average": 5381858
    }, 
    {
        "accumulated_operating_revenue_yoy": -5.853701650586085, 
        "accumulated_operating_revenue": 4601663, 
        "long_term_average": 5364036, 
        "date": "2013-01-31", 
        "operating_revenue": 4601663, 
        "short_term_average": 4980594
    }, 
    {
        "accumulated_operating_revenue_yoy": -7.5897568976699175, 
        "accumulated_operating_revenue": 8852710, 
        "long_term_average": 5327289, 
        "date": "2013-02-28", 
        "operating_revenue": 4251047, 
        "short_term_average": 4555019
    }, 
    {
        "accumulated_operating_revenue_yoy": -8.589094545049962, 
        "accumulated_operating_revenue": 13819210, 
        "long_term_average": 5279673, 
        "date": "2013-03-31", 
        "operating_revenue": 4966500, 
        "short_term_average": 4606403
    }, 
    {
        "accumulated_operating_revenue_yoy": -5.3965303497076285, 
        "accumulated_operating_revenue": 19440873, 
        "long_term_average": 5295464, 
        "date": "2013-04-30", 
        "operating_revenue": 5621663, 
        "short_term_average": 4946403
    }, 
    {
        "accumulated_operating_revenue_yoy": -3.259747665832068, 
        "accumulated_operating_revenue": 25418807, 
        "long_term_average": 5316504, 
        "date": "2013-05-31", 
        "operating_revenue": 5977934, 
        "short_term_average": 5522032
    }, 
    {
        "accumulated_operating_revenue_yoy": -0.7654319123900706, 
        "accumulated_operating_revenue": 31420809, 
        "long_term_average": 5367683, 
        "date": "2013-06-30", 
        "operating_revenue": 6002002, 
        "short_term_average": 5867199
    }, 
    {
        "accumulated_operating_revenue_yoy": 0.9311841918741041, 
        "accumulated_operating_revenue": 37551005, 
        "long_term_average": 5416750, 
        "date": "2013-07-31", 
        "operating_revenue": 6130196, 
        "short_term_average": 6036710
    }, 
    {
        "accumulated_operating_revenue_yoy": 2.822153450227056, 
        "accumulated_operating_revenue": 44061087, 
        "long_term_average": 5488658, 
        "date": "2013-08-31", 
        "operating_revenue": 6510082, 
        "short_term_average": 6214093
    }, 
    {
        "accumulated_operating_revenue_yoy": 4.130049479701523, 
        "accumulated_operating_revenue": 50512428, 
        "long_term_average": 5554833, 
        "date": "2013-09-30", 
        "operating_revenue": 6451341, 
        "short_term_average": 6363873
    }, 
    {
        "accumulated_operating_revenue_yoy": 5.068289483759559, 
        "accumulated_operating_revenue": 57067252, 
        "long_term_average": 5617280, 
        "date": "2013-10-31", 
        "operating_revenue": 6554824, 
        "short_term_average": 6505415
    }, 
    {
        "accumulated_operating_revenue_yoy": 5.722532736049232, 
        "accumulated_operating_revenue": 63266699, 
        "long_term_average": 5673254, 
        "date": "2013-11-30", 
        "operating_revenue": 6199447, 
        "short_term_average": 6401870
    }, 
    {
        "accumulated_operating_revenue_yoy": 7.271932784692457, 
        "accumulated_operating_revenue": 69356194, 
        "long_term_average": 5779682, 
        "date": "2013-12-31", 
        "operating_revenue": 6089495, 
        "short_term_average": 6281255
    }, 
    {
        "accumulated_operating_revenue_yoy": 30.917322715722555, 
        "accumulated_operating_revenue": 6024374, 
        "long_term_average": 5898242, 
        "date": "2014-01-31", 
        "operating_revenue": 6024374, 
        "short_term_average": 6104438
    }, 
    {
        "accumulated_operating_revenue_yoy": 31.01460456741495, 
        "accumulated_operating_revenue": 11598343, 
        "long_term_average": 6008485, 
        "date": "2014-02-28", 
        "operating_revenue": 5573969, 
        "short_term_average": 5895946
    }, 
    {
        "accumulated_operating_revenue_yoy": 30.690321660934305, 
        "accumulated_operating_revenue": 18060370, 
        "long_term_average": 6133112, 
        "date": "2014-03-31", 
        "operating_revenue": 6462027, 
        "short_term_average": 6020123
    }, 
    {
        "accumulated_operating_revenue_yoy": 27.99722008368657, 
        "accumulated_operating_revenue": 24883777, 
        "long_term_average": 6233258, 
        "date": "2014-04-30", 
        "operating_revenue": 6823407, 
        "short_term_average": 6286467
    }, 
    {
        "accumulated_operating_revenue_yoy": 27.093065382651517, 
        "accumulated_operating_revenue": 32305541, 
        "long_term_average": 6353577, 
        "date": "2014-05-31", 
        "operating_revenue": 7421764, 
        "short_term_average": 6902399
    }, 
    {
        "accumulated_operating_revenue_yoy": 27.267308744342007, 
        "accumulated_operating_revenue": 39988418, 
        "long_term_average": 6493650, 
        "date": "2014-06-30", 
        "operating_revenue": 7682877, 
        "short_term_average": 7309349
    }, 
    {
        "accumulated_operating_revenue_yoy": 26.165203834091788, 
        "accumulated_operating_revenue": 47376302, 
        "long_term_average": 6598457, 
        "date": "2014-07-31", 
        "operating_revenue": 7387884, 
        "short_term_average": 7497508
    }, 
    {
        "accumulated_operating_revenue_yoy": 23.42999617780651, 
        "accumulated_operating_revenue": 54384598, 
        "long_term_average": 6639975, 
        "date": "2014-08-31", 
        "operating_revenue": 7008296, 
        "short_term_average": 7359685
    }, 
    {
        "accumulated_operating_revenue_yoy": 22.030413980496046, 
        "accumulated_operating_revenue": 61640525, 
        "long_term_average": 6707024, 
        "date": "2014-09-30", 
        "operating_revenue": 7255927, 
        "short_term_average": 7217369
    }, 
    {
        "accumulated_operating_revenue_yoy": 20.94741306274919, 
        "accumulated_operating_revenue": 69021365, 
        "long_term_average": 6775858, 
        "date": "2014-10-31", 
        "operating_revenue": 7380840, 
        "short_term_average": 7215021
    }, 
    {
        "accumulated_operating_revenue_yoy": 20.483986370143953, 
        "accumulated_operating_revenue": 76226241, 
        "long_term_average": 6859644, 
        "date": "2014-11-30", 
        "operating_revenue": 7204876, 
        "short_term_average": 7280547
    }, 
    {
        "accumulated_operating_revenue_yoy": 19.775084543999057, 
        "accumulated_operating_revenue": 83071440, 
        "long_term_average": 6922620, 
        "date": "2014-12-31", 
        "operating_revenue": 6845199, 
        "short_term_average": 7143638
    }, 
    {
        "accumulated_operating_revenue_yoy": 14.300058396108875, 
        "accumulated_operating_revenue": 6885863, 
        "long_term_average": 6994410, 
        "date": "2015-01-31", 
        "operating_revenue": 6885863, 
        "short_term_average": 6978646
    }, 
    {
        "accumulated_operating_revenue_yoy": 15.206560109491502, 
        "accumulated_operating_revenue": 13362052, 
        "long_term_average": 7069595, 
        "date": "2015-02-28", 
        "operating_revenue": 6476189, 
        "short_term_average": 6735750
    }, 
    {
        "accumulated_operating_revenue_yoy": 15.198315427646278, 
        "accumulated_operating_revenue": 20805242, 
        "long_term_average": 7151359, 
        "date": "2015-03-31", 
        "operating_revenue": 7443190, 
        "short_term_average": 6935080
    }, 
    {
        "accumulated_operating_revenue_yoy": 11.560318998197099, 
        "accumulated_operating_revenue": 27760421, 
        "long_term_average": 7162340, 
        "date": "2015-04-30", 
        "operating_revenue": 6955179, 
        "short_term_average": 6958186
    }, 
    {
        "accumulated_operating_revenue_yoy": 8.861504594521415, 
        "accumulated_operating_revenue": 35168298, 
        "long_term_average": 7161183, 
        "date": "2015-05-31", 
        "operating_revenue": 7407877, 
        "short_term_average": 7268748
    }, 
    {
        "accumulated_operating_revenue_yoy": 5.143641841495205, 
        "accumulated_operating_revenue": 42045279, 
        "long_term_average": 7094025, 
        "date": "2015-06-30", 
        "operating_revenue": 6876981, 
        "short_term_average": 7080012
    }, 
    {
        "accumulated_operating_revenue_yoy": 2.153133437894752, 
        "accumulated_operating_revenue": 48396377, 
        "long_term_average": 7007626, 
        "date": "2015-07-31", 
        "operating_revenue": 6351098, 
        "short_term_average": 6878652
    }, 
    {
        "accumulated_operating_revenue_yoy": 1.3352787861004323, 
        "accumulated_operating_revenue": 55110784, 
        "long_term_average": 6983135, 
        "date": "2015-08-31", 
        "operating_revenue": 6714407, 
        "short_term_average": 6647495
    }, 
    {
        "accumulated_operating_revenue_yoy": 0.7048236529458501, 
        "accumulated_operating_revenue": 62074982, 
        "long_term_average": 6958824, 
        "date": "2015-09-30", 
        "operating_revenue": 6964198, 
        "short_term_average": 6676567
    }, 
    {
        "accumulated_operating_revenue_yoy": 0.1717801437279602, 
        "accumulated_operating_revenue": 69139930, 
        "long_term_average": 6932500, 
        "date": "2015-10-31", 
        "operating_revenue": 7064948, 
        "short_term_average": 6914517
    }
]