[
    {
        "date": "2011-09-30", 
        "operating_revenue": 2100372, 
        "accumulated_operating_revenue": 2100372, 
        "long_term_average": 2100372, 
        "short_term_average": 2100372
    }, 
    {
        "date": "2011-10-31", 
        "operating_revenue": 1828167, 
        "accumulated_operating_revenue": 3928539, 
        "long_term_average": 1964269, 
        "short_term_average": 1964269
    }, 
    {
        "date": "2011-11-30", 
        "operating_revenue": 1750995, 
        "accumulated_operating_revenue": 5679534, 
        "long_term_average": 1893178, 
        "short_term_average": 1893178
    }, 
    {
        "date": "2011-12-31", 
        "operating_revenue": 1790226, 
        "accumulated_operating_revenue": 7469760, 
        "long_term_average": 1867440, 
        "short_term_average": 1789796
    }, 
    {
        "date": "2012-01-31", 
        "operating_revenue": 1590397, 
        "accumulated_operating_revenue": 1590397, 
        "long_term_average": 1812031, 
        "short_term_average": 1710539
    }, 
    {
        "date": "2012-02-29", 
        "operating_revenue": 1751218, 
        "accumulated_operating_revenue": 3341615, 
        "long_term_average": 1801895, 
        "short_term_average": 1710613
    }, 
    {
        "date": "2012-03-31", 
        "operating_revenue": 2232646, 
        "accumulated_operating_revenue": 5574261, 
        "long_term_average": 1863431, 
        "short_term_average": 1858087
    }, 
    {
        "date": "2012-04-30", 
        "operating_revenue": 2120449, 
        "accumulated_operating_revenue": 7694710, 
        "long_term_average": 1895558, 
        "short_term_average": 2034771
    }, 
    {
        "date": "2012-05-31", 
        "operating_revenue": 2175370, 
        "accumulated_operating_revenue": 9870080, 
        "long_term_average": 1926648, 
        "short_term_average": 2176155
    }, 
    {
        "date": "2012-06-30", 
        "operating_revenue": 2021958, 
        "accumulated_operating_revenue": 11892038, 
        "long_term_average": 1936179, 
        "short_term_average": 2105925
    }, 
    {
        "date": "2012-07-31", 
        "operating_revenue": 2121026, 
        "accumulated_operating_revenue": 14013064, 
        "long_term_average": 1952984, 
        "short_term_average": 2106118
    }, 
    {
        "date": "2012-08-31", 
        "operating_revenue": 2154317, 
        "accumulated_operating_revenue": 16167381, 
        "long_term_average": 1969761, 
        "short_term_average": 2099100
    }, 
    {
        "accumulated_operating_revenue_yoy": 772.3205222693884, 
        "accumulated_operating_revenue": 18321976, 
        "long_term_average": 1974280, 
        "date": "2012-09-30", 
        "operating_revenue": 2154595, 
        "short_term_average": 2143312
    }, 
    {
        "accumulated_operating_revenue_yoy": 417.02836601596675, 
        "accumulated_operating_revenue": 20311661, 
        "long_term_average": 1987740, 
        "date": "2012-10-31", 
        "operating_revenue": 1989685, 
        "short_term_average": 2099532
    }, 
    {
        "accumulated_operating_revenue_yoy": 290.6686006281501, 
        "accumulated_operating_revenue": 22188156, 
        "long_term_average": 1998198, 
        "date": "2012-11-30", 
        "operating_revenue": 1876495, 
        "short_term_average": 2006925
    }, 
    {
        "accumulated_operating_revenue_yoy": 218.69839191620613, 
        "accumulated_operating_revenue": 23806005, 
        "long_term_average": 1983833, 
        "date": "2012-12-31", 
        "operating_revenue": 1617849, 
        "short_term_average": 1828009
    }, 
    {
        "accumulated_operating_revenue_yoy": 35.21428926236656, 
        "accumulated_operating_revenue": 2150444, 
        "long_term_average": 2030504, 
        "date": "2013-01-31", 
        "operating_revenue": 2150444, 
        "short_term_average": 1881596
    }, 
    {
        "accumulated_operating_revenue_yoy": 12.340889061127628, 
        "accumulated_operating_revenue": 3754000, 
        "long_term_average": 2018199, 
        "date": "2013-02-28", 
        "operating_revenue": 1603556, 
        "short_term_average": 1790616
    }, 
    {
        "accumulated_operating_revenue_yoy": 6.512648044287844, 
        "accumulated_operating_revenue": 5937293, 
        "long_term_average": 2014086, 
        "date": "2013-03-31", 
        "operating_revenue": 2183293, 
        "short_term_average": 1979097
    }, 
    {
        "accumulated_operating_revenue_yoy": 4.434215194594728, 
        "accumulated_operating_revenue": 8035910, 
        "long_term_average": 2012267, 
        "date": "2013-04-30", 
        "operating_revenue": 2098617, 
        "short_term_average": 1961822
    }, 
    {
        "accumulated_operating_revenue_yoy": 4.3534398910647125, 
        "accumulated_operating_revenue": 10299768, 
        "long_term_average": 2019641, 
        "date": "2013-05-31", 
        "operating_revenue": 2263858, 
        "short_term_average": 2181922
    }, 
    {
        "accumulated_operating_revenue_yoy": 4.241283117326064, 
        "accumulated_operating_revenue": 12396413, 
        "long_term_average": 2025865, 
        "date": "2013-06-30", 
        "operating_revenue": 2096645, 
        "short_term_average": 2153040
    }, 
    {
        "accumulated_operating_revenue_yoy": 3.538840613301987, 
        "accumulated_operating_revenue": 14508964, 
        "long_term_average": 2025158, 
        "date": "2013-07-31", 
        "operating_revenue": 2112551, 
        "short_term_average": 2157684
    }, 
    {
        "accumulated_operating_revenue_yoy": 3.4597811482267904, 
        "accumulated_operating_revenue": 16726737, 
        "long_term_average": 2030446, 
        "date": "2013-08-31", 
        "operating_revenue": 2217773, 
        "short_term_average": 2142323
    }, 
    {
        "accumulated_operating_revenue_yoy": 3.2222779901032506, 
        "accumulated_operating_revenue": 18912361, 
        "long_term_average": 2033032, 
        "date": "2013-09-30", 
        "operating_revenue": 2185624, 
        "short_term_average": 2171982
    }, 
    {
        "accumulated_operating_revenue_yoy": 2.917432503427465, 
        "accumulated_operating_revenue": 20904240, 
        "long_term_average": 2033215, 
        "date": "2013-10-31", 
        "operating_revenue": 1991879, 
        "short_term_average": 2131758
    }, 
    {
        "accumulated_operating_revenue_yoy": 3.0550938978435163, 
        "accumulated_operating_revenue": 22866025, 
        "long_term_average": 2040322, 
        "date": "2013-11-30", 
        "operating_revenue": 1961785, 
        "short_term_average": 2046429
    }, 
    {
        "accumulated_operating_revenue_yoy": 3.8995497144522986, 
        "accumulated_operating_revenue": 24734332, 
        "long_term_average": 2061194, 
        "date": "2013-12-31", 
        "operating_revenue": 1868307, 
        "short_term_average": 1940657
    }, 
    {
        "accumulated_operating_revenue_yoy": 9.651820740275031, 
        "accumulated_operating_revenue": 2358001, 
        "long_term_average": 2078490, 
        "date": "2014-01-31", 
        "operating_revenue": 2358001, 
        "short_term_average": 2062697
    }, 
    {
        "accumulated_operating_revenue_yoy": 12.164517847629195, 
        "accumulated_operating_revenue": 4210656, 
        "long_term_average": 2099249, 
        "date": "2014-02-28", 
        "operating_revenue": 1852655, 
        "short_term_average": 2026321
    }, 
    {
        "accumulated_operating_revenue_yoy": 10.287836561207271, 
        "accumulated_operating_revenue": 6548112, 
        "long_term_average": 2112095, 
        "date": "2014-03-31", 
        "operating_revenue": 2337456, 
        "short_term_average": 2182704
    }, 
    {
        "accumulated_operating_revenue_yoy": 11.356473628997836, 
        "accumulated_operating_revenue": 8948506, 
        "long_term_average": 2137244, 
        "date": "2014-04-30", 
        "operating_revenue": 2400394, 
        "short_term_average": 2196835
    }, 
    {
        "accumulated_operating_revenue_yoy": 10.276969345328943, 
        "accumulated_operating_revenue": 11358272, 
        "long_term_average": 2149403, 
        "date": "2014-05-31", 
        "operating_revenue": 2409766, 
        "short_term_average": 2382538
    }, 
    {
        "accumulated_operating_revenue_yoy": 10.051294676935981, 
        "accumulated_operating_revenue": 13642413, 
        "long_term_average": 2165027, 
        "date": "2014-06-30", 
        "operating_revenue": 2284141, 
        "short_term_average": 2364767
    }, 
    {
        "accumulated_operating_revenue_yoy": 10.164633394913656, 
        "accumulated_operating_revenue": 15983747, 
        "long_term_average": 2184092, 
        "date": "2014-07-31", 
        "operating_revenue": 2341334, 
        "short_term_average": 2345080
    }, 
    {
        "accumulated_operating_revenue_yoy": 9.739436926640265, 
        "accumulated_operating_revenue": 18355827, 
        "long_term_average": 2196951, 
        "date": "2014-08-31", 
        "operating_revenue": 2372080, 
        "short_term_average": 2332518
    }, 
    {
        "accumulated_operating_revenue_yoy": 10.013683643200338, 
        "accumulated_operating_revenue": 20806185, 
        "long_term_average": 2219013, 
        "date": "2014-09-30", 
        "operating_revenue": 2450358, 
        "short_term_average": 2387924
    }, 
    {
        "accumulated_operating_revenue_yoy": 9.67886419214475, 
        "accumulated_operating_revenue": 22927533, 
        "long_term_average": 2229802, 
        "date": "2014-10-31", 
        "operating_revenue": 2121348, 
        "short_term_average": 2314595
    }, 
    {
        "accumulated_operating_revenue_yoy": 9.684123060304534, 
        "accumulated_operating_revenue": 25080399, 
        "long_term_average": 2245725, 
        "date": "2014-11-30", 
        "operating_revenue": 2152866, 
        "short_term_average": 2241524
    }, 
    {
        "accumulated_operating_revenue_yoy": 9.268125777562943, 
        "accumulated_operating_revenue": 27026741, 
        "long_term_average": 2252228, 
        "date": "2014-12-31", 
        "operating_revenue": 1946342, 
        "short_term_average": 2073518
    }, 
    {
        "accumulated_operating_revenue_yoy": 9.435873860952562, 
        "accumulated_operating_revenue": 2580499, 
        "long_term_average": 2270769, 
        "date": "2015-01-31", 
        "operating_revenue": 2580499, 
        "short_term_average": 2226569
    }, 
    {
        "accumulated_operating_revenue_yoy": 4.992713724417288, 
        "accumulated_operating_revenue": 4420882, 
        "long_term_average": 2269747, 
        "date": "2015-02-28", 
        "operating_revenue": 1840383, 
        "short_term_average": 2122408
    }, 
    {
        "accumulated_operating_revenue_yoy": 5.854053809708814, 
        "accumulated_operating_revenue": 6931442, 
        "long_term_average": 2284172, 
        "date": "2015-03-31", 
        "operating_revenue": 2510560, 
        "short_term_average": 2310480
    }, 
    {
        "accumulated_operating_revenue_yoy": 4.0961697963883585, 
        "accumulated_operating_revenue": 9315052, 
        "long_term_average": 2282773, 
        "date": "2015-04-30", 
        "operating_revenue": 2383610, 
        "short_term_average": 2244851
    }, 
    {
        "accumulated_operating_revenue_yoy": 2.346184349168606, 
        "accumulated_operating_revenue": 11624758, 
        "long_term_average": 2274435, 
        "date": "2015-05-31", 
        "operating_revenue": 2309706, 
        "short_term_average": 2401292
    }, 
    {
        "accumulated_operating_revenue_yoy": 1.624360734424328, 
        "accumulated_operating_revenue": 13864015, 
        "long_term_average": 2270695, 
        "date": "2015-06-30", 
        "operating_revenue": 2239257, 
        "short_term_average": 2310857
    }, 
    {
        "accumulated_operating_revenue_yoy": 1.0121969523166252, 
        "accumulated_operating_revenue": 16145534, 
        "long_term_average": 2265710, 
        "date": "2015-07-31", 
        "operating_revenue": 2281519, 
        "short_term_average": 2276827
    }, 
    {
        "accumulated_operating_revenue_yoy": 0.752197108852682, 
        "accumulated_operating_revenue": 18493899, 
        "long_term_average": 2263734, 
        "date": "2015-08-31", 
        "operating_revenue": 2348365, 
        "short_term_average": 2289713
    }
]