[
    {
        "date": "2011-09-30", 
        "operating_revenue": 1410198, 
        "accumulated_operating_revenue": 1410198, 
        "long_term_average": 1410198, 
        "short_term_average": 1410198
    }, 
    {
        "date": "2011-10-31", 
        "operating_revenue": 1344850, 
        "accumulated_operating_revenue": 2755048, 
        "long_term_average": 1377524, 
        "short_term_average": 1377524
    }, 
    {
        "date": "2011-11-30", 
        "operating_revenue": 1269001, 
        "accumulated_operating_revenue": 4024049, 
        "long_term_average": 1341349, 
        "short_term_average": 1341349
    }, 
    {
        "date": "2011-12-31", 
        "operating_revenue": 1266695, 
        "accumulated_operating_revenue": 5290744, 
        "long_term_average": 1322686, 
        "short_term_average": 1293515
    }, 
    {
        "date": "2012-01-31", 
        "operating_revenue": 1934481, 
        "accumulated_operating_revenue": 1934481, 
        "long_term_average": 1445045, 
        "short_term_average": 1490059
    }, 
    {
        "date": "2012-02-29", 
        "operating_revenue": 502203, 
        "accumulated_operating_revenue": 2436684, 
        "long_term_average": 1287904, 
        "short_term_average": 1234459
    }, 
    {
        "date": "2012-03-31", 
        "operating_revenue": 1625037, 
        "accumulated_operating_revenue": 4061721, 
        "long_term_average": 1336066, 
        "short_term_average": 1353907
    }, 
    {
        "date": "2012-04-30", 
        "operating_revenue": 1063112, 
        "accumulated_operating_revenue": 5124833, 
        "long_term_average": 1301947, 
        "short_term_average": 1063450
    }, 
    {
        "date": "2012-05-31", 
        "operating_revenue": 1379692, 
        "accumulated_operating_revenue": 6504525, 
        "long_term_average": 1310585, 
        "short_term_average": 1355947
    }, 
    {
        "date": "2012-06-30", 
        "operating_revenue": 1494783, 
        "accumulated_operating_revenue": 7999308, 
        "long_term_average": 1329005, 
        "short_term_average": 1312529
    }, 
    {
        "date": "2012-07-31", 
        "operating_revenue": 1505264, 
        "accumulated_operating_revenue": 9504572, 
        "long_term_average": 1345028, 
        "short_term_average": 1459913
    }, 
    {
        "date": "2012-08-31", 
        "operating_revenue": 1601429, 
        "accumulated_operating_revenue": 11106001, 
        "long_term_average": 1366395, 
        "short_term_average": 1533825
    }, 
    {
        "accumulated_operating_revenue_yoy": 809.2367171134833, 
        "accumulated_operating_revenue": 12822038, 
        "long_term_average": 1391882, 
        "date": "2012-09-30", 
        "operating_revenue": 1716037, 
        "short_term_average": 1607576
    }, 
    {
        "accumulated_operating_revenue_yoy": 428.2842259009644, 
        "accumulated_operating_revenue": 14554484, 
        "long_term_average": 1424181, 
        "date": "2012-10-31", 
        "operating_revenue": 1732446, 
        "short_term_average": 1683304
    }, 
    {
        "accumulated_operating_revenue_yoy": 301.62135202628, 
        "accumulated_operating_revenue": 16161440, 
        "long_term_average": 1452344, 
        "date": "2012-11-30", 
        "operating_revenue": 1606956, 
        "short_term_average": 1685146
    }, 
    {
        "accumulated_operating_revenue_yoy": 231.73941131908856, 
        "accumulated_operating_revenue": 17551483, 
        "long_term_average": 1462623, 
        "date": "2012-12-31", 
        "operating_revenue": 1390043, 
        "short_term_average": 1576481
    }, 
    {
        "accumulated_operating_revenue_yoy": -37.64844420803306, 
        "accumulated_operating_revenue": 1206179, 
        "long_term_average": 1401931, 
        "date": "2013-01-31", 
        "operating_revenue": 1206179, 
        "short_term_average": 1401059
    }, 
    {
        "accumulated_operating_revenue_yoy": -19.440395225642717, 
        "accumulated_operating_revenue": 1962983, 
        "long_term_average": 1423148, 
        "date": "2013-02-28", 
        "operating_revenue": 756804, 
        "short_term_average": 1117675
    }, 
    {
        "accumulated_operating_revenue_yoy": -27.19866775684494, 
        "accumulated_operating_revenue": 2956987, 
        "long_term_average": 1370562, 
        "date": "2013-03-31", 
        "operating_revenue": 994004, 
        "short_term_average": 985662
    }, 
    {
        "accumulated_operating_revenue_yoy": -22.346503778757278, 
        "accumulated_operating_revenue": 3979612, 
        "long_term_average": 1367188, 
        "date": "2013-04-30", 
        "operating_revenue": 1022625, 
        "short_term_average": 924477
    }, 
    {
        "accumulated_operating_revenue_yoy": -20.080513181208467, 
        "accumulated_operating_revenue": 5198383, 
        "long_term_average": 1353778, 
        "date": "2013-05-31", 
        "operating_revenue": 1218771, 
        "short_term_average": 1078466
    }, 
    {
        "accumulated_operating_revenue_yoy": -18.68440370092013, 
        "accumulated_operating_revenue": 6504685, 
        "long_term_average": 1338071, 
        "date": "2013-06-30", 
        "operating_revenue": 1306302, 
        "short_term_average": 1182566
    }, 
    {
        "accumulated_operating_revenue_yoy": -17.782726039636504, 
        "accumulated_operating_revenue": 7814400, 
        "long_term_average": 1321775, 
        "date": "2013-07-31", 
        "operating_revenue": 1309715, 
        "short_term_average": 1278262
    }, 
    {
        "accumulated_operating_revenue_yoy": -17.880351352390477, 
        "accumulated_operating_revenue": 9120209, 
        "long_term_average": 1297140, 
        "date": "2013-08-31", 
        "operating_revenue": 1305809, 
        "short_term_average": 1307275
    }, 
    {
        "accumulated_operating_revenue_yoy": -15.805022571294828, 
        "accumulated_operating_revenue": 10795512, 
        "long_term_average": 1293746, 
        "date": "2013-09-30", 
        "operating_revenue": 1675303, 
        "short_term_average": 1430275
    }, 
    {
        "accumulated_operating_revenue_yoy": -13.536288885267247, 
        "accumulated_operating_revenue": 12584347, 
        "long_term_average": 1298445, 
        "date": "2013-10-31", 
        "operating_revenue": 1788835, 
        "short_term_average": 1589982
    }, 
    {
        "accumulated_operating_revenue_yoy": -13.553303418507262, 
        "accumulated_operating_revenue": 13971031, 
        "long_term_average": 1280089, 
        "date": "2013-11-30", 
        "operating_revenue": 1386684, 
        "short_term_average": 1616940
    }, 
    {
        "accumulated_operating_revenue_yoy": -11.728273901413345, 
        "accumulated_operating_revenue": 15492997, 
        "long_term_average": 1291083, 
        "date": "2013-12-31", 
        "operating_revenue": 1521966, 
        "short_term_average": 1565828
    }, 
    {
        "accumulated_operating_revenue_yoy": -7.31044065598887, 
        "accumulated_operating_revenue": 1118002, 
        "long_term_average": 1283735, 
        "date": "2014-01-31", 
        "operating_revenue": 1118002, 
        "short_term_average": 1342217
    }, 
    {
        "accumulated_operating_revenue_yoy": 11.60580606148907, 
        "accumulated_operating_revenue": 2190803, 
        "long_term_average": 1310068, 
        "date": "2014-02-28", 
        "operating_revenue": 1072801, 
        "short_term_average": 1237589
    }, 
    {
        "accumulated_operating_revenue_yoy": 15.918162643258155, 
        "accumulated_operating_revenue": 3427685, 
        "long_term_average": 1330307, 
        "date": "2014-03-31", 
        "operating_revenue": 1236882, 
        "short_term_average": 1142561
    }, 
    {
        "accumulated_operating_revenue_yoy": 19.992476653502905, 
        "accumulated_operating_revenue": 4775235, 
        "long_term_average": 1357385, 
        "date": "2014-04-30", 
        "operating_revenue": 1347550, 
        "short_term_average": 1219077
    }, 
    {
        "accumulated_operating_revenue_yoy": 17.501019066890606, 
        "accumulated_operating_revenue": 6108153, 
        "long_term_average": 1366897, 
        "date": "2014-05-31", 
        "operating_revenue": 1332918, 
        "short_term_average": 1305783
    }, 
    {
        "accumulated_operating_revenue_yoy": 16.564107255001588, 
        "accumulated_operating_revenue": 7582128, 
        "long_term_average": 1380870, 
        "date": "2014-06-30", 
        "operating_revenue": 1473975, 
        "short_term_average": 1384814
    }, 
    {
        "accumulated_operating_revenue_yoy": 16.281595515970515, 
        "accumulated_operating_revenue": 9086709, 
        "long_term_average": 1397108, 
        "date": "2014-07-31", 
        "operating_revenue": 1504581, 
        "short_term_average": 1437158
    }, 
    {
        "accumulated_operating_revenue_yoy": 18.479532651060957, 
        "accumulated_operating_revenue": 10805581, 
        "long_term_average": 1431530, 
        "date": "2014-08-31", 
        "operating_revenue": 1718872, 
        "short_term_average": 1565809
    }, 
    {
        "accumulated_operating_revenue_yoy": 15.508602093166123, 
        "accumulated_operating_revenue": 12469745, 
        "long_term_average": 1430602, 
        "date": "2014-09-30", 
        "operating_revenue": 1664164, 
        "short_term_average": 1629205
    }, 
    {
        "accumulated_operating_revenue_yoy": 11.082585373718636, 
        "accumulated_operating_revenue": 13979018, 
        "long_term_average": 1407305, 
        "date": "2014-10-31", 
        "operating_revenue": 1509273, 
        "short_term_average": 1630769
    }, 
    {
        "accumulated_operating_revenue_yoy": 10.9134608605478, 
        "accumulated_operating_revenue": 15495754, 
        "long_term_average": 1418143, 
        "date": "2014-11-30", 
        "operating_revenue": 1516736, 
        "short_term_average": 1563391
    }, 
    {
        "accumulated_operating_revenue_yoy": 10.277004507262216, 
        "accumulated_operating_revenue": 17085213, 
        "long_term_average": 1423767, 
        "date": "2014-12-31", 
        "operating_revenue": 1589459, 
        "short_term_average": 1538489
    }, 
    {
        "accumulated_operating_revenue_yoy": 1.9339858068232436, 
        "accumulated_operating_revenue": 1139624, 
        "long_term_average": 1425569, 
        "date": "2015-01-31", 
        "operating_revenue": 1139624, 
        "short_term_average": 1415273
    }, 
    {
        "accumulated_operating_revenue_yoy": -9.79449087845872, 
        "accumulated_operating_revenue": 1976225, 
        "long_term_average": 1405886, 
        "date": "2015-02-28", 
        "operating_revenue": 836601, 
        "short_term_average": 1188561
    }, 
    {
        "accumulated_operating_revenue_yoy": -0.3630146877557302, 
        "accumulated_operating_revenue": 3415242, 
        "long_term_average": 1422730, 
        "date": "2015-03-31", 
        "operating_revenue": 1439017, 
        "short_term_average": 1138414
    }, 
    {
        "accumulated_operating_revenue_yoy": 4.409856268853784, 
        "accumulated_operating_revenue": 4985816, 
        "long_term_average": 1441316, 
        "date": "2015-04-30", 
        "operating_revenue": 1570574, 
        "short_term_average": 1282064
    }, 
    {
        "accumulated_operating_revenue_yoy": 9.030913272801124, 
        "accumulated_operating_revenue": 6659775, 
        "long_term_average": 1469736, 
        "date": "2015-05-31", 
        "operating_revenue": 1673959, 
        "short_term_average": 1561183
    }, 
    {
        "accumulated_operating_revenue_yoy": 9.348074841258287, 
        "accumulated_operating_revenue": 8290911, 
        "long_term_average": 1482833, 
        "date": "2015-06-30", 
        "operating_revenue": 1631136, 
        "short_term_average": 1625223
    }, 
    {
        "accumulated_operating_revenue_yoy": 8.155086731620877, 
        "accumulated_operating_revenue": 9827738, 
        "long_term_average": 1485520, 
        "date": "2015-07-31", 
        "operating_revenue": 1536827, 
        "short_term_average": 1613974
    }, 
    {
        "accumulated_operating_revenue_yoy": 6.8252415117706295, 
        "accumulated_operating_revenue": 11543088, 
        "long_term_average": 1485226, 
        "date": "2015-08-31", 
        "operating_revenue": 1715350, 
        "short_term_average": 1627771
    }, 
    {
        "accumulated_operating_revenue_yoy": 10.114040022470387, 
        "accumulated_operating_revenue": 13730940, 
        "long_term_average": 1528867, 
        "date": "2015-09-30", 
        "operating_revenue": 2187852, 
        "short_term_average": 1813343
    }
]