[
    {
        "date": "2012-01-31", 
        "operating_revenue": 922470, 
        "accumulated_operating_revenue": 922470, 
        "long_term_average": 922470, 
        "short_term_average": 922470
    }, 
    {
        "date": "2012-02-29", 
        "operating_revenue": 920541, 
        "accumulated_operating_revenue": 1843011, 
        "long_term_average": 921505, 
        "short_term_average": 921505
    }, 
    {
        "date": "2012-03-31", 
        "operating_revenue": 1001920, 
        "accumulated_operating_revenue": 2844931, 
        "long_term_average": 948310, 
        "short_term_average": 948310
    }, 
    {
        "date": "2012-04-30", 
        "operating_revenue": 910098, 
        "accumulated_operating_revenue": 3755029, 
        "long_term_average": 938757, 
        "short_term_average": 944186
    }, 
    {
        "date": "2012-05-31", 
        "operating_revenue": 902500, 
        "accumulated_operating_revenue": 4657529, 
        "long_term_average": 931505, 
        "short_term_average": 938172
    }, 
    {
        "date": "2012-06-30", 
        "operating_revenue": 908645, 
        "accumulated_operating_revenue": 5566174, 
        "long_term_average": 927695, 
        "short_term_average": 907081
    }, 
    {
        "date": "2012-07-31", 
        "operating_revenue": 944046, 
        "accumulated_operating_revenue": 6510220, 
        "long_term_average": 930031, 
        "short_term_average": 918397
    }, 
    {
        "date": "2012-08-31", 
        "operating_revenue": 857669, 
        "accumulated_operating_revenue": 7367889, 
        "long_term_average": 920986, 
        "short_term_average": 903453
    }, 
    {
        "date": "2012-09-30", 
        "operating_revenue": 837563, 
        "accumulated_operating_revenue": 8205452, 
        "long_term_average": 911716, 
        "short_term_average": 879759
    }, 
    {
        "date": "2012-10-31", 
        "operating_revenue": 853489, 
        "accumulated_operating_revenue": 9058941, 
        "long_term_average": 905894, 
        "short_term_average": 849573
    }, 
    {
        "date": "2012-11-30", 
        "operating_revenue": 792811, 
        "accumulated_operating_revenue": 9851752, 
        "long_term_average": 895613, 
        "short_term_average": 827954
    }, 
    {
        "date": "2012-12-31", 
        "operating_revenue": 801845, 
        "accumulated_operating_revenue": 10653597, 
        "long_term_average": 887799, 
        "short_term_average": 816048
    }, 
    {
        "accumulated_operating_revenue_yoy": -11.989332986438583, 
        "accumulated_operating_revenue": 811872, 
        "long_term_average": 878583, 
        "date": "2013-01-31", 
        "operating_revenue": 811872, 
        "short_term_average": 802176
    }, 
    {
        "accumulated_operating_revenue_yoy": -20.630967476591294, 
        "accumulated_operating_revenue": 1462780, 
        "long_term_average": 856113, 
        "date": "2013-02-28", 
        "operating_revenue": 650908, 
        "short_term_average": 754875
    }, 
    {
        "accumulated_operating_revenue_yoy": -20.761593163419427, 
        "accumulated_operating_revenue": 2254278, 
        "long_term_average": 838578, 
        "date": "2013-03-31", 
        "operating_revenue": 791498, 
        "short_term_average": 751426
    }, 
    {
        "accumulated_operating_revenue_yoy": -17.934854830681736, 
        "accumulated_operating_revenue": 3081570, 
        "long_term_average": 831678, 
        "date": "2013-04-30", 
        "operating_revenue": 827292, 
        "short_term_average": 756566
    }, 
    {
        "accumulated_operating_revenue_yoy": -17.68330374325098, 
        "accumulated_operating_revenue": 3833924, 
        "long_term_average": 819166, 
        "date": "2013-05-31", 
        "operating_revenue": 752354, 
        "short_term_average": 790381
    }, 
    {
        "accumulated_operating_revenue_yoy": -19.155689347835693, 
        "accumulated_operating_revenue": 4499935, 
        "long_term_average": 798946, 
        "date": "2013-06-30", 
        "operating_revenue": 666011, 
        "short_term_average": 748552
    }, 
    {
        "accumulated_operating_revenue_yoy": -17.743517116165044, 
        "accumulated_operating_revenue": 5355078, 
        "long_term_average": 791537, 
        "date": "2013-07-31", 
        "operating_revenue": 855143, 
        "short_term_average": 757836
    }, 
    {
        "accumulated_operating_revenue_yoy": -16.23602092811116, 
        "accumulated_operating_revenue": 6171637, 
        "long_term_average": 788112, 
        "date": "2013-08-31", 
        "operating_revenue": 816559, 
        "short_term_average": 779237
    }, 
    {
        "accumulated_operating_revenue_yoy": -14.814491633123927, 
        "accumulated_operating_revenue": 6989856, 
        "long_term_average": 786500, 
        "date": "2013-09-30", 
        "operating_revenue": 818219, 
        "short_term_average": 829973
    }, 
    {
        "accumulated_operating_revenue_yoy": -14.000146374725258, 
        "accumulated_operating_revenue": 7790676, 
        "long_term_average": 782111, 
        "date": "2013-10-31", 
        "operating_revenue": 800820, 
        "short_term_average": 811866
    }, 
    {
        "accumulated_operating_revenue_yoy": -12.58135608772937, 
        "accumulated_operating_revenue": 8612268, 
        "long_term_average": 784509, 
        "date": "2013-11-30", 
        "operating_revenue": 821592, 
        "short_term_average": 813543
    }, 
    {
        "accumulated_operating_revenue_yoy": -10.337278573612274, 
        "accumulated_operating_revenue": 9552305, 
        "long_term_average": 796025, 
        "date": "2013-12-31", 
        "operating_revenue": 940037, 
        "short_term_average": 854149
    }, 
    {
        "accumulated_operating_revenue_yoy": 12.246881281778409, 
        "accumulated_operating_revenue": 911301, 
        "long_term_average": 804311, 
        "date": "2014-01-31", 
        "operating_revenue": 911301, 
        "short_term_average": 890976
    }, 
    {
        "accumulated_operating_revenue_yoy": 25.719588728311845, 
        "accumulated_operating_revenue": 1839001, 
        "long_term_average": 827377, 
        "date": "2014-02-28", 
        "operating_revenue": 927700, 
        "short_term_average": 926346
    }, 
    {
        "accumulated_operating_revenue_yoy": 32.06144051443522, 
        "accumulated_operating_revenue": 2977032, 
        "long_term_average": 856254, 
        "date": "2014-03-31", 
        "operating_revenue": 1138031, 
        "short_term_average": 992344
    }, 
    {
        "accumulated_operating_revenue_yoy": 32.18612590335446, 
        "accumulated_operating_revenue": 4073408, 
        "long_term_average": 878678, 
        "date": "2014-04-30", 
        "operating_revenue": 1096376, 
        "short_term_average": 1054035
    }, 
    {
        "accumulated_operating_revenue_yoy": 35.43742651132364, 
        "accumulated_operating_revenue": 5192568, 
        "long_term_average": 909245, 
        "date": "2014-05-31", 
        "operating_revenue": 1119160, 
        "short_term_average": 1117855
    }, 
    {
        "accumulated_operating_revenue_yoy": 40.1154461119994, 
        "accumulated_operating_revenue": 6305104, 
        "long_term_average": 946456, 
        "date": "2014-06-30", 
        "operating_revenue": 1112536, 
        "short_term_average": 1109357
    }, 
    {
        "accumulated_operating_revenue_yoy": 39.140718398499516, 
        "accumulated_operating_revenue": 7451094, 
        "long_term_average": 970693, 
        "date": "2014-07-31", 
        "operating_revenue": 1145990, 
        "short_term_average": 1125895
    }, 
    {
        "accumulated_operating_revenue_yoy": 39.636339596771485, 
        "accumulated_operating_revenue": 8617848, 
        "long_term_average": 999876, 
        "date": "2014-08-31", 
        "operating_revenue": 1166754, 
        "short_term_average": 1141760
    }, 
    {
        "accumulated_operating_revenue_yoy": 40.738092458557084, 
        "accumulated_operating_revenue": 9837390, 
        "long_term_average": 1033319, 
        "date": "2014-09-30", 
        "operating_revenue": 1219542, 
        "short_term_average": 1177428
    }, 
    {
        "accumulated_operating_revenue_yoy": 43.24522031207562, 
        "accumulated_operating_revenue": 11159771, 
        "long_term_average": 1076783, 
        "date": "2014-10-31", 
        "operating_revenue": 1322381, 
        "short_term_average": 1236225
    }, 
    {
        "accumulated_operating_revenue_yoy": 44.36041702371547, 
        "accumulated_operating_revenue": 12432706, 
        "long_term_average": 1114395, 
        "date": "2014-11-30", 
        "operating_revenue": 1272935, 
        "short_term_average": 1271619
    }, 
    {
        "accumulated_operating_revenue_yoy": 44.79472755528639, 
        "accumulated_operating_revenue": 13831234, 
        "long_term_average": 1152602, 
        "date": "2014-12-31", 
        "operating_revenue": 1398528, 
        "short_term_average": 1331281
    }, 
    {
        "accumulated_operating_revenue_yoy": 45.150833807929544, 
        "accumulated_operating_revenue": 1322761, 
        "long_term_average": 1186891, 
        "date": "2015-01-31", 
        "operating_revenue": 1322761, 
        "short_term_average": 1331408
    }, 
    {
        "accumulated_operating_revenue_yoy": 27.448815960404588, 
        "accumulated_operating_revenue": 2343785, 
        "long_term_average": 1194668, 
        "date": "2015-02-28", 
        "operating_revenue": 1021024, 
        "short_term_average": 1247437
    }, 
    {
        "accumulated_operating_revenue_yoy": 26.82775999720527, 
        "accumulated_operating_revenue": 3775703, 
        "long_term_average": 1219158, 
        "date": "2015-03-31", 
        "operating_revenue": 1431918, 
        "short_term_average": 1258567
    }, 
    {
        "accumulated_operating_revenue_yoy": 28.481679222901313, 
        "accumulated_operating_revenue": 5233583, 
        "long_term_average": 1249284, 
        "date": "2015-04-30", 
        "operating_revenue": 1457880, 
        "short_term_average": 1303607
    }, 
    {
        "accumulated_operating_revenue_yoy": 26.177837247388965, 
        "accumulated_operating_revenue": 6551870, 
        "long_term_average": 1265878, 
        "date": "2015-05-31", 
        "operating_revenue": 1318287, 
        "short_term_average": 1402695
    }, 
    {
        "accumulated_operating_revenue_yoy": 25.922744493984556, 
        "accumulated_operating_revenue": 7939560, 
        "long_term_average": 1288807, 
        "date": "2015-06-30", 
        "operating_revenue": 1387690, 
        "short_term_average": 1387952
    }, 
    {
        "accumulated_operating_revenue_yoy": 23.613941791634893, 
        "accumulated_operating_revenue": 9210591, 
        "long_term_average": 1299227, 
        "date": "2015-07-31", 
        "operating_revenue": 1271031, 
        "short_term_average": 1325669
    }, 
    {
        "accumulated_operating_revenue_yoy": 20.891723780693276, 
        "accumulated_operating_revenue": 10418265, 
        "long_term_average": 1302637, 
        "date": "2015-08-31", 
        "operating_revenue": 1207674, 
        "short_term_average": 1288798
    }, 
    {
        "accumulated_operating_revenue_yoy": 18.685504996752186, 
        "accumulated_operating_revenue": 11675556, 
        "long_term_average": 1305783, 
        "date": "2015-09-30", 
        "operating_revenue": 1257291, 
        "short_term_average": 1245332
    }
]