[
    {
        "date": "2011-09-30", 
        "operating_revenue": 33406409, 
        "accumulated_operating_revenue": 33406409, 
        "long_term_average": 33406409, 
        "short_term_average": 33406409
    }, 
    {
        "date": "2011-10-31", 
        "operating_revenue": 37609824, 
        "accumulated_operating_revenue": 71016233, 
        "long_term_average": 35508116, 
        "short_term_average": 35508116
    }, 
    {
        "date": "2011-11-30", 
        "operating_revenue": 35859379, 
        "accumulated_operating_revenue": 106875612, 
        "long_term_average": 35625204, 
        "short_term_average": 35625204
    }, 
    {
        "date": "2011-12-31", 
        "operating_revenue": 31241963, 
        "accumulated_operating_revenue": 138117575, 
        "long_term_average": 34529393, 
        "short_term_average": 34903722
    }, 
    {
        "date": "2012-01-31", 
        "operating_revenue": 34606486, 
        "accumulated_operating_revenue": 34606486, 
        "long_term_average": 34544812, 
        "short_term_average": 33902609
    }, 
    {
        "date": "2012-02-29", 
        "operating_revenue": 33893476, 
        "accumulated_operating_revenue": 68499962, 
        "long_term_average": 34436256, 
        "short_term_average": 33247308
    }, 
    {
        "date": "2012-03-31", 
        "operating_revenue": 37114869, 
        "accumulated_operating_revenue": 105614831, 
        "long_term_average": 34818915, 
        "short_term_average": 35204943
    }, 
    {
        "date": "2012-04-30", 
        "operating_revenue": 40542396, 
        "accumulated_operating_revenue": 146157227, 
        "long_term_average": 35534350, 
        "short_term_average": 37183580
    }, 
    {
        "date": "2012-05-31", 
        "operating_revenue": 44177010, 
        "accumulated_operating_revenue": 190334237, 
        "long_term_average": 36494645, 
        "short_term_average": 40611425
    }, 
    {
        "date": "2012-06-30", 
        "operating_revenue": 43466925, 
        "accumulated_operating_revenue": 233801162, 
        "long_term_average": 37191873, 
        "short_term_average": 42728777
    }, 
    {
        "date": "2012-07-31", 
        "operating_revenue": 48567302, 
        "accumulated_operating_revenue": 282368464, 
        "long_term_average": 38226003, 
        "short_term_average": 45403745
    }, 
    {
        "date": "2012-08-31", 
        "operating_revenue": 49539595, 
        "accumulated_operating_revenue": 331908059, 
        "long_term_average": 39168802, 
        "short_term_average": 47191274
    }, 
    {
        "accumulated_operating_revenue_yoy": 1023.4383647760524, 
        "accumulated_operating_revenue": 375300415, 
        "long_term_average": 40000965, 
        "date": "2012-09-30", 
        "operating_revenue": 43392356, 
        "short_term_average": 47166417
    }, 
    {
        "accumulated_operating_revenue_yoy": 498.87146928787394, 
        "accumulated_operating_revenue": 425295958, 
        "long_term_average": 41033108, 
        "date": "2012-10-31", 
        "operating_revenue": 49995543, 
        "short_term_average": 47642498
    }, 
    {
        "accumulated_operating_revenue_yoy": 339.3808374168655, 
        "accumulated_operating_revenue": 469590959, 
        "long_term_average": 41736076, 
        "date": "2012-11-30", 
        "operating_revenue": 44295001, 
        "short_term_average": 45894300
    }, 
    {
        "accumulated_operating_revenue_yoy": 266.8941001896392, 
        "accumulated_operating_revenue": 506745234, 
        "long_term_average": 42228769, 
        "date": "2012-12-31", 
        "operating_revenue": 37154275, 
        "short_term_average": 43814939
    }, 
    {
        "accumulated_operating_revenue_yoy": 37.08033517185189, 
        "accumulated_operating_revenue": 47438687, 
        "long_term_average": 43298119, 
        "date": "2013-01-31", 
        "operating_revenue": 47438687, 
        "short_term_average": 42962654
    }, 
    {
        "accumulated_operating_revenue_yoy": 29.373460090386622, 
        "accumulated_operating_revenue": 88620771, 
        "long_term_average": 43905503, 
        "date": "2013-02-28", 
        "operating_revenue": 41182084, 
        "short_term_average": 41925015
    }, 
    {
        "accumulated_operating_revenue_yoy": 25.697304765842972, 
        "accumulated_operating_revenue": 132754996, 
        "long_term_average": 44490449, 
        "date": "2013-03-31", 
        "operating_revenue": 44134225, 
        "short_term_average": 44251665
    }, 
    {
        "accumulated_operating_revenue_yoy": 25.08833449611082, 
        "accumulated_operating_revenue": 182825641, 
        "long_term_average": 45284470, 
        "date": "2013-04-30", 
        "operating_revenue": 50070645, 
        "short_term_average": 45128984
    }, 
    {
        "accumulated_operating_revenue_yoy": 23.263985869236965, 
        "accumulated_operating_revenue": 234613567, 
        "long_term_average": 45918713, 
        "date": "2013-05-31", 
        "operating_revenue": 51787926, 
        "short_term_average": 48664265
    }, 
    {
        "accumulated_operating_revenue_yoy": 23.455894543415486, 
        "accumulated_operating_revenue": 288641316, 
        "long_term_average": 46798782, 
        "date": "2013-06-30", 
        "operating_revenue": 54027749, 
        "short_term_average": 51962106
    }, 
    {
        "accumulated_operating_revenue_yoy": 20.673780341136112, 
        "accumulated_operating_revenue": 340744700, 
        "long_term_average": 47093455, 
        "date": "2013-07-31", 
        "operating_revenue": 52103384, 
        "short_term_average": 52639686
    }, 
    {
        "accumulated_operating_revenue_yoy": 19.260700747251214, 
        "accumulated_operating_revenue": 395835877, 
        "long_term_average": 47556087, 
        "date": "2013-08-31", 
        "operating_revenue": 55091177, 
        "short_term_average": 53740770
    }, 
    {
        "accumulated_operating_revenue_yoy": 20.22857741843957, 
        "accumulated_operating_revenue": 451218350, 
        "long_term_average": 48555264, 
        "date": "2013-09-30", 
        "operating_revenue": 55382473, 
        "short_term_average": 54192344
    }, 
    {
        "accumulated_operating_revenue_yoy": 18.273675904533285, 
        "accumulated_operating_revenue": 503013163, 
        "long_term_average": 48705203, 
        "date": "2013-10-31", 
        "operating_revenue": 51794813, 
        "short_term_average": 54089487
    }, 
    {
        "accumulated_operating_revenue_yoy": 16.557431421928207, 
        "accumulated_operating_revenue": 547343160, 
        "long_term_average": 48708119, 
        "date": "2013-11-30", 
        "operating_revenue": 44329997, 
        "short_term_average": 50502427
    }, 
    {
        "accumulated_operating_revenue_yoy": 17.815453790730672, 
        "accumulated_operating_revenue": 597024197, 
        "long_term_average": 49752016, 
        "date": "2013-12-31", 
        "operating_revenue": 49681037, 
        "short_term_average": 48601949
    }, 
    {
        "accumulated_operating_revenue_yoy": 8.41360976116392, 
        "accumulated_operating_revenue": 51429993, 
        "long_term_average": 50084625, 
        "date": "2014-01-31", 
        "operating_revenue": 51429993, 
        "short_term_average": 48480342
    }, 
    {
        "accumulated_operating_revenue_yoy": 10.875862273868053, 
        "accumulated_operating_revenue": 98259044, 
        "long_term_average": 50555205, 
        "date": "2014-02-28", 
        "operating_revenue": 46829051, 
        "short_term_average": 49313360
    }, 
    {
        "accumulated_operating_revenue_yoy": 11.645645336014322, 
        "accumulated_operating_revenue": 148215172, 
        "long_term_average": 51040364, 
        "date": "2014-03-31", 
        "operating_revenue": 49956128, 
        "short_term_average": 49405057
    }, 
    {
        "accumulated_operating_revenue_yoy": 14.919637010872014, 
        "accumulated_operating_revenue": 210102563, 
        "long_term_average": 52025093, 
        "date": "2014-04-30", 
        "operating_revenue": 61887391, 
        "short_term_average": 52890856
    }, 
    {
        "accumulated_operating_revenue_yoy": 15.462930581503839, 
        "accumulated_operating_revenue": 270891700, 
        "long_term_average": 52775194, 
        "date": "2014-05-31", 
        "operating_revenue": 60789137, 
        "short_term_average": 57544218
    }, 
    {
        "accumulated_operating_revenue_yoy": 14.756840978371924, 
        "accumulated_operating_revenue": 331235656, 
        "long_term_average": 53301544, 
        "date": "2014-06-30", 
        "operating_revenue": 60343956, 
        "short_term_average": 61006828
    }, 
    {
        "accumulated_operating_revenue_yoy": 16.263151268383634, 
        "accumulated_operating_revenue": 396160526, 
        "long_term_average": 54370001, 
        "date": "2014-07-31", 
        "operating_revenue": 64924870, 
        "short_term_average": 62019321
    }, 
    {
        "accumulated_operating_revenue_yoy": 17.583853320097106, 
        "accumulated_operating_revenue": 465439077, 
        "long_term_average": 55552283, 
        "date": "2014-08-31", 
        "operating_revenue": 69278551, 
        "short_term_average": 64849125
    }, 
    {
        "accumulated_operating_revenue_yoy": 19.739232679699306, 
        "accumulated_operating_revenue": 540285390, 
        "long_term_average": 57174269, 
        "date": "2014-09-30", 
        "operating_revenue": 74846313, 
        "short_term_average": 69683244
    }, 
    {
        "accumulated_operating_revenue_yoy": 23.460336364994884, 
        "accumulated_operating_revenue": 621021743, 
        "long_term_average": 59586064, 
        "date": "2014-10-31", 
        "operating_revenue": 80736353, 
        "short_term_average": 74953739
    }, 
    {
        "accumulated_operating_revenue_yoy": 26.665742018224908, 
        "accumulated_operating_revenue": 693296275, 
        "long_term_average": 61914776, 
        "date": "2014-11-30", 
        "operating_revenue": 72274532, 
        "short_term_average": 75952399
    }, 
    {
        "accumulated_operating_revenue_yoy": 27.768098652122138, 
        "accumulated_operating_revenue": 762806465, 
        "long_term_average": 63567205, 
        "date": "2014-12-31", 
        "operating_revenue": 69510190, 
        "short_term_average": 74173691
    }, 
    {
        "accumulated_operating_revenue_yoy": 69.39544984966263, 
        "accumulated_operating_revenue": 87120068, 
        "long_term_average": 66541378, 
        "date": "2015-01-31", 
        "operating_revenue": 87120068, 
        "short_term_average": 76301596
    }, 
    {
        "accumulated_operating_revenue_yoy": 52.41868524590978, 
        "accumulated_operating_revenue": 149765143, 
        "long_term_average": 67859380, 
        "date": "2015-02-28", 
        "operating_revenue": 62645075, 
        "short_term_average": 73091777
    }, 
    {
        "accumulated_operating_revenue_yoy": 49.80527364634438, 
        "accumulated_operating_revenue": 222034144, 
        "long_term_average": 69718786, 
        "date": "2015-03-31", 
        "operating_revenue": 72269001, 
        "short_term_average": 74011381
    }, 
    {
        "accumulated_operating_revenue_yoy": 41.532616144239995, 
        "accumulated_operating_revenue": 297363654, 
        "long_term_average": 70838963, 
        "date": "2015-04-30", 
        "operating_revenue": 75329510, 
        "short_term_average": 70081195
    }, 
    {
        "accumulated_operating_revenue_yoy": 35.66986991480359, 
        "accumulated_operating_revenue": 367518417, 
        "long_term_average": 71619431, 
        "date": "2015-05-31", 
        "operating_revenue": 70154763, 
        "short_term_average": 72584424
    }, 
    {
        "accumulated_operating_revenue_yoy": 29.05431171335009, 
        "accumulated_operating_revenue": 427473896, 
        "long_term_average": 71587058, 
        "date": "2015-06-30", 
        "operating_revenue": 59955479, 
        "short_term_average": 68479917
    }, 
    {
        "accumulated_operating_revenue_yoy": 28.338557890545612, 
        "accumulated_operating_revenue": 508426706, 
        "long_term_average": 72922720, 
        "date": "2015-07-31", 
        "operating_revenue": 80952810, 
        "short_term_average": 70354350
    }, 
    {
        "accumulated_operating_revenue_yoy": 23.63910776662184, 
        "accumulated_operating_revenue": 575464722, 
        "long_term_average": 72736009, 
        "date": "2015-08-31", 
        "operating_revenue": 67038016, 
        "short_term_average": 69315435
    }, 
    {
        "accumulated_operating_revenue_yoy": 18.45199164093628, 
        "accumulated_operating_revenue": 639978805, 
        "long_term_average": 71874990, 
        "date": "2015-09-30", 
        "operating_revenue": 64514083, 
        "short_term_average": 70834969
    }
]