[
    {
        "date": "2012-01-31", 
        "operating_revenue": 3804200, 
        "accumulated_operating_revenue": 3804200, 
        "long_term_average": 3804200, 
        "short_term_average": 3804200
    }, 
    {
        "date": "2012-02-29", 
        "operating_revenue": 4644786, 
        "accumulated_operating_revenue": 8448986, 
        "long_term_average": 4224493, 
        "short_term_average": 4224493
    }, 
    {
        "date": "2012-03-31", 
        "operating_revenue": 6726762, 
        "accumulated_operating_revenue": 15175748, 
        "long_term_average": 5058582, 
        "short_term_average": 5058582
    }, 
    {
        "date": "2012-04-30", 
        "operating_revenue": 5724768, 
        "accumulated_operating_revenue": 20900516, 
        "long_term_average": 5225129, 
        "short_term_average": 5698772
    }, 
    {
        "date": "2012-05-31", 
        "operating_revenue": 5593867, 
        "accumulated_operating_revenue": 26494383, 
        "long_term_average": 5298876, 
        "short_term_average": 6015132
    }, 
    {
        "date": "2012-06-30", 
        "operating_revenue": 5826091, 
        "accumulated_operating_revenue": 32320474, 
        "long_term_average": 5386745, 
        "short_term_average": 5714908
    }, 
    {
        "date": "2012-07-31", 
        "operating_revenue": 5097845, 
        "accumulated_operating_revenue": 37418319, 
        "long_term_average": 5345474, 
        "short_term_average": 5505934
    }, 
    {
        "date": "2012-08-31", 
        "operating_revenue": 5361366, 
        "accumulated_operating_revenue": 42779685, 
        "long_term_average": 5347460, 
        "short_term_average": 5428434
    }, 
    {
        "date": "2012-09-30", 
        "operating_revenue": 6954588, 
        "accumulated_operating_revenue": 49734273, 
        "long_term_average": 5526030, 
        "short_term_average": 5804599
    }, 
    {
        "date": "2012-10-31", 
        "operating_revenue": 5647167, 
        "accumulated_operating_revenue": 55381440, 
        "long_term_average": 5538144, 
        "short_term_average": 5987707
    }, 
    {
        "date": "2012-11-30", 
        "operating_revenue": 4971619, 
        "accumulated_operating_revenue": 60353059, 
        "long_term_average": 5486641, 
        "short_term_average": 5857791
    }, 
    {
        "date": "2012-12-31", 
        "operating_revenue": 6356501, 
        "accumulated_operating_revenue": 66709560, 
        "long_term_average": 5559130, 
        "short_term_average": 5658429
    }, 
    {
        "accumulated_operating_revenue_yoy": 41.33923032437832, 
        "accumulated_operating_revenue": 5376827, 
        "long_term_average": 5690182, 
        "date": "2013-01-31", 
        "operating_revenue": 5376827, 
        "short_term_average": 5568315
    }, 
    {
        "accumulated_operating_revenue_yoy": 0.45717912184965154, 
        "accumulated_operating_revenue": 8487613, 
        "long_term_average": 5562348, 
        "date": "2013-02-28", 
        "operating_revenue": 3110786, 
        "short_term_average": 4948038
    }, 
    {
        "accumulated_operating_revenue_yoy": -8.05257836384737, 
        "accumulated_operating_revenue": 13953709, 
        "long_term_average": 5457293, 
        "date": "2013-03-31", 
        "operating_revenue": 5466096, 
        "short_term_average": 4651236
    }, 
    {
        "accumulated_operating_revenue_yoy": -8.620303919769254, 
        "accumulated_operating_revenue": 19098828, 
        "long_term_average": 5408989, 
        "date": "2013-04-30", 
        "operating_revenue": 5145119, 
        "short_term_average": 4574000
    }, 
    {
        "accumulated_operating_revenue_yoy": -9.165052079152023, 
        "accumulated_operating_revenue": 24066159, 
        "long_term_average": 5356778, 
        "date": "2013-05-31", 
        "operating_revenue": 4967331, 
        "short_term_average": 5192848
    }, 
    {
        "accumulated_operating_revenue_yoy": -8.576371745043096, 
        "accumulated_operating_revenue": 29548550, 
        "long_term_average": 5328136, 
        "date": "2013-06-30", 
        "operating_revenue": 5482391, 
        "short_term_average": 5198280
    }, 
    {
        "accumulated_operating_revenue_yoy": -6.31423073815796, 
        "accumulated_operating_revenue": 35055640, 
        "long_term_average": 5362240, 
        "date": "2013-07-31", 
        "operating_revenue": 5507090, 
        "short_term_average": 5318937
    }, 
    {
        "accumulated_operating_revenue_yoy": -4.654737406317976, 
        "accumulated_operating_revenue": 40788403, 
        "long_term_average": 5393189, 
        "date": "2013-08-31", 
        "operating_revenue": 5732763, 
        "short_term_average": 5574081
    }, 
    {
        "accumulated_operating_revenue_yoy": -7.325419233533383, 
        "accumulated_operating_revenue": 46091029, 
        "long_term_average": 5255526, 
        "date": "2013-09-30", 
        "operating_revenue": 5302626, 
        "short_term_average": 5514159
    }, 
    {
        "accumulated_operating_revenue_yoy": -7.116344392634066, 
        "accumulated_operating_revenue": 51440306, 
        "long_term_average": 5230702, 
        "date": "2013-10-31", 
        "operating_revenue": 5349277, 
        "short_term_average": 5461555
    }, 
    {
        "accumulated_operating_revenue_yoy": -5.111863509685565, 
        "accumulated_operating_revenue": 57267893, 
        "long_term_average": 5302032, 
        "date": "2013-11-30", 
        "operating_revenue": 5827587, 
        "short_term_average": 5493163
    }, 
    {
        "accumulated_operating_revenue_yoy": -5.350458015312948, 
        "accumulated_operating_revenue": 63140293, 
        "long_term_average": 5261691, 
        "date": "2013-12-31", 
        "operating_revenue": 5872400, 
        "short_term_average": 5683088
    }, 
    {
        "accumulated_operating_revenue_yoy": -20.11215908564661, 
        "accumulated_operating_revenue": 4295431, 
        "long_term_average": 5171574, 
        "date": "2014-01-31", 
        "operating_revenue": 4295431, 
        "short_term_average": 5331806
    }, 
    {
        "accumulated_operating_revenue_yoy": -12.080734595227186, 
        "accumulated_operating_revenue": 7462247, 
        "long_term_average": 5176243, 
        "date": "2014-02-28", 
        "operating_revenue": 3166816, 
        "short_term_average": 4444882
    }, 
    {
        "accumulated_operating_revenue_yoy": -11.700201000321849, 
        "accumulated_operating_revenue": 12321097, 
        "long_term_average": 5125640, 
        "date": "2014-03-31", 
        "operating_revenue": 4858850, 
        "short_term_average": 4107032
    }, 
    {
        "accumulated_operating_revenue_yoy": -13.034663697688675, 
        "accumulated_operating_revenue": 16609360, 
        "long_term_average": 5054235, 
        "date": "2014-04-30", 
        "operating_revenue": 4288263, 
        "short_term_average": 4104643
    }, 
    {
        "accumulated_operating_revenue_yoy": -10.394517047776507, 
        "accumulated_operating_revenue": 21564598, 
        "long_term_average": 5053227, 
        "date": "2014-05-31", 
        "operating_revenue": 4955238, 
        "short_term_average": 4700783
    }, 
    {
        "accumulated_operating_revenue_yoy": -4.840623313157499, 
        "accumulated_operating_revenue": 28118216, 
        "long_term_average": 5142496, 
        "date": "2014-06-30", 
        "operating_revenue": 6553618, 
        "short_term_average": 5265706
    }, 
    {
        "accumulated_operating_revenue_yoy": -3.7766904269897794, 
        "accumulated_operating_revenue": 33731697, 
        "long_term_average": 5151362, 
        "date": "2014-07-31", 
        "operating_revenue": 5613481, 
        "short_term_average": 5707445
    }, 
    {
        "accumulated_operating_revenue_yoy": -7.289451857185974, 
        "accumulated_operating_revenue": 37815152, 
        "long_term_average": 5013920, 
        "date": "2014-08-31", 
        "operating_revenue": 4083455, 
        "short_term_average": 5416851
    }, 
    {
        "accumulated_operating_revenue_yoy": -9.66978845275943, 
        "accumulated_operating_revenue": 41634124, 
        "long_term_average": 4890282, 
        "date": "2014-09-30", 
        "operating_revenue": 3818972, 
        "short_term_average": 4505302
    }, 
    {
        "accumulated_operating_revenue_yoy": -12.980669282954887, 
        "accumulated_operating_revenue": 44763010, 
        "long_term_average": 4705249, 
        "date": "2014-10-31", 
        "operating_revenue": 3128886, 
        "short_term_average": 3677104
    }, 
    {
        "accumulated_operating_revenue_yoy": -13.229781301714732, 
        "accumulated_operating_revenue": 49691476, 
        "long_term_average": 4630323, 
        "date": "2014-11-30", 
        "operating_revenue": 4928466, 
        "short_term_average": 3958774
    }, 
    {
        "accumulated_operating_revenue_yoy": -11.642156934558413, 
        "accumulated_operating_revenue": 55789401, 
        "long_term_average": 4649116, 
        "date": "2014-12-31", 
        "operating_revenue": 6097925, 
        "short_term_average": 4718425
    }, 
    {
        "accumulated_operating_revenue_yoy": 7.727513257691719, 
        "accumulated_operating_revenue": 4627361, 
        "long_term_average": 4676777, 
        "date": "2015-01-31", 
        "operating_revenue": 4627361, 
        "short_term_average": 5217917
    }, 
    {
        "accumulated_operating_revenue_yoy": 7.868219853885834, 
        "accumulated_operating_revenue": 8049393, 
        "long_term_average": 4698045, 
        "date": "2015-02-28", 
        "operating_revenue": 3422032, 
        "short_term_average": 4715772
    }, 
    {
        "accumulated_operating_revenue_yoy": -3.786748858482325, 
        "accumulated_operating_revenue": 11854528, 
        "long_term_average": 4610236, 
        "date": "2015-03-31", 
        "operating_revenue": 3805135, 
        "short_term_average": 3951509
    }, 
    {
        "accumulated_operating_revenue_yoy": -11.913481314150577, 
        "accumulated_operating_revenue": 14630607, 
        "long_term_average": 4484220, 
        "date": "2015-04-30", 
        "operating_revenue": 2776079, 
        "short_term_average": 3334415
    }, 
    {
        "accumulated_operating_revenue_yoy": -7.725782785285401, 
        "accumulated_operating_revenue": 19898564, 
        "long_term_average": 4510280, 
        "date": "2015-05-31", 
        "operating_revenue": 5267957, 
        "short_term_average": 3949723
    }, 
    {
        "accumulated_operating_revenue_yoy": -11.584596974431095, 
        "accumulated_operating_revenue": 24860834, 
        "long_term_average": 4377668, 
        "date": "2015-06-30", 
        "operating_revenue": 4962270, 
        "short_term_average": 4335435
    }, 
    {
        "accumulated_operating_revenue_yoy": -15.029999824793872, 
        "accumulated_operating_revenue": 28661823, 
        "long_term_average": 4226627, 
        "date": "2015-07-31", 
        "operating_revenue": 3800989, 
        "short_term_average": 4677072
    }, 
    {
        "accumulated_operating_revenue_yoy": -13.451110813993292, 
        "accumulated_operating_revenue": 32728594, 
        "long_term_average": 4225236, 
        "date": "2015-08-31", 
        "operating_revenue": 4066771, 
        "short_term_average": 4276676
    }, 
    {
        "accumulated_operating_revenue_yoy": -7.806814909808119, 
        "accumulated_operating_revenue": 38383825, 
        "long_term_average": 4378258, 
        "date": "2015-09-30", 
        "operating_revenue": 5655231, 
        "short_term_average": 4507663
    }, 
    {
        "accumulated_operating_revenue_yoy": -5.676910466923471, 
        "accumulated_operating_revenue": 42221854, 
        "long_term_average": 4437353, 
        "date": "2015-10-31", 
        "operating_revenue": 3838029, 
        "short_term_average": 4520010
    }
]