[
    {
        "date": "2011-09-30", 
        "operating_revenue": 3139013, 
        "accumulated_operating_revenue": 3139013, 
        "long_term_average": 3139013, 
        "short_term_average": 3139013
    }, 
    {
        "date": "2011-10-31", 
        "operating_revenue": 2542501, 
        "accumulated_operating_revenue": 5681514, 
        "long_term_average": 2840757, 
        "short_term_average": 2840757
    }, 
    {
        "date": "2011-11-30", 
        "operating_revenue": 3046169, 
        "accumulated_operating_revenue": 8727683, 
        "long_term_average": 2909227, 
        "short_term_average": 2909227
    }, 
    {
        "date": "2011-12-31", 
        "operating_revenue": 2541592, 
        "accumulated_operating_revenue": 11269275, 
        "long_term_average": 2817318, 
        "short_term_average": 2710087
    }, 
    {
        "date": "2012-01-31", 
        "operating_revenue": 2325273, 
        "accumulated_operating_revenue": 2325273, 
        "long_term_average": 2718909, 
        "short_term_average": 2637678
    }, 
    {
        "date": "2012-02-29", 
        "operating_revenue": 2910526, 
        "accumulated_operating_revenue": 5235799, 
        "long_term_average": 2750845, 
        "short_term_average": 2592463
    }, 
    {
        "date": "2012-03-31", 
        "operating_revenue": 2987428, 
        "accumulated_operating_revenue": 8223227, 
        "long_term_average": 2784643, 
        "short_term_average": 2741075
    }, 
    {
        "date": "2012-04-30", 
        "operating_revenue": 2505886, 
        "accumulated_operating_revenue": 10729113, 
        "long_term_average": 2749798, 
        "short_term_average": 2801280
    }, 
    {
        "date": "2012-05-31", 
        "operating_revenue": 2298976, 
        "accumulated_operating_revenue": 13028089, 
        "long_term_average": 2699707, 
        "short_term_average": 2597430
    }, 
    {
        "date": "2012-06-30", 
        "operating_revenue": 2915411, 
        "accumulated_operating_revenue": 15943500, 
        "long_term_average": 2721277, 
        "short_term_average": 2573424
    }, 
    {
        "date": "2012-07-31", 
        "operating_revenue": 2579082, 
        "accumulated_operating_revenue": 18522582, 
        "long_term_average": 2708350, 
        "short_term_average": 2597823
    }, 
    {
        "date": "2012-08-31", 
        "operating_revenue": 2771547, 
        "accumulated_operating_revenue": 21294129, 
        "long_term_average": 2713617, 
        "short_term_average": 2755346
    }, 
    {
        "accumulated_operating_revenue_yoy": 674.4647123156228, 
        "accumulated_operating_revenue": 24310548, 
        "long_term_average": 2703400, 
        "date": "2012-09-30", 
        "operating_revenue": 3016419, 
        "short_term_average": 2789016
    }, 
    {
        "accumulated_operating_revenue_yoy": 375.9808037083073, 
        "accumulated_operating_revenue": 27042916, 
        "long_term_average": 2719223, 
        "date": "2012-10-31", 
        "operating_revenue": 2732368, 
        "short_term_average": 2840111
    }, 
    {
        "accumulated_operating_revenue_yoy": 243.7957359358721, 
        "accumulated_operating_revenue": 30005402, 
        "long_term_average": 2712249, 
        "date": "2012-11-30", 
        "operating_revenue": 2962486, 
        "short_term_average": 2903757
    }, 
    {
        "accumulated_operating_revenue_yoy": 187.95119473080567, 
        "accumulated_operating_revenue": 32450012, 
        "long_term_average": 2704167, 
        "date": "2012-12-31", 
        "operating_revenue": 2444610, 
        "short_term_average": 2713154
    }, 
    {
        "accumulated_operating_revenue_yoy": -0.28874028984983696, 
        "accumulated_operating_revenue": 2318559, 
        "long_term_average": 2703608, 
        "date": "2013-01-31", 
        "operating_revenue": 2318559, 
        "short_term_average": 2575218
    }, 
    {
        "accumulated_operating_revenue_yoy": -12.09102946847272, 
        "accumulated_operating_revenue": 4602737, 
        "long_term_average": 2651412, 
        "date": "2013-02-28", 
        "operating_revenue": 2284178, 
        "short_term_average": 2349115
    }, 
    {
        "accumulated_operating_revenue_yoy": -12.220044515370912, 
        "accumulated_operating_revenue": 7218345, 
        "long_term_average": 2620427, 
        "date": "2013-03-31", 
        "operating_revenue": 2615608, 
        "short_term_average": 2406115
    }, 
    {
        "accumulated_operating_revenue_yoy": -12.814768564745288, 
        "accumulated_operating_revenue": 9354202, 
        "long_term_average": 2589591, 
        "date": "2013-04-30", 
        "operating_revenue": 2135857, 
        "short_term_average": 2345214
    }, 
    {
        "accumulated_operating_revenue_yoy": -7.670879435963325, 
        "accumulated_operating_revenue": 12028720, 
        "long_term_average": 2620886, 
        "date": "2013-05-31", 
        "operating_revenue": 2674518, 
        "short_term_average": 2475327
    }, 
    {
        "accumulated_operating_revenue_yoy": -9.386050741681563, 
        "accumulated_operating_revenue": 14447035, 
        "long_term_average": 2579462, 
        "date": "2013-06-30", 
        "operating_revenue": 2418315, 
        "short_term_average": 2409563
    }, 
    {
        "accumulated_operating_revenue_yoy": -8.868633973384487, 
        "accumulated_operating_revenue": 16879882, 
        "long_term_average": 2567276, 
        "date": "2013-07-31", 
        "operating_revenue": 2432847, 
        "short_term_average": 2508560
    }, 
    {
        "accumulated_operating_revenue_yoy": -8.241708313122363, 
        "accumulated_operating_revenue": 19539129, 
        "long_term_average": 2557917, 
        "date": "2013-08-31", 
        "operating_revenue": 2659247, 
        "short_term_average": 2503469
    }, 
    {
        "accumulated_operating_revenue_yoy": -7.013079260903539, 
        "accumulated_operating_revenue": 22605630, 
        "long_term_average": 2562091, 
        "date": "2013-09-30", 
        "operating_revenue": 3066501, 
        "short_term_average": 2719531
    }, 
    {
        "accumulated_operating_revenue_yoy": -5.963665308874235, 
        "accumulated_operating_revenue": 25430167, 
        "long_term_average": 2569771, 
        "date": "2013-10-31", 
        "operating_revenue": 2824537, 
        "short_term_average": 2850095
    }, 
    {
        "accumulated_operating_revenue_yoy": -6.136095093810108, 
        "accumulated_operating_revenue": 28164242, 
        "long_term_average": 2550737, 
        "date": "2013-11-30", 
        "operating_revenue": 2734075, 
        "short_term_average": 2875037
    }, 
    {
        "accumulated_operating_revenue_yoy": -5.683757528348526, 
        "accumulated_operating_revenue": 30605632, 
        "long_term_average": 2550469, 
        "date": "2013-12-31", 
        "operating_revenue": 2441390, 
        "short_term_average": 2666667
    }, 
    {
        "accumulated_operating_revenue_yoy": -2.7391582444095666, 
        "accumulated_operating_revenue": 2255050, 
        "long_term_average": 2545176, 
        "date": "2014-01-31", 
        "operating_revenue": 2255050, 
        "short_term_average": 2476838
    }, 
    {
        "accumulated_operating_revenue_yoy": -1.1334560284456836, 
        "accumulated_operating_revenue": 4550567, 
        "long_term_average": 2546121, 
        "date": "2014-02-28", 
        "operating_revenue": 2295517, 
        "short_term_average": 2330652
    }, 
    {
        "accumulated_operating_revenue_yoy": -0.2712394600147264, 
        "accumulated_operating_revenue": 7198766, 
        "long_term_average": 2548837, 
        "date": "2014-03-31", 
        "operating_revenue": 2648199, 
        "short_term_average": 2399588
    }, 
    {
        "accumulated_operating_revenue_yoy": 2.300933847697537, 
        "accumulated_operating_revenue": 9569436, 
        "long_term_average": 2568405, 
        "date": "2014-04-30", 
        "operating_revenue": 2370670, 
        "short_term_average": 2438128
    }, 
    {
        "accumulated_operating_revenue_yoy": -1.1532232856031233, 
        "accumulated_operating_revenue": 11890002, 
        "long_term_average": 2538909, 
        "date": "2014-05-31", 
        "operating_revenue": 2320566, 
        "short_term_average": 2446478
    }, 
    {
        "accumulated_operating_revenue_yoy": -0.556716308917366, 
        "accumulated_operating_revenue": 14366606, 
        "long_term_average": 2543766, 
        "date": "2014-06-30", 
        "operating_revenue": 2476604, 
        "short_term_average": 2389280
    }, 
    {
        "accumulated_operating_revenue_yoy": -0.8922988916628682, 
        "accumulated_operating_revenue": 16729263, 
        "long_term_average": 2537917, 
        "date": "2014-07-31", 
        "operating_revenue": 2362657, 
        "short_term_average": 2386609
    }, 
    {
        "accumulated_operating_revenue_yoy": -2.121865309349255, 
        "accumulated_operating_revenue": 19124535, 
        "long_term_average": 2515919, 
        "date": "2014-08-31", 
        "operating_revenue": 2395272, 
        "short_term_average": 2411511
    }, 
    {
        "accumulated_operating_revenue_yoy": -2.984725486527029, 
        "accumulated_operating_revenue": 21930914, 
        "long_term_average": 2494243, 
        "date": "2014-09-30", 
        "operating_revenue": 2806379, 
        "short_term_average": 2521436
    }, 
    {
        "accumulated_operating_revenue_yoy": -2.969595126921502, 
        "accumulated_operating_revenue": 24674994, 
        "long_term_average": 2487538, 
        "date": "2014-10-31", 
        "operating_revenue": 2744080, 
        "short_term_average": 2648577
    }, 
    {
        "accumulated_operating_revenue_yoy": -2.495330781492362, 
        "accumulated_operating_revenue": 27461451, 
        "long_term_average": 2491903, 
        "date": "2014-11-30", 
        "operating_revenue": 2786457, 
        "short_term_average": 2778972
    }, 
    {
        "accumulated_operating_revenue_yoy": -0.9201182318339317, 
        "accumulated_operating_revenue": 30324024, 
        "long_term_average": 2527002, 
        "date": "2014-12-31", 
        "operating_revenue": 2862573, 
        "short_term_average": 2797703
    }, 
    {
        "accumulated_operating_revenue_yoy": -4.124165761291324, 
        "accumulated_operating_revenue": 2162048, 
        "long_term_average": 2519251, 
        "date": "2015-01-31", 
        "operating_revenue": 2162048, 
        "short_term_average": 2603692
    }, 
    {
        "accumulated_operating_revenue_yoy": -6.288117502719991, 
        "accumulated_operating_revenue": 4264422, 
        "long_term_average": 2503156, 
        "date": "2015-02-28", 
        "operating_revenue": 2102374, 
        "short_term_average": 2375665
    }, 
    {
        "accumulated_operating_revenue_yoy": -6.704510189663061, 
        "accumulated_operating_revenue": 6716124, 
        "long_term_average": 2486781, 
        "date": "2015-03-31", 
        "operating_revenue": 2451702, 
        "short_term_average": 2238708
    }, 
    {
        "accumulated_operating_revenue_yoy": -9.282260730935448, 
        "accumulated_operating_revenue": 8681176, 
        "long_term_average": 2452980, 
        "date": "2015-04-30", 
        "operating_revenue": 1965052, 
        "short_term_average": 2173042
    }, 
    {
        "accumulated_operating_revenue_yoy": -10.930258884733576, 
        "accumulated_operating_revenue": 10590394, 
        "long_term_average": 2418701, 
        "date": "2015-05-31", 
        "operating_revenue": 1909218, 
        "short_term_average": 2108657
    }, 
    {
        "accumulated_operating_revenue_yoy": -8.62339372291549, 
        "accumulated_operating_revenue": 13127717, 
        "long_term_average": 2423761, 
        "date": "2015-06-30", 
        "operating_revenue": 2537323, 
        "short_term_average": 2137197
    }, 
    {
        "accumulated_operating_revenue_yoy": -7.7857046063535496, 
        "accumulated_operating_revenue": 15426772, 
        "long_term_average": 2418461, 
        "date": "2015-07-31", 
        "operating_revenue": 2299055, 
        "short_term_average": 2248532
    }, 
    {
        "accumulated_operating_revenue_yoy": -7.127566761753947, 
        "accumulated_operating_revenue": 17761421, 
        "long_term_average": 2413409, 
        "date": "2015-08-31", 
        "operating_revenue": 2334649, 
        "short_term_average": 2390342
    }, 
    {
        "accumulated_operating_revenue_yoy": -8.428253377857393, 
        "accumulated_operating_revenue": 20082521, 
        "long_term_average": 2372969, 
        "date": "2015-09-30", 
        "operating_revenue": 2321100, 
        "short_term_average": 2318268
    }
]