[
    {
        "date": "2012-01-31", 
        "operating_revenue": 1677655, 
        "accumulated_operating_revenue": 1677655, 
        "long_term_average": 1677655, 
        "short_term_average": 1677655
    }, 
    {
        "date": "2012-02-29", 
        "operating_revenue": 1839116, 
        "accumulated_operating_revenue": 3516771, 
        "long_term_average": 1758385, 
        "short_term_average": 1758385
    }, 
    {
        "date": "2012-03-31", 
        "operating_revenue": 1626705, 
        "accumulated_operating_revenue": 5143476, 
        "long_term_average": 1714492, 
        "short_term_average": 1714492
    }, 
    {
        "date": "2012-04-30", 
        "operating_revenue": 1843103, 
        "accumulated_operating_revenue": 6986579, 
        "long_term_average": 1746644, 
        "short_term_average": 1769641
    }, 
    {
        "date": "2012-05-31", 
        "operating_revenue": 2077889, 
        "accumulated_operating_revenue": 9064468, 
        "long_term_average": 1812893, 
        "short_term_average": 1849232
    }, 
    {
        "date": "2012-06-30", 
        "operating_revenue": 1961915, 
        "accumulated_operating_revenue": 11026383, 
        "long_term_average": 1837730, 
        "short_term_average": 1960969
    }, 
    {
        "date": "2012-07-31", 
        "operating_revenue": 2670457, 
        "accumulated_operating_revenue": 13696840, 
        "long_term_average": 1956691, 
        "short_term_average": 2236753
    }, 
    {
        "date": "2012-08-31", 
        "operating_revenue": 2117441, 
        "accumulated_operating_revenue": 15814281, 
        "long_term_average": 1976785, 
        "short_term_average": 2249937
    }, 
    {
        "date": "2012-09-30", 
        "operating_revenue": 2575017, 
        "accumulated_operating_revenue": 18389298, 
        "long_term_average": 2043255, 
        "short_term_average": 2454305
    }, 
    {
        "date": "2012-10-31", 
        "operating_revenue": 2375694, 
        "accumulated_operating_revenue": 20764992, 
        "long_term_average": 2076499, 
        "short_term_average": 2356050
    }, 
    {
        "date": "2012-11-30", 
        "operating_revenue": 1982661, 
        "accumulated_operating_revenue": 22747653, 
        "long_term_average": 2067968, 
        "short_term_average": 2311124
    }, 
    {
        "date": "2012-12-31", 
        "operating_revenue": 1481083, 
        "accumulated_operating_revenue": 24228736, 
        "long_term_average": 2019061, 
        "short_term_average": 1946479
    }, 
    {
        "accumulated_operating_revenue_yoy": -2.5760958003880416, 
        "accumulated_operating_revenue": 1634437, 
        "long_term_average": 2015459, 
        "date": "2013-01-31", 
        "operating_revenue": 1634437, 
        "short_term_average": 1699393
    }, 
    {
        "accumulated_operating_revenue_yoy": -16.12331311876719, 
        "accumulated_operating_revenue": 2949751, 
        "long_term_average": 1971809, 
        "date": "2013-02-28", 
        "operating_revenue": 1315314, 
        "short_term_average": 1476944
    }, 
    {
        "accumulated_operating_revenue_yoy": -14.36161070840031, 
        "accumulated_operating_revenue": 4404790, 
        "long_term_average": 1957504, 
        "date": "2013-03-31", 
        "operating_revenue": 1455039, 
        "short_term_average": 1468263
    }, 
    {
        "accumulated_operating_revenue_yoy": -11.020772827445306, 
        "accumulated_operating_revenue": 6216604, 
        "long_term_average": 1954896, 
        "date": "2013-04-30", 
        "operating_revenue": 1811814, 
        "short_term_average": 1527389
    }, 
    {
        "accumulated_operating_revenue_yoy": -13.335829526895566, 
        "accumulated_operating_revenue": 7855646, 
        "long_term_average": 1918326, 
        "date": "2013-05-31", 
        "operating_revenue": 1639042, 
        "short_term_average": 1635298
    }, 
    {
        "accumulated_operating_revenue_yoy": -12.611433867298096, 
        "accumulated_operating_revenue": 9635798, 
        "long_term_average": 1903179, 
        "date": "2013-06-30", 
        "operating_revenue": 1780152, 
        "short_term_average": 1743669
    }, 
    {
        "accumulated_operating_revenue_yoy": -16.468871652147502, 
        "accumulated_operating_revenue": 11441125, 
        "long_term_average": 1831085, 
        "date": "2013-07-31", 
        "operating_revenue": 1805327, 
        "short_term_average": 1741507
    }, 
    {
        "accumulated_operating_revenue_yoy": -11.68589959922933, 
        "accumulated_operating_revenue": 13966240, 
        "long_term_average": 1865057, 
        "date": "2013-08-31", 
        "operating_revenue": 2525115, 
        "short_term_average": 2036864
    }, 
    {
        "accumulated_operating_revenue_yoy": -11.121914496137917, 
        "accumulated_operating_revenue": 16344056, 
        "long_term_average": 1848624, 
        "date": "2013-09-30", 
        "operating_revenue": 2377816, 
        "short_term_average": 2236086
    }, 
    {
        "accumulated_operating_revenue_yoy": -10.279329748838816, 
        "accumulated_operating_revenue": 18630490, 
        "long_term_average": 1841186, 
        "date": "2013-10-31", 
        "operating_revenue": 2286434, 
        "short_term_average": 2396455
    }, 
    {
        "accumulated_operating_revenue_yoy": -9.743075472445444, 
        "accumulated_operating_revenue": 20531332, 
        "long_term_average": 1834367, 
        "date": "2013-11-30", 
        "operating_revenue": 1900842, 
        "short_term_average": 2188364
    }, 
    {
        "accumulated_operating_revenue_yoy": -8.355021079102103, 
        "accumulated_operating_revenue": 22204420, 
        "long_term_average": 1850368, 
        "date": "2013-12-31", 
        "operating_revenue": 1673088, 
        "short_term_average": 1953454
    }, 
    {
        "accumulated_operating_revenue_yoy": 0.6492143777949226, 
        "accumulated_operating_revenue": 1645048, 
        "long_term_average": 1851252, 
        "date": "2014-01-31", 
        "operating_revenue": 1645048, 
        "short_term_average": 1739659
    }, 
    {
        "accumulated_operating_revenue_yoy": 4.449087397546437, 
        "accumulated_operating_revenue": 3080988, 
        "long_term_average": 1861304, 
        "date": "2014-02-28", 
        "operating_revenue": 1435940, 
        "short_term_average": 1584692
    }, 
    {
        "accumulated_operating_revenue_yoy": 8.746682588727273, 
        "accumulated_operating_revenue": 4790063, 
        "long_term_average": 1882474, 
        "date": "2014-03-31", 
        "operating_revenue": 1709075, 
        "short_term_average": 1596687
    }, 
    {
        "accumulated_operating_revenue_yoy": 3.27194719174649, 
        "accumulated_operating_revenue": 6420008, 
        "long_term_average": 1867318, 
        "date": "2014-04-30", 
        "operating_revenue": 1629945, 
        "short_term_average": 1591653
    }, 
    {
        "accumulated_operating_revenue_yoy": 1.6767685305575126, 
        "accumulated_operating_revenue": 7987367, 
        "long_term_average": 1861345, 
        "date": "2014-05-31", 
        "operating_revenue": 1567359, 
        "short_term_average": 1635459
    }, 
    {
        "accumulated_operating_revenue_yoy": 1.3177631992700551, 
        "accumulated_operating_revenue": 9762775, 
        "long_term_average": 1860949, 
        "date": "2014-06-30", 
        "operating_revenue": 1775408, 
        "short_term_average": 1657570
    }, 
    {
        "accumulated_operating_revenue_yoy": 1.2971189459078543, 
        "accumulated_operating_revenue": 11589530, 
        "long_term_average": 1862735, 
        "date": "2014-07-31", 
        "operating_revenue": 1826755, 
        "short_term_average": 1723174
    }, 
    {
        "accumulated_operating_revenue_yoy": -2.9302160065987697, 
        "accumulated_operating_revenue": 13556999, 
        "long_term_average": 1816264, 
        "date": "2014-08-31", 
        "operating_revenue": 1967469, 
        "short_term_average": 1856544
    }, 
    {
        "accumulated_operating_revenue_yoy": 0.6733151183525069, 
        "accumulated_operating_revenue": 16454103, 
        "long_term_average": 1859538, 
        "date": "2014-09-30", 
        "operating_revenue": 2897104, 
        "short_term_average": 2230442
    }, 
    {
        "accumulated_operating_revenue_yoy": 1.1251555917208833, 
        "accumulated_operating_revenue": 18840112, 
        "long_term_average": 1867836, 
        "date": "2014-10-31", 
        "operating_revenue": 2386009, 
        "short_term_average": 2416860
    }, 
    {
        "accumulated_operating_revenue_yoy": 1.008521999449427, 
        "accumulated_operating_revenue": 20738395, 
        "long_term_average": 1867623, 
        "date": "2014-11-30", 
        "operating_revenue": 1898283, 
        "short_term_average": 2393798
    }, 
    {
        "accumulated_operating_revenue_yoy": 0.9448299032354819, 
        "accumulated_operating_revenue": 22414214, 
        "long_term_average": 1867851, 
        "date": "2014-12-31", 
        "operating_revenue": 1675819, 
        "short_term_average": 1986703
    }, 
    {
        "accumulated_operating_revenue_yoy": -4.670745169745807, 
        "accumulated_operating_revenue": 1568212, 
        "long_term_average": 1861448, 
        "date": "2015-01-31", 
        "operating_revenue": 1568212, 
        "short_term_average": 1714104
    }, 
    {
        "accumulated_operating_revenue_yoy": -3.068755866624602, 
        "accumulated_operating_revenue": 2986440, 
        "long_term_average": 1859972, 
        "date": "2015-02-28", 
        "operating_revenue": 1418228, 
        "short_term_average": 1554086
    }, 
    {
        "accumulated_operating_revenue_yoy": -1.7492463042761652, 
        "accumulated_operating_revenue": 4706273, 
        "long_term_average": 1860868, 
        "date": "2015-03-31", 
        "operating_revenue": 1719833, 
        "short_term_average": 1568757
    }, 
    {
        "accumulated_operating_revenue_yoy": -2.3410406965224966, 
        "accumulated_operating_revenue": 6269713, 
        "long_term_average": 1855326, 
        "date": "2015-04-30", 
        "operating_revenue": 1563440, 
        "short_term_average": 1567167
    }, 
    {
        "accumulated_operating_revenue_yoy": -1.598924902286323, 
        "accumulated_operating_revenue": 7859655, 
        "long_term_average": 1857208, 
        "date": "2015-05-31", 
        "operating_revenue": 1589942, 
        "short_term_average": 1624405
    }, 
    {
        "accumulated_operating_revenue_yoy": -0.8324784705168355, 
        "accumulated_operating_revenue": 9681502, 
        "long_term_average": 1861078, 
        "date": "2015-06-30", 
        "operating_revenue": 1821847, 
        "short_term_average": 1658409
    }, 
    {
        "accumulated_operating_revenue_yoy": -0.48968336075751134, 
        "accumulated_operating_revenue": 11532778, 
        "long_term_average": 1863121, 
        "date": "2015-07-31", 
        "operating_revenue": 1851276, 
        "short_term_average": 1754355
    }, 
    {
        "accumulated_operating_revenue_yoy": -0.9304787881152753, 
        "accumulated_operating_revenue": 13430854, 
        "long_term_average": 1857339, 
        "date": "2015-08-31", 
        "operating_revenue": 1898076, 
        "short_term_average": 1857066
    }, 
    {
        "accumulated_operating_revenue_yoy": -6.8396375056118215, 
        "accumulated_operating_revenue": 15328702, 
        "long_term_average": 1774067, 
        "date": "2015-09-30", 
        "operating_revenue": 1897848, 
        "short_term_average": 1882400
    }
]