[
    {
        "date": "2012-01-31", 
        "operating_revenue": 174619, 
        "accumulated_operating_revenue": 174619, 
        "long_term_average": 174619, 
        "short_term_average": 174619
    }, 
    {
        "date": "2012-02-29", 
        "operating_revenue": 161210, 
        "accumulated_operating_revenue": 335829, 
        "long_term_average": 167914, 
        "short_term_average": 167914
    }, 
    {
        "date": "2012-03-31", 
        "operating_revenue": 193768, 
        "accumulated_operating_revenue": 529597, 
        "long_term_average": 176532, 
        "short_term_average": 176532
    }, 
    {
        "date": "2012-04-30", 
        "operating_revenue": 175418, 
        "accumulated_operating_revenue": 705015, 
        "long_term_average": 176253, 
        "short_term_average": 176798
    }, 
    {
        "date": "2012-05-31", 
        "operating_revenue": 184862, 
        "accumulated_operating_revenue": 889877, 
        "long_term_average": 177975, 
        "short_term_average": 184682
    }, 
    {
        "date": "2012-06-30", 
        "operating_revenue": 185116, 
        "accumulated_operating_revenue": 1074993, 
        "long_term_average": 179165, 
        "short_term_average": 181798
    }, 
    {
        "date": "2012-07-31", 
        "operating_revenue": 201397, 
        "accumulated_operating_revenue": 1276390, 
        "long_term_average": 182341, 
        "short_term_average": 190458
    }, 
    {
        "date": "2012-08-31", 
        "operating_revenue": 179581, 
        "accumulated_operating_revenue": 1455971, 
        "long_term_average": 181996, 
        "short_term_average": 188698
    }, 
    {
        "date": "2012-09-30", 
        "operating_revenue": 167186, 
        "accumulated_operating_revenue": 1623157, 
        "long_term_average": 180350, 
        "short_term_average": 182721
    }, 
    {
        "date": "2012-10-31", 
        "operating_revenue": 172571, 
        "accumulated_operating_revenue": 1795728, 
        "long_term_average": 179572, 
        "short_term_average": 173112
    }, 
    {
        "date": "2012-11-30", 
        "operating_revenue": 173539, 
        "accumulated_operating_revenue": 1969267, 
        "long_term_average": 179024, 
        "short_term_average": 171098
    }, 
    {
        "date": "2012-12-31", 
        "operating_revenue": 162748, 
        "accumulated_operating_revenue": 2132015, 
        "long_term_average": 177667, 
        "short_term_average": 169619
    }, 
    {
        "accumulated_operating_revenue_yoy": -6.994656938821091, 
        "accumulated_operating_revenue": 162405, 
        "long_term_average": 176650, 
        "date": "2013-01-31", 
        "operating_revenue": 162405, 
        "short_term_average": 166230
    }, 
    {
        "accumulated_operating_revenue_yoy": -10.792695091847339, 
        "accumulated_operating_revenue": 299584, 
        "long_term_average": 174647, 
        "date": "2013-02-28", 
        "operating_revenue": 137179, 
        "short_term_average": 154110
    }, 
    {
        "accumulated_operating_revenue_yoy": -14.04671854258993, 
        "accumulated_operating_revenue": 455206, 
        "long_term_average": 171468, 
        "date": "2013-03-31", 
        "operating_revenue": 155622, 
        "short_term_average": 151735
    }, 
    {
        "accumulated_operating_revenue_yoy": -13.461273873605526, 
        "accumulated_operating_revenue": 610111, 
        "long_term_average": 169759, 
        "date": "2013-04-30", 
        "operating_revenue": 154905, 
        "short_term_average": 149235
    }, 
    {
        "accumulated_operating_revenue_yoy": -14.196456364194152, 
        "accumulated_operating_revenue": 763546, 
        "long_term_average": 167140, 
        "date": "2013-05-31", 
        "operating_revenue": 153435, 
        "short_term_average": 154654
    }, 
    {
        "accumulated_operating_revenue_yoy": -15.301774058063632, 
        "accumulated_operating_revenue": 910500, 
        "long_term_average": 163960, 
        "date": "2013-06-30", 
        "operating_revenue": 146954, 
        "short_term_average": 151764
    }, 
    {
        "accumulated_operating_revenue_yoy": -17.04228331466088, 
        "accumulated_operating_revenue": 1058864, 
        "long_term_average": 159540, 
        "date": "2013-07-31", 
        "operating_revenue": 148364, 
        "short_term_average": 149584
    }, 
    {
        "accumulated_operating_revenue_yoy": -17.70289380763765, 
        "accumulated_operating_revenue": 1198222, 
        "long_term_average": 156188, 
        "date": "2013-08-31", 
        "operating_revenue": 139358, 
        "short_term_average": 144892
    }, 
    {
        "accumulated_operating_revenue_yoy": -18.523839653219003, 
        "accumulated_operating_revenue": 1322486, 
        "long_term_average": 152612, 
        "date": "2013-09-30", 
        "operating_revenue": 124264, 
        "short_term_average": 137328
    }, 
    {
        "accumulated_operating_revenue_yoy": -18.379453903932, 
        "accumulated_operating_revenue": 1465683, 
        "long_term_average": 150164, 
        "date": "2013-10-31", 
        "operating_revenue": 143197, 
        "short_term_average": 135606
    }, 
    {
        "accumulated_operating_revenue_yoy": -18.683500002792915, 
        "accumulated_operating_revenue": 1601339, 
        "long_term_average": 147007, 
        "date": "2013-11-30", 
        "operating_revenue": 135656, 
        "short_term_average": 134372
    }, 
    {
        "accumulated_operating_revenue_yoy": -17.854752429040133, 
        "accumulated_operating_revenue": 1751349, 
        "long_term_average": 145945, 
        "date": "2013-12-31", 
        "operating_revenue": 150010, 
        "short_term_average": 142954
    }, 
    {
        "accumulated_operating_revenue_yoy": -8.344570672085219, 
        "accumulated_operating_revenue": 148853, 
        "long_term_average": 144816, 
        "date": "2014-01-31", 
        "operating_revenue": 148853, 
        "short_term_average": 144839
    }, 
    {
        "accumulated_operating_revenue_yoy": -8.04482215338603, 
        "accumulated_operating_revenue": 275483, 
        "long_term_average": 143937, 
        "date": "2014-02-28", 
        "operating_revenue": 126630, 
        "short_term_average": 141831
    }, 
    {
        "accumulated_operating_revenue_yoy": -5.358672776720869, 
        "accumulated_operating_revenue": 430813, 
        "long_term_average": 143913, 
        "date": "2014-03-31", 
        "operating_revenue": 155330, 
        "short_term_average": 143604
    }, 
    {
        "accumulated_operating_revenue_yoy": -4.006647970615183, 
        "accumulated_operating_revenue": 585666, 
        "long_term_average": 143908, 
        "date": "2014-04-30", 
        "operating_revenue": 154853, 
        "short_term_average": 145604
    }, 
    {
        "accumulated_operating_revenue_yoy": -2.7116899309275406, 
        "accumulated_operating_revenue": 742841, 
        "long_term_average": 144220, 
        "date": "2014-05-31", 
        "operating_revenue": 157175, 
        "short_term_average": 155786
    }, 
    {
        "accumulated_operating_revenue_yoy": -3.9443163097199343, 
        "accumulated_operating_revenue": 874587, 
        "long_term_average": 142953, 
        "date": "2014-06-30", 
        "operating_revenue": 131746, 
        "short_term_average": 147924
    }, 
    {
        "accumulated_operating_revenue_yoy": -3.6803593284878886, 
        "accumulated_operating_revenue": 1019894, 
        "long_term_average": 142698, 
        "date": "2014-07-31", 
        "operating_revenue": 145307, 
        "short_term_average": 144742
    }, 
    {
        "accumulated_operating_revenue_yoy": -3.078728315787892, 
        "accumulated_operating_revenue": 1161332, 
        "long_term_average": 142871, 
        "date": "2014-08-31", 
        "operating_revenue": 141438, 
        "short_term_average": 139497
    }, 
    {
        "accumulated_operating_revenue_yoy": -1.5262165346173797, 
        "accumulated_operating_revenue": 1302302, 
        "long_term_average": 144263, 
        "date": "2014-09-30", 
        "operating_revenue": 140970, 
        "short_term_average": 142571
    }, 
    {
        "accumulated_operating_revenue_yoy": -0.20277235937102364, 
        "accumulated_operating_revenue": 1462711, 
        "long_term_average": 145698, 
        "date": "2014-10-31", 
        "operating_revenue": 160409, 
        "short_term_average": 147605
    }, 
    {
        "accumulated_operating_revenue_yoy": 0.7972702844307171, 
        "accumulated_operating_revenue": 1614106, 
        "long_term_average": 147009, 
        "date": "2014-11-30", 
        "operating_revenue": 151395, 
        "short_term_average": 150924
    }, 
    {
        "accumulated_operating_revenue_yoy": -0.44754072432165143, 
        "accumulated_operating_revenue": 1743511, 
        "long_term_average": 145292, 
        "date": "2014-12-31", 
        "operating_revenue": 129405, 
        "short_term_average": 147069
    }, 
    {
        "accumulated_operating_revenue_yoy": -0.3889743572517853, 
        "accumulated_operating_revenue": 148274, 
        "long_term_average": 145244, 
        "date": "2015-01-31", 
        "operating_revenue": 148274, 
        "short_term_average": 143024
    }, 
    {
        "accumulated_operating_revenue_yoy": 3.895703183136527, 
        "accumulated_operating_revenue": 286215, 
        "long_term_average": 146186, 
        "date": "2015-02-28", 
        "operating_revenue": 137941, 
        "short_term_average": 138540
    }, 
    {
        "accumulated_operating_revenue_yoy": -0.2868994203981774, 
        "accumulated_operating_revenue": 429577, 
        "long_term_average": 145189, 
        "date": "2015-03-31", 
        "operating_revenue": 143362, 
        "short_term_average": 143192
    }, 
    {
        "accumulated_operating_revenue_yoy": -9.196367895694815, 
        "accumulated_operating_revenue": 531806, 
        "long_term_average": 140804, 
        "date": "2015-04-30", 
        "operating_revenue": 102229, 
        "short_term_average": 127844
    }, 
    {
        "accumulated_operating_revenue_yoy": -8.071848484399757, 
        "accumulated_operating_revenue": 682880, 
        "long_term_average": 140295, 
        "date": "2015-05-31", 
        "operating_revenue": 151074, 
        "short_term_average": 132221
    }, 
    {
        "accumulated_operating_revenue_yoy": -6.633188007596728, 
        "accumulated_operating_revenue": 816574, 
        "long_term_average": 140458, 
        "date": "2015-06-30", 
        "operating_revenue": 133694, 
        "short_term_average": 128999
    }, 
    {
        "accumulated_operating_revenue_yoy": -12.76907208003969, 
        "accumulated_operating_revenue": 889663, 
        "long_term_average": 134440, 
        "date": "2015-07-31", 
        "operating_revenue": 73089, 
        "short_term_average": 119285
    }, 
    {
        "accumulated_operating_revenue_yoy": -11.706729858472857, 
        "accumulated_operating_revenue": 1025378, 
        "long_term_average": 133963, 
        "date": "2015-08-31", 
        "operating_revenue": 135715, 
        "short_term_average": 114166
    }, 
    {
        "accumulated_operating_revenue_yoy": -13.487808511389831, 
        "accumulated_operating_revenue": 1126650, 
        "long_term_average": 130654, 
        "date": "2015-09-30", 
        "operating_revenue": 101272, 
        "short_term_average": 103358
    }
]