[
    {
        "date": "2012-01-31", 
        "operating_revenue": 472102, 
        "accumulated_operating_revenue": 472102, 
        "long_term_average": 472102, 
        "short_term_average": 472102
    }, 
    {
        "date": "2012-02-29", 
        "operating_revenue": 533786, 
        "accumulated_operating_revenue": 1005888, 
        "long_term_average": 502944, 
        "short_term_average": 502944
    }, 
    {
        "date": "2012-03-31", 
        "operating_revenue": 584267, 
        "accumulated_operating_revenue": 1590155, 
        "long_term_average": 530051, 
        "short_term_average": 530051
    }, 
    {
        "date": "2012-04-30", 
        "operating_revenue": 567955, 
        "accumulated_operating_revenue": 2158110, 
        "long_term_average": 539527, 
        "short_term_average": 562002
    }, 
    {
        "date": "2012-05-31", 
        "operating_revenue": 534051, 
        "accumulated_operating_revenue": 2692161, 
        "long_term_average": 538432, 
        "short_term_average": 562091
    }, 
    {
        "date": "2012-06-30", 
        "operating_revenue": 572487, 
        "accumulated_operating_revenue": 3264648, 
        "long_term_average": 544108, 
        "short_term_average": 558164
    }, 
    {
        "date": "2012-07-31", 
        "operating_revenue": 630508, 
        "accumulated_operating_revenue": 3895156, 
        "long_term_average": 556450, 
        "short_term_average": 579015
    }, 
    {
        "date": "2012-08-31", 
        "operating_revenue": 620058, 
        "accumulated_operating_revenue": 4515214, 
        "long_term_average": 564401, 
        "short_term_average": 607684
    }, 
    {
        "date": "2012-09-30", 
        "operating_revenue": 582367, 
        "accumulated_operating_revenue": 5097581, 
        "long_term_average": 566397, 
        "short_term_average": 610977
    }, 
    {
        "date": "2012-10-31", 
        "operating_revenue": 691811, 
        "accumulated_operating_revenue": 5789392, 
        "long_term_average": 578939, 
        "short_term_average": 631412
    }, 
    {
        "date": "2012-11-30", 
        "operating_revenue": 595351, 
        "accumulated_operating_revenue": 6384743, 
        "long_term_average": 580431, 
        "short_term_average": 623176
    }, 
    {
        "date": "2012-12-31", 
        "operating_revenue": 459582, 
        "accumulated_operating_revenue": 6844325, 
        "long_term_average": 570360, 
        "short_term_average": 582248
    }, 
    {
        "accumulated_operating_revenue_yoy": 17.091433630867904, 
        "accumulated_operating_revenue": 552791, 
        "long_term_average": 577084, 
        "date": "2013-01-31", 
        "operating_revenue": 552791, 
        "short_term_average": 535908
    }, 
    {
        "accumulated_operating_revenue_yoy": -2.8048848380734235, 
        "accumulated_operating_revenue": 977674, 
        "long_term_average": 568009, 
        "date": "2013-02-28", 
        "operating_revenue": 424883, 
        "short_term_average": 479085
    }, 
    {
        "accumulated_operating_revenue_yoy": -3.477962840100493, 
        "accumulated_operating_revenue": 1534850, 
        "long_term_average": 565751, 
        "date": "2013-03-31", 
        "operating_revenue": 557176, 
        "short_term_average": 511616
    }, 
    {
        "accumulated_operating_revenue_yoy": 1.7618657065673207, 
        "accumulated_operating_revenue": 2196133, 
        "long_term_average": 573529, 
        "date": "2013-04-30", 
        "operating_revenue": 661283, 
        "short_term_average": 547780
    }, 
    {
        "accumulated_operating_revenue_yoy": 1.8280853188200854, 
        "accumulated_operating_revenue": 2741376, 
        "long_term_average": 574461, 
        "date": "2013-05-31", 
        "operating_revenue": 545243, 
        "short_term_average": 587900
    }, 
    {
        "accumulated_operating_revenue_yoy": -0.6864446029097164, 
        "accumulated_operating_revenue": 3242238, 
        "long_term_average": 568492, 
        "date": "2013-06-30", 
        "operating_revenue": 500862, 
        "short_term_average": 569129
    }, 
    {
        "accumulated_operating_revenue_yoy": -3.2916781766892007, 
        "accumulated_operating_revenue": 3766940, 
        "long_term_average": 559675, 
        "date": "2013-07-31", 
        "operating_revenue": 524702, 
        "short_term_average": 523602
    }, 
    {
        "accumulated_operating_revenue_yoy": -4.82962712287834, 
        "accumulated_operating_revenue": 4297146, 
        "long_term_average": 552188, 
        "date": "2013-08-31", 
        "operating_revenue": 530206, 
        "short_term_average": 518590
    }, 
    {
        "accumulated_operating_revenue_yoy": -5.2030168819288996, 
        "accumulated_operating_revenue": 4832353, 
        "long_term_average": 548258, 
        "date": "2013-09-30", 
        "operating_revenue": 535207, 
        "short_term_average": 530038
    }, 
    {
        "accumulated_operating_revenue_yoy": -7.571969560879623, 
        "accumulated_operating_revenue": 5351021, 
        "long_term_average": 533829, 
        "date": "2013-10-31", 
        "operating_revenue": 518668, 
        "short_term_average": 528027
    }, 
    {
        "accumulated_operating_revenue_yoy": -8.353445079935089, 
        "accumulated_operating_revenue": 5851397, 
        "long_term_average": 525914, 
        "date": "2013-11-30", 
        "operating_revenue": 500376, 
        "short_term_average": 518083
    }, 
    {
        "accumulated_operating_revenue_yoy": -6.614677123017974, 
        "accumulated_operating_revenue": 6391595, 
        "long_term_average": 532632, 
        "date": "2013-12-31", 
        "operating_revenue": 540198, 
        "short_term_average": 519747
    }, 
    {
        "accumulated_operating_revenue_yoy": -13.556117954163508, 
        "accumulated_operating_revenue": 477854, 
        "long_term_average": 526388, 
        "date": "2014-01-31", 
        "operating_revenue": 477854, 
        "short_term_average": 506142
    }, 
    {
        "accumulated_operating_revenue_yoy": -4.752095279203497, 
        "accumulated_operating_revenue": 931214, 
        "long_term_average": 528761, 
        "date": "2014-02-28", 
        "operating_revenue": 453360, 
        "short_term_average": 490470
    }, 
    {
        "accumulated_operating_revenue_yoy": -1.8785549076456982, 
        "accumulated_operating_revenue": 1506017, 
        "long_term_average": 530230, 
        "date": "2014-03-31", 
        "operating_revenue": 574803, 
        "short_term_average": 502005
    }, 
    {
        "accumulated_operating_revenue_yoy": -4.09606339871037, 
        "accumulated_operating_revenue": 2106178, 
        "long_term_average": 525136, 
        "date": "2014-04-30", 
        "operating_revenue": 600161, 
        "short_term_average": 542774
    }, 
    {
        "accumulated_operating_revenue_yoy": -3.5292130667226966, 
        "accumulated_operating_revenue": 2644627, 
        "long_term_average": 524570, 
        "date": "2014-05-31", 
        "operating_revenue": 538449, 
        "short_term_average": 571137
    }, 
    {
        "accumulated_operating_revenue_yoy": -3.496196145995451, 
        "accumulated_operating_revenue": 3128883, 
        "long_term_average": 523186, 
        "date": "2014-06-30", 
        "operating_revenue": 484256, 
        "short_term_average": 540955
    }, 
    {
        "accumulated_operating_revenue_yoy": -2.805327401020457, 
        "accumulated_operating_revenue": 3661265, 
        "long_term_average": 523826, 
        "date": "2014-07-31", 
        "operating_revenue": 532382, 
        "short_term_average": 518362
    }, 
    {
        "accumulated_operating_revenue_yoy": -1.2821533175740363, 
        "accumulated_operating_revenue": 4242050, 
        "long_term_average": 528041, 
        "date": "2014-08-31", 
        "operating_revenue": 580785, 
        "short_term_average": 532474
    }, 
    {
        "accumulated_operating_revenue_yoy": -2.132004843189229, 
        "accumulated_operating_revenue": 4729327, 
        "long_term_average": 524047, 
        "date": "2014-09-30", 
        "operating_revenue": 487277, 
        "short_term_average": 533481
    }, 
    {
        "accumulated_operating_revenue_yoy": -0.7538187572054006, 
        "accumulated_operating_revenue": 5310684, 
        "long_term_average": 529271, 
        "date": "2014-10-31", 
        "operating_revenue": 581357, 
        "short_term_average": 549806
    }, 
    {
        "accumulated_operating_revenue_yoy": -0.8687156246619396, 
        "accumulated_operating_revenue": 5800565, 
        "long_term_average": 528396, 
        "date": "2014-11-30", 
        "operating_revenue": 489881, 
        "short_term_average": 519505
    }, 
    {
        "accumulated_operating_revenue_yoy": -1.1611029797726546, 
        "accumulated_operating_revenue": 6317382, 
        "long_term_average": 526448, 
        "date": "2014-12-31", 
        "operating_revenue": 516817, 
        "short_term_average": 529351
    }, 
    {
        "accumulated_operating_revenue_yoy": -1.486018742126256, 
        "accumulated_operating_revenue": 470753, 
        "long_term_average": 525856, 
        "date": "2015-01-31", 
        "operating_revenue": 470753, 
        "short_term_average": 492483
    }, 
    {
        "accumulated_operating_revenue_yoy": -8.92748605583679, 
        "accumulated_operating_revenue": 848080, 
        "long_term_average": 519520, 
        "date": "2015-02-28", 
        "operating_revenue": 377327, 
        "short_term_average": 454965
    }, 
    {
        "accumulated_operating_revenue_yoy": -8.30023831072292, 
        "accumulated_operating_revenue": 1381014, 
        "long_term_average": 516031, 
        "date": "2015-03-31", 
        "operating_revenue": 532934, 
        "short_term_average": 460338
    }, 
    {
        "accumulated_operating_revenue_yoy": -10.959140205623646, 
        "accumulated_operating_revenue": 1875359, 
        "long_term_average": 507213, 
        "date": "2015-04-30", 
        "operating_revenue": 494345, 
        "short_term_average": 468202
    }, 
    {
        "accumulated_operating_revenue_yoy": -10.975158311550173, 
        "accumulated_operating_revenue": 2354375, 
        "long_term_average": 502260, 
        "date": "2015-05-31", 
        "operating_revenue": 479016, 
        "short_term_average": 502098
    }, 
    {
        "accumulated_operating_revenue_yoy": -10.83015887778482, 
        "accumulated_operating_revenue": 2790020, 
        "long_term_average": 498209, 
        "date": "2015-06-30", 
        "operating_revenue": 435645, 
        "short_term_average": 469668
    }, 
    {
        "accumulated_operating_revenue_yoy": -11.699043909686953, 
        "accumulated_operating_revenue": 3232932, 
        "long_term_average": 490754, 
        "date": "2015-07-31", 
        "operating_revenue": 442912, 
        "short_term_average": 452524
    }, 
    {
        "accumulated_operating_revenue_yoy": -12.786506523968363, 
        "accumulated_operating_revenue": 3699640, 
        "long_term_average": 481247, 
        "date": "2015-08-31", 
        "operating_revenue": 466708, 
        "short_term_average": 448421
    }, 
    {
        "accumulated_operating_revenue_yoy": -12.566502591172062, 
        "accumulated_operating_revenue": 4135016, 
        "long_term_average": 476922, 
        "date": "2015-09-30", 
        "operating_revenue": 435376, 
        "short_term_average": 448332
    }
]