[
    {
        "date": "2012-01-31", 
        "operating_revenue": 136851, 
        "accumulated_operating_revenue": 136851, 
        "long_term_average": 136851, 
        "short_term_average": 136851
    }, 
    {
        "date": "2012-02-29", 
        "operating_revenue": 169036, 
        "accumulated_operating_revenue": 305887, 
        "long_term_average": 152943, 
        "short_term_average": 152943
    }, 
    {
        "date": "2012-03-31", 
        "operating_revenue": 171693, 
        "accumulated_operating_revenue": 477580, 
        "long_term_average": 159193, 
        "short_term_average": 159193
    }, 
    {
        "date": "2012-04-30", 
        "operating_revenue": 220595, 
        "accumulated_operating_revenue": 698175, 
        "long_term_average": 174543, 
        "short_term_average": 187108
    }, 
    {
        "date": "2012-05-31", 
        "operating_revenue": 223572, 
        "accumulated_operating_revenue": 921747, 
        "long_term_average": 184349, 
        "short_term_average": 205286
    }, 
    {
        "date": "2012-06-30", 
        "operating_revenue": 206679, 
        "accumulated_operating_revenue": 1128426, 
        "long_term_average": 188071, 
        "short_term_average": 216948
    }, 
    {
        "date": "2012-07-31", 
        "operating_revenue": 192871, 
        "accumulated_operating_revenue": 1321297, 
        "long_term_average": 188756, 
        "short_term_average": 207707
    }, 
    {
        "date": "2012-08-31", 
        "operating_revenue": 138604, 
        "accumulated_operating_revenue": 1459901, 
        "long_term_average": 182487, 
        "short_term_average": 179384
    }, 
    {
        "date": "2012-09-30", 
        "operating_revenue": 74240, 
        "accumulated_operating_revenue": 1534141, 
        "long_term_average": 170460, 
        "short_term_average": 135238
    }, 
    {
        "date": "2012-10-31", 
        "operating_revenue": 61032, 
        "accumulated_operating_revenue": 1595173, 
        "long_term_average": 159517, 
        "short_term_average": 91292
    }, 
    {
        "date": "2012-11-30", 
        "operating_revenue": 135204, 
        "accumulated_operating_revenue": 1730377, 
        "long_term_average": 157307, 
        "short_term_average": 90158
    }, 
    {
        "date": "2012-12-31", 
        "operating_revenue": 111373, 
        "accumulated_operating_revenue": 1841750, 
        "long_term_average": 153479, 
        "short_term_average": 102536
    }, 
    {
        "accumulated_operating_revenue_yoy": 17.171960745628457, 
        "accumulated_operating_revenue": 160351, 
        "long_term_average": 155437, 
        "date": "2013-01-31", 
        "operating_revenue": 160351, 
        "short_term_average": 135642
    }, 
    {
        "accumulated_operating_revenue_yoy": -10.084769865996266, 
        "accumulated_operating_revenue": 275039, 
        "long_term_average": 150908, 
        "date": "2013-02-28", 
        "operating_revenue": 114688, 
        "short_term_average": 128804
    }, 
    {
        "accumulated_operating_revenue_yoy": -14.969219816575233, 
        "accumulated_operating_revenue": 406090, 
        "long_term_average": 147521, 
        "date": "2013-03-31", 
        "operating_revenue": 131051, 
        "short_term_average": 135363
    }, 
    {
        "accumulated_operating_revenue_yoy": -18.08944748809396, 
        "accumulated_operating_revenue": 571879, 
        "long_term_average": 142954, 
        "date": "2013-04-30", 
        "operating_revenue": 165789, 
        "short_term_average": 137176
    }, 
    {
        "accumulated_operating_revenue_yoy": -22.50422295922851, 
        "accumulated_operating_revenue": 714315, 
        "long_term_average": 136193, 
        "date": "2013-05-31", 
        "operating_revenue": 142436, 
        "short_term_average": 146425
    }, 
    {
        "accumulated_operating_revenue_yoy": -26.768613980890194, 
        "accumulated_operating_revenue": 826362, 
        "long_term_average": 128307, 
        "date": "2013-06-30", 
        "operating_revenue": 112047, 
        "short_term_average": 140090
    }, 
    {
        "accumulated_operating_revenue_yoy": -25.946778052171464, 
        "accumulated_operating_revenue": 978463, 
        "long_term_average": 124909, 
        "date": "2013-07-31", 
        "operating_revenue": 152101, 
        "short_term_average": 135528
    }, 
    {
        "accumulated_operating_revenue_yoy": -24.704894372974607, 
        "accumulated_operating_revenue": 1099234, 
        "long_term_average": 123423, 
        "date": "2013-08-31", 
        "operating_revenue": 120771, 
        "short_term_average": 128306
    }, 
    {
        "accumulated_operating_revenue_yoy": -15.51434972404753, 
        "accumulated_operating_revenue": 1296129, 
        "long_term_average": 133644, 
        "date": "2013-09-30", 
        "operating_revenue": 196895, 
        "short_term_average": 156589
    }, 
    {
        "accumulated_operating_revenue_yoy": -8.415388174198034, 
        "accumulated_operating_revenue": 1460933, 
        "long_term_average": 142292, 
        "date": "2013-10-31", 
        "operating_revenue": 164804, 
        "short_term_average": 160823
    }, 
    {
        "accumulated_operating_revenue_yoy": -8.251265475673799, 
        "accumulated_operating_revenue": 1587599, 
        "long_term_average": 141581, 
        "date": "2013-11-30", 
        "operating_revenue": 126666, 
        "short_term_average": 162788
    }, 
    {
        "accumulated_operating_revenue_yoy": -5.761096782950998, 
        "accumulated_operating_revenue": 1735645, 
        "long_term_average": 144637, 
        "date": "2013-12-31", 
        "operating_revenue": 148046, 
        "short_term_average": 146505
    }, 
    {
        "accumulated_operating_revenue_yoy": 6.786362417446726, 
        "accumulated_operating_revenue": 171233, 
        "long_term_average": 145543, 
        "date": "2014-01-31", 
        "operating_revenue": 171233, 
        "short_term_average": 148648
    }, 
    {
        "accumulated_operating_revenue_yoy": 13.456637058744397, 
        "accumulated_operating_revenue": 312050, 
        "long_term_average": 147721, 
        "date": "2014-02-28", 
        "operating_revenue": 140817, 
        "short_term_average": 153365
    }, 
    {
        "accumulated_operating_revenue_yoy": 13.194612031815609, 
        "accumulated_operating_revenue": 459672, 
        "long_term_average": 149102, 
        "date": "2014-03-31", 
        "operating_revenue": 147622, 
        "short_term_average": 153224
    }, 
    {
        "accumulated_operating_revenue_yoy": 13.3752069930877, 
        "accumulated_operating_revenue": 648369, 
        "long_term_average": 151011, 
        "date": "2014-04-30", 
        "operating_revenue": 188697, 
        "short_term_average": 159045
    }, 
    {
        "accumulated_operating_revenue_yoy": 15.010044588171883, 
        "accumulated_operating_revenue": 821534, 
        "long_term_average": 153572, 
        "date": "2014-05-31", 
        "operating_revenue": 173165, 
        "short_term_average": 169828
    }, 
    {
        "accumulated_operating_revenue_yoy": 18.037373451344568, 
        "accumulated_operating_revenue": 975416, 
        "long_term_average": 157058, 
        "date": "2014-06-30", 
        "operating_revenue": 153882, 
        "short_term_average": 171914
    }, 
    {
        "accumulated_operating_revenue_yoy": 13.915293679985854, 
        "accumulated_operating_revenue": 1114619, 
        "long_term_average": 155983, 
        "date": "2014-07-31", 
        "operating_revenue": 139203, 
        "short_term_average": 155416
    }, 
    {
        "accumulated_operating_revenue_yoy": 12.00035661196797, 
        "accumulated_operating_revenue": 1231146, 
        "long_term_average": 155629, 
        "date": "2014-08-31", 
        "operating_revenue": 116527, 
        "short_term_average": 136537
    }, 
    {
        "accumulated_operating_revenue_yoy": 4.971650198398462, 
        "accumulated_operating_revenue": 1360568, 
        "long_term_average": 150007, 
        "date": "2014-09-30", 
        "operating_revenue": 129422, 
        "short_term_average": 128384
    }, 
    {
        "accumulated_operating_revenue_yoy": 1.1700741923140898, 
        "accumulated_operating_revenue": 1478027, 
        "long_term_average": 146061, 
        "date": "2014-10-31", 
        "operating_revenue": 117459, 
        "short_term_average": 121136
    }, 
    {
        "accumulated_operating_revenue_yoy": -1.3652691895119613, 
        "accumulated_operating_revenue": 1565924, 
        "long_term_average": 142830, 
        "date": "2014-11-30", 
        "operating_revenue": 87897, 
        "short_term_average": 111592
    }, 
    {
        "accumulated_operating_revenue_yoy": -5.395227710735778, 
        "accumulated_operating_revenue": 1642003, 
        "long_term_average": 136833, 
        "date": "2014-12-31", 
        "operating_revenue": 76079, 
        "short_term_average": 93811
    }, 
    {
        "accumulated_operating_revenue_yoy": -16.0477244456384, 
        "accumulated_operating_revenue": 143754, 
        "long_term_average": 134543, 
        "date": "2015-01-31", 
        "operating_revenue": 143754, 
        "short_term_average": 102576
    }, 
    {
        "accumulated_operating_revenue_yoy": -19.371254606633553, 
        "accumulated_operating_revenue": 251602, 
        "long_term_average": 131796, 
        "date": "2015-02-28", 
        "operating_revenue": 107848, 
        "short_term_average": 109227
    }, 
    {
        "accumulated_operating_revenue_yoy": -15.953331941036216, 
        "accumulated_operating_revenue": 386339, 
        "long_term_average": 130722, 
        "date": "2015-03-31", 
        "operating_revenue": 134737, 
        "short_term_average": 128779
    }, 
    {
        "accumulated_operating_revenue_yoy": -19.2536965832728, 
        "accumulated_operating_revenue": 523534, 
        "long_term_average": 126430, 
        "date": "2015-04-30", 
        "operating_revenue": 137195, 
        "short_term_average": 126593
    }, 
    {
        "accumulated_operating_revenue_yoy": -19.751464942412607, 
        "accumulated_operating_revenue": 659269, 
        "long_term_average": 123311, 
        "date": "2015-05-31", 
        "operating_revenue": 135735, 
        "short_term_average": 135889
    }, 
    {
        "accumulated_operating_revenue_yoy": -19.7898127568135, 
        "accumulated_operating_revenue": 782383, 
        "long_term_average": 120747, 
        "date": "2015-06-30", 
        "operating_revenue": 123114, 
        "short_term_average": 132014
    }, 
    {
        "accumulated_operating_revenue_yoy": -19.552959352029706, 
        "accumulated_operating_revenue": 896678, 
        "long_term_average": 118671, 
        "date": "2015-07-31", 
        "operating_revenue": 114295, 
        "short_term_average": 124381
    }, 
    {
        "accumulated_operating_revenue_yoy": -16.413244245605313, 
        "accumulated_operating_revenue": 1029075, 
        "long_term_average": 119994, 
        "date": "2015-08-31", 
        "operating_revenue": 132397, 
        "short_term_average": 123268
    }, 
    {
        "accumulated_operating_revenue_yoy": -17.341580869166407, 
        "accumulated_operating_revenue": 1124624, 
        "long_term_average": 117171, 
        "date": "2015-09-30", 
        "operating_revenue": 95549, 
        "short_term_average": 114080
    }
]