[
    {
        "date": "2011-09-30", 
        "operating_revenue": 2870979, 
        "accumulated_operating_revenue": 2870979, 
        "long_term_average": 2870979, 
        "short_term_average": 2870979
    }, 
    {
        "date": "2011-10-31", 
        "operating_revenue": 2564318, 
        "accumulated_operating_revenue": 5435297, 
        "long_term_average": 2717648, 
        "short_term_average": 2717648
    }, 
    {
        "date": "2011-11-30", 
        "operating_revenue": 2409640, 
        "accumulated_operating_revenue": 7844937, 
        "long_term_average": 2614979, 
        "short_term_average": 2614979
    }, 
    {
        "date": "2011-12-31", 
        "operating_revenue": 2356419, 
        "accumulated_operating_revenue": 10201356, 
        "long_term_average": 2550339, 
        "short_term_average": 2443459
    }, 
    {
        "date": "2012-01-31", 
        "operating_revenue": 2285354, 
        "accumulated_operating_revenue": 2285354, 
        "long_term_average": 2497342, 
        "short_term_average": 2350471
    }, 
    {
        "date": "2012-02-29", 
        "operating_revenue": 2416394, 
        "accumulated_operating_revenue": 4701748, 
        "long_term_average": 2483850, 
        "short_term_average": 2352722
    }, 
    {
        "date": "2012-03-31", 
        "operating_revenue": 2784467, 
        "accumulated_operating_revenue": 7486215, 
        "long_term_average": 2526795, 
        "short_term_average": 2495405
    }, 
    {
        "date": "2012-04-30", 
        "operating_revenue": 2991376, 
        "accumulated_operating_revenue": 10477591, 
        "long_term_average": 2584868, 
        "short_term_average": 2730745
    }, 
    {
        "date": "2012-05-31", 
        "operating_revenue": 3048607, 
        "accumulated_operating_revenue": 13526198, 
        "long_term_average": 2636394, 
        "short_term_average": 2941483
    }, 
    {
        "date": "2012-06-30", 
        "operating_revenue": 3029145, 
        "accumulated_operating_revenue": 16555343, 
        "long_term_average": 2675669, 
        "short_term_average": 3023042
    }, 
    {
        "date": "2012-07-31", 
        "operating_revenue": 3032928, 
        "accumulated_operating_revenue": 19588271, 
        "long_term_average": 2708147, 
        "short_term_average": 3036893
    }, 
    {
        "date": "2012-08-31", 
        "operating_revenue": 2810888, 
        "accumulated_operating_revenue": 22399159, 
        "long_term_average": 2716709, 
        "short_term_average": 2957653
    }, 
    {
        "accumulated_operating_revenue_yoy": 774.1194554192141, 
        "accumulated_operating_revenue": 25095786, 
        "long_term_average": 2702180, 
        "date": "2012-09-30", 
        "operating_revenue": 2696627, 
        "short_term_average": 2846814
    }, 
    {
        "accumulated_operating_revenue_yoy": 412.499261769872, 
        "accumulated_operating_revenue": 27855857, 
        "long_term_average": 2718493, 
        "date": "2012-10-31", 
        "operating_revenue": 2760071, 
        "short_term_average": 2755862
    }, 
    {
        "accumulated_operating_revenue_yoy": 289.9251326046341, 
        "accumulated_operating_revenue": 30589381, 
        "long_term_average": 2745483, 
        "date": "2012-11-30", 
        "operating_revenue": 2733524, 
        "short_term_average": 2730074
    }, 
    {
        "accumulated_operating_revenue_yoy": 223.14608959828476, 
        "accumulated_operating_revenue": 32965283, 
        "long_term_average": 2747106, 
        "date": "2012-12-31", 
        "operating_revenue": 2375902, 
        "short_term_average": 2623165
    }, 
    {
        "accumulated_operating_revenue_yoy": 11.77296821411475, 
        "accumulated_operating_revenue": 2554408, 
        "long_term_average": 2769528, 
        "date": "2013-01-31", 
        "operating_revenue": 2554408, 
        "short_term_average": 2554611
    }, 
    {
        "accumulated_operating_revenue_yoy": 5.533346321410675, 
        "accumulated_operating_revenue": 4961912, 
        "long_term_average": 2768787, 
        "date": "2013-02-28", 
        "operating_revenue": 2407504, 
        "short_term_average": 2445938
    }, 
    {
        "accumulated_operating_revenue_yoy": 2.5231709214870266, 
        "accumulated_operating_revenue": 7675105, 
        "long_term_average": 2762847, 
        "date": "2013-03-31", 
        "operating_revenue": 2713193, 
        "short_term_average": 2558368
    }, 
    {
        "accumulated_operating_revenue_yoy": 1.844011662604505, 
        "accumulated_operating_revenue": 10670799, 
        "long_term_average": 2763207, 
        "date": "2013-04-30", 
        "operating_revenue": 2995694, 
        "short_term_average": 2705463
    }, 
    {
        "accumulated_operating_revenue_yoy": 1.115708937574328, 
        "accumulated_operating_revenue": 13677111, 
        "long_term_average": 2759683, 
        "date": "2013-05-31", 
        "operating_revenue": 3006312, 
        "short_term_average": 2905066
    }, 
    {
        "accumulated_operating_revenue_yoy": -0.20784226578694265, 
        "accumulated_operating_revenue": 16520934, 
        "long_term_average": 2744239, 
        "date": "2013-06-30", 
        "operating_revenue": 2843823, 
        "short_term_average": 2948609
    }, 
    {
        "accumulated_operating_revenue_yoy": -1.0838884146538508, 
        "accumulated_operating_revenue": 19375956, 
        "long_term_average": 2729414, 
        "date": "2013-07-31", 
        "operating_revenue": 2855022, 
        "short_term_average": 2901719
    }, 
    {
        "accumulated_operating_revenue_yoy": -0.9781304735592975, 
        "accumulated_operating_revenue": 22180066, 
        "long_term_average": 2728849, 
        "date": "2013-08-31", 
        "operating_revenue": 2804110, 
        "short_term_average": 2834318
    }, 
    {
        "accumulated_operating_revenue_yoy": -1.058719579454495, 
        "accumulated_operating_revenue": 24830092, 
        "long_term_average": 2724965, 
        "date": "2013-09-30", 
        "operating_revenue": 2650026, 
        "short_term_average": 2769719
    }, 
    {
        "accumulated_operating_revenue_yoy": -0.7623890372498682, 
        "accumulated_operating_revenue": 27643487, 
        "long_term_average": 2729409, 
        "date": "2013-10-31", 
        "operating_revenue": 2813395, 
        "short_term_average": 2755843
    }, 
    {
        "accumulated_operating_revenue_yoy": -0.4461090598727709, 
        "accumulated_operating_revenue": 30452919, 
        "long_term_average": 2735735, 
        "date": "2013-11-30", 
        "operating_revenue": 2809432, 
        "short_term_average": 2757617
    }, 
    {
        "accumulated_operating_revenue_yoy": 0.5161945674787625, 
        "accumulated_operating_revenue": 33135448, 
        "long_term_average": 2761287, 
        "date": "2013-12-31", 
        "operating_revenue": 2682529, 
        "short_term_average": 2768452
    }, 
    {
        "accumulated_operating_revenue_yoy": 15.523753448940028, 
        "accumulated_operating_revenue": 2950948, 
        "long_term_average": 2794332, 
        "date": "2014-01-31", 
        "operating_revenue": 2950948, 
        "short_term_average": 2814303
    }, 
    {
        "accumulated_operating_revenue_yoy": 16.247043478401068, 
        "accumulated_operating_revenue": 5768076, 
        "long_term_average": 2828467, 
        "date": "2014-02-28", 
        "operating_revenue": 2817128, 
        "short_term_average": 2816868
    }, 
    {
        "accumulated_operating_revenue_yoy": 14.018270759813708, 
        "accumulated_operating_revenue": 8751022, 
        "long_term_average": 2850947, 
        "date": "2014-03-31", 
        "operating_revenue": 2982946, 
        "short_term_average": 2917007
    }, 
    {
        "accumulated_operating_revenue_yoy": 11.714727266439935, 
        "accumulated_operating_revenue": 11920854, 
        "long_term_average": 2865458, 
        "date": "2014-04-30", 
        "operating_revenue": 3169832, 
        "short_term_average": 2989968
    }, 
    {
        "accumulated_operating_revenue_yoy": 10.988073431589465, 
        "accumulated_operating_revenue": 15179962, 
        "long_term_average": 2886524, 
        "date": "2014-05-31", 
        "operating_revenue": 3259108, 
        "short_term_average": 3137295
    }, 
    {
        "accumulated_operating_revenue_yoy": 11.93904654543139, 
        "accumulated_operating_revenue": 18493376, 
        "long_term_average": 2925657, 
        "date": "2014-06-30", 
        "operating_revenue": 3313414, 
        "short_term_average": 3247451
    }, 
    {
        "accumulated_operating_revenue_yoy": 12.671839263053652, 
        "accumulated_operating_revenue": 21831246, 
        "long_term_average": 2965894, 
        "date": "2014-07-31", 
        "operating_revenue": 3337870, 
        "short_term_average": 3303464
    }, 
    {
        "accumulated_operating_revenue_yoy": 13.146326976664541, 
        "accumulated_operating_revenue": 25095930, 
        "long_term_average": 3004276, 
        "date": "2014-08-31", 
        "operating_revenue": 3264684, 
        "short_term_average": 3305322
    }, 
    {
        "accumulated_operating_revenue_yoy": 14.477320502880135, 
        "accumulated_operating_revenue": 28424824, 
        "long_term_average": 3060848, 
        "date": "2014-09-30", 
        "operating_revenue": 3328894, 
        "short_term_average": 3310482
    }, 
    {
        "accumulated_operating_revenue_yoy": 14.41263180726802, 
        "accumulated_operating_revenue": 31627641, 
        "long_term_average": 3093300, 
        "date": "2014-10-31", 
        "operating_revenue": 3202817, 
        "short_term_average": 3265465
    }, 
    {
        "accumulated_operating_revenue_yoy": 14.440343140833232, 
        "accumulated_operating_revenue": 34850425, 
        "long_term_average": 3127746, 
        "date": "2014-11-30", 
        "operating_revenue": 3222784, 
        "short_term_average": 3251498
    }, 
    {
        "accumulated_operating_revenue_yoy": 14.64960425463389, 
        "accumulated_operating_revenue": 37989660, 
        "long_term_average": 3165805, 
        "date": "2014-12-31", 
        "operating_revenue": 3139235, 
        "short_term_average": 3188278
    }, 
    {
        "accumulated_operating_revenue_yoy": 15.810478530966998, 
        "accumulated_operating_revenue": 3417507, 
        "long_term_average": 3204684, 
        "date": "2015-01-31", 
        "operating_revenue": 3417507, 
        "short_term_average": 3259842
    }, 
    {
        "accumulated_operating_revenue_yoy": 11.97739072786142, 
        "accumulated_operating_revenue": 6458941, 
        "long_term_average": 3223377, 
        "date": "2015-02-28", 
        "operating_revenue": 3041434, 
        "short_term_average": 3199392
    }, 
    {
        "accumulated_operating_revenue_yoy": 11.116461597285438, 
        "accumulated_operating_revenue": 9723826, 
        "long_term_average": 3246872, 
        "date": "2015-03-31", 
        "operating_revenue": 3264885, 
        "short_term_average": 3241275
    }, 
    {
        "accumulated_operating_revenue_yoy": 8.087163889432754, 
        "accumulated_operating_revenue": 12884913, 
        "long_term_average": 3246143, 
        "date": "2015-04-30", 
        "operating_revenue": 3161087, 
        "short_term_average": 3155802
    }, 
    {
        "accumulated_operating_revenue_yoy": 5.162048495246562, 
        "accumulated_operating_revenue": 15963559, 
        "long_term_average": 3231104, 
        "date": "2015-05-31", 
        "operating_revenue": 3078646, 
        "short_term_average": 3168206
    }, 
    {
        "accumulated_operating_revenue_yoy": 2.6094694662564586, 
        "accumulated_operating_revenue": 18975955, 
        "long_term_average": 3206019, 
        "date": "2015-06-30", 
        "operating_revenue": 3012396, 
        "short_term_average": 3084043
    }, 
    {
        "accumulated_operating_revenue_yoy": 1.096826997414623, 
        "accumulated_operating_revenue": 22070697, 
        "long_term_average": 3185759, 
        "date": "2015-07-31", 
        "operating_revenue": 3094742, 
        "short_term_average": 3061928
    }, 
    {
        "accumulated_operating_revenue_yoy": 0.7615975976981127, 
        "accumulated_operating_revenue": 25287060, 
        "long_term_average": 3181732, 
        "date": "2015-08-31", 
        "operating_revenue": 3216363, 
        "short_term_average": 3107833
    }, 
    {
        "accumulated_operating_revenue_yoy": 0.2992384403154088, 
        "accumulated_operating_revenue": 28509882, 
        "long_term_average": 3172893, 
        "date": "2015-09-30", 
        "operating_revenue": 3222822, 
        "short_term_average": 3177975
    }
]