[
    {
        "date": "2011-09-30", 
        "operating_revenue": 2678354, 
        "accumulated_operating_revenue": 2678354, 
        "long_term_average": 2678354, 
        "short_term_average": 2678354
    }, 
    {
        "date": "2011-10-31", 
        "operating_revenue": 1773862, 
        "accumulated_operating_revenue": 4452216, 
        "long_term_average": 2226108, 
        "short_term_average": 2226108
    }, 
    {
        "date": "2011-11-30", 
        "operating_revenue": 2297321, 
        "accumulated_operating_revenue": 6749537, 
        "long_term_average": 2249845, 
        "short_term_average": 2249845
    }, 
    {
        "date": "2011-12-31", 
        "operating_revenue": 2862523, 
        "accumulated_operating_revenue": 9612060, 
        "long_term_average": 2403015, 
        "short_term_average": 2311235
    }, 
    {
        "date": "2012-01-31", 
        "operating_revenue": 1685142, 
        "accumulated_operating_revenue": 1685142, 
        "long_term_average": 2259440, 
        "short_term_average": 2281662
    }, 
    {
        "date": "2012-02-29", 
        "operating_revenue": 2284002, 
        "accumulated_operating_revenue": 3969144, 
        "long_term_average": 2263534, 
        "short_term_average": 2277222
    }, 
    {
        "date": "2012-03-31", 
        "operating_revenue": 2481920, 
        "accumulated_operating_revenue": 6451064, 
        "long_term_average": 2294732, 
        "short_term_average": 2150354
    }, 
    {
        "date": "2012-04-30", 
        "operating_revenue": 1766714, 
        "accumulated_operating_revenue": 8217778, 
        "long_term_average": 2228729, 
        "short_term_average": 2177545
    }, 
    {
        "date": "2012-05-31", 
        "operating_revenue": 2407792, 
        "accumulated_operating_revenue": 10625570, 
        "long_term_average": 2248625, 
        "short_term_average": 2218808
    }, 
    {
        "date": "2012-06-30", 
        "operating_revenue": 2608870, 
        "accumulated_operating_revenue": 13234440, 
        "long_term_average": 2284650, 
        "short_term_average": 2261125
    }, 
    {
        "date": "2012-07-31", 
        "operating_revenue": 2109310, 
        "accumulated_operating_revenue": 15343750, 
        "long_term_average": 2268710, 
        "short_term_average": 2375324
    }, 
    {
        "date": "2012-08-31", 
        "operating_revenue": 2442664, 
        "accumulated_operating_revenue": 17786414, 
        "long_term_average": 2283206, 
        "short_term_average": 2386948
    }, 
    {
        "accumulated_operating_revenue_yoy": 660.4604544432887, 
        "accumulated_operating_revenue": 20367823, 
        "long_term_average": 2275127, 
        "date": "2012-09-30", 
        "operating_revenue": 2581409, 
        "short_term_average": 2377794
    }, 
    {
        "accumulated_operating_revenue_yoy": 394.05958740546276, 
        "accumulated_operating_revenue": 21996600, 
        "long_term_average": 2263037, 
        "date": "2012-10-31", 
        "operating_revenue": 1628777, 
        "short_term_average": 2217616
    }, 
    {
        "accumulated_operating_revenue_yoy": 260.82389058686545, 
        "accumulated_operating_revenue": 24353942, 
        "long_term_average": 2268038, 
        "date": "2012-11-30", 
        "operating_revenue": 2357342, 
        "short_term_average": 2189176
    }, 
    {
        "accumulated_operating_revenue_yoy": 181.1906084647828, 
        "accumulated_operating_revenue": 27028210, 
        "long_term_average": 2252350, 
        "date": "2012-12-31", 
        "operating_revenue": 2674268, 
        "short_term_average": 2220129
    }, 
    {
        "accumulated_operating_revenue_yoy": -20.062878973997446, 
        "accumulated_operating_revenue": 1347054, 
        "long_term_average": 2224176, 
        "date": "2013-01-31", 
        "operating_revenue": 1347054, 
        "short_term_average": 2126221
    }, 
    {
        "accumulated_operating_revenue_yoy": -27.922292564845215, 
        "accumulated_operating_revenue": 2860868, 
        "long_term_average": 2159994, 
        "date": "2013-02-28", 
        "operating_revenue": 1513814, 
        "short_term_average": 1845045
    }, 
    {
        "accumulated_operating_revenue_yoy": -24.898776387895083, 
        "accumulated_operating_revenue": 4844828, 
        "long_term_average": 2118497, 
        "date": "2013-03-31", 
        "operating_revenue": 1983960, 
        "short_term_average": 1614942
    }, 
    {
        "accumulated_operating_revenue_yoy": -22.139658676591168, 
        "accumulated_operating_revenue": 6398390, 
        "long_term_average": 2100735, 
        "date": "2013-04-30", 
        "operating_revenue": 1553562, 
        "short_term_average": 1683778
    }, 
    {
        "accumulated_operating_revenue_yoy": -19.095709688986094, 
        "accumulated_operating_revenue": 8596542, 
        "long_term_average": 2083265, 
        "date": "2013-05-31", 
        "operating_revenue": 2198152, 
        "short_term_average": 1911891
    }, 
    {
        "accumulated_operating_revenue_yoy": -17.04135573549013, 
        "accumulated_operating_revenue": 10979112, 
        "long_term_average": 2064406, 
        "date": "2013-06-30", 
        "operating_revenue": 2382570, 
        "short_term_average": 2044761
    }, 
    {
        "accumulated_operating_revenue_yoy": -17.927384114052952, 
        "accumulated_operating_revenue": 12593017, 
        "long_term_average": 2023123, 
        "date": "2013-07-31", 
        "operating_revenue": 1613905, 
        "short_term_average": 2064875
    }, 
    {
        "accumulated_operating_revenue_yoy": -17.69823866688361, 
        "accumulated_operating_revenue": 14638532, 
        "long_term_average": 1990027, 
        "date": "2013-08-31", 
        "operating_revenue": 2045515, 
        "short_term_average": 2013996
    }, 
    {
        "accumulated_operating_revenue_yoy": -18.388965772139713, 
        "accumulated_operating_revenue": 16622391, 
        "long_term_average": 1940231, 
        "date": "2013-09-30", 
        "operating_revenue": 1983859, 
        "short_term_average": 1881093
    }, 
    {
        "accumulated_operating_revenue_yoy": -17.158124437413054, 
        "accumulated_operating_revenue": 18222396, 
        "long_term_average": 1937833, 
        "date": "2013-10-31", 
        "operating_revenue": 1600005, 
        "short_term_average": 1876459
    }, 
    {
        "accumulated_operating_revenue_yoy": -16.940152850819796, 
        "accumulated_operating_revenue": 20228347, 
        "long_term_average": 1908551, 
        "date": "2013-11-30", 
        "operating_revenue": 2005951, 
        "short_term_average": 1863271
    }, 
    {
        "accumulated_operating_revenue_yoy": -16.230616085933917, 
        "accumulated_operating_revenue": 22641365, 
        "long_term_average": 1886780, 
        "date": "2013-12-31", 
        "operating_revenue": 2413018, 
        "short_term_average": 2006324
    }, 
    {
        "accumulated_operating_revenue_yoy": 15.923563569092256, 
        "accumulated_operating_revenue": 1561553, 
        "long_term_average": 1904655, 
        "date": "2014-01-31", 
        "operating_revenue": 1561553, 
        "short_term_average": 1993507
    }, 
    {
        "accumulated_operating_revenue_yoy": 6.579227003832404, 
        "accumulated_operating_revenue": 3049091, 
        "long_term_average": 1902465, 
        "date": "2014-02-28", 
        "operating_revenue": 1487538, 
        "short_term_average": 1820703
    }, 
    {
        "accumulated_operating_revenue_yoy": 8.393920279522824, 
        "accumulated_operating_revenue": 5251499, 
        "long_term_average": 1920669, 
        "date": "2014-03-31", 
        "operating_revenue": 2202408, 
        "short_term_average": 1750499
    }, 
    {
        "accumulated_operating_revenue_yoy": 8.208924432552564, 
        "accumulated_operating_revenue": 6923629, 
        "long_term_average": 1930550, 
        "date": "2014-04-30", 
        "operating_revenue": 1672130, 
        "short_term_average": 1787358
    }, 
    {
        "accumulated_operating_revenue_yoy": 6.190896292951282, 
        "accumulated_operating_revenue": 9128745, 
        "long_term_average": 1931130, 
        "date": "2014-05-31", 
        "operating_revenue": 2205116, 
        "short_term_average": 2026551
    }, 
    {
        "accumulated_operating_revenue_yoy": 2.0566872803556424, 
        "accumulated_operating_revenue": 11204918, 
        "long_term_average": 1905597, 
        "date": "2014-06-30", 
        "operating_revenue": 2076173, 
        "short_term_average": 1984473
    }, 
    {
        "accumulated_operating_revenue_yoy": 1.5843304269342287, 
        "accumulated_operating_revenue": 12792532, 
        "long_term_average": 1903406, 
        "date": "2014-07-31", 
        "operating_revenue": 1587614, 
        "short_term_average": 1956301
    }, 
    {
        "accumulated_operating_revenue_yoy": -0.0520407374182056, 
        "accumulated_operating_revenue": 14630914, 
        "long_term_average": 1886145, 
        "date": "2014-08-31", 
        "operating_revenue": 1838382, 
        "short_term_average": 1834056
    }, 
    {
        "accumulated_operating_revenue_yoy": -0.42429515705652693, 
        "accumulated_operating_revenue": 16551863, 
        "long_term_average": 1880903, 
        "date": "2014-09-30", 
        "operating_revenue": 1920949, 
        "short_term_average": 1782315
    }, 
    {
        "accumulated_operating_revenue_yoy": 0.2504555383386466, 
        "accumulated_operating_revenue": 18268035, 
        "long_term_average": 1890583, 
        "date": "2014-10-31", 
        "operating_revenue": 1716172, 
        "short_term_average": 1825167
    }, 
    {
        "accumulated_operating_revenue_yoy": 0.6354795080388922, 
        "accumulated_operating_revenue": 20356894, 
        "long_term_average": 1897492, 
        "date": "2014-11-30", 
        "operating_revenue": 2088859, 
        "short_term_average": 1908660
    }, 
    {
        "accumulated_operating_revenue_yoy": 0.9121976523941909, 
        "accumulated_operating_revenue": 22847899, 
        "long_term_average": 1903991, 
        "date": "2014-12-31", 
        "operating_revenue": 2491005, 
        "short_term_average": 2098678
    }, 
    {
        "accumulated_operating_revenue_yoy": -12.062350749542283, 
        "accumulated_operating_revenue": 1373193, 
        "long_term_average": 1888294, 
        "date": "2015-01-31", 
        "operating_revenue": 1373193, 
        "short_term_average": 1984352
    }, 
    {
        "accumulated_operating_revenue_yoy": -7.017271704911399, 
        "accumulated_operating_revenue": 2835128, 
        "long_term_average": 1886161, 
        "date": "2015-02-28", 
        "operating_revenue": 1461935, 
        "short_term_average": 1775377
    }, 
    {
        "accumulated_operating_revenue_yoy": -5.809160394013214, 
        "accumulated_operating_revenue": 4946431, 
        "long_term_average": 1878569, 
        "date": "2015-03-31", 
        "operating_revenue": 2111303, 
        "short_term_average": 1648810
    }, 
    {
        "accumulated_operating_revenue_yoy": -2.409300093924732, 
        "accumulated_operating_revenue": 6756818, 
        "long_term_average": 1890090, 
        "date": "2015-04-30", 
        "operating_revenue": 1810387, 
        "short_term_average": 1794541
    }, 
    {
        "accumulated_operating_revenue_yoy": -3.8959900840696067, 
        "accumulated_operating_revenue": 8773090, 
        "long_term_average": 1874353, 
        "date": "2015-05-31", 
        "operating_revenue": 2016272, 
        "short_term_average": 1979320
    }, 
    {
        "accumulated_operating_revenue_yoy": -1.136036872380503, 
        "accumulated_operating_revenue": 11077626, 
        "long_term_average": 1893383, 
        "date": "2015-06-30", 
        "operating_revenue": 2304536, 
        "short_term_average": 2043731
    }, 
    {
        "accumulated_operating_revenue_yoy": 3.0014386518634466, 
        "accumulated_operating_revenue": 13176492, 
        "long_term_average": 1935988, 
        "date": "2015-07-31", 
        "operating_revenue": 2098866, 
        "short_term_average": 2139891
    }, 
    {
        "accumulated_operating_revenue_yoy": 4.900896827088178, 
        "accumulated_operating_revenue": 15347960, 
        "long_term_average": 1963745, 
        "date": "2015-08-31", 
        "operating_revenue": 2171468, 
        "short_term_average": 2191623
    }, 
    {
        "accumulated_operating_revenue_yoy": 6.455750630608772, 
        "accumulated_operating_revenue": 17620410, 
        "long_term_average": 1993037, 
        "date": "2015-09-30", 
        "operating_revenue": 2272450, 
        "short_term_average": 2180928
    }
]