[
    {
        "date": "2011-09-30", 
        "operating_revenue": 31253009, 
        "accumulated_operating_revenue": 31253009, 
        "long_term_average": 31253009, 
        "short_term_average": 31253009
    }, 
    {
        "date": "2011-10-31", 
        "operating_revenue": 25174241, 
        "accumulated_operating_revenue": 56427250, 
        "long_term_average": 28213625, 
        "short_term_average": 28213625
    }, 
    {
        "date": "2011-11-30", 
        "operating_revenue": 25814451, 
        "accumulated_operating_revenue": 82241701, 
        "long_term_average": 27413900, 
        "short_term_average": 27413900
    }, 
    {
        "date": "2011-12-31", 
        "operating_revenue": 26863149, 
        "accumulated_operating_revenue": 109104850, 
        "long_term_average": 27276212, 
        "short_term_average": 25950613
    }, 
    {
        "date": "2012-01-31", 
        "operating_revenue": 20429849, 
        "accumulated_operating_revenue": 20429849, 
        "long_term_average": 25906939, 
        "short_term_average": 24369149
    }, 
    {
        "date": "2012-02-29", 
        "operating_revenue": 25808776, 
        "accumulated_operating_revenue": 46238625, 
        "long_term_average": 25890579, 
        "short_term_average": 24367258
    }, 
    {
        "date": "2012-03-31", 
        "operating_revenue": 26549465, 
        "accumulated_operating_revenue": 72788090, 
        "long_term_average": 25984705, 
        "short_term_average": 24262696
    }, 
    {
        "date": "2012-04-30", 
        "operating_revenue": 23911240, 
        "accumulated_operating_revenue": 96699330, 
        "long_term_average": 25725522, 
        "short_term_average": 25423160
    }, 
    {
        "date": "2012-05-31", 
        "operating_revenue": 24050133, 
        "accumulated_operating_revenue": 120749463, 
        "long_term_average": 25539368, 
        "short_term_average": 24836946
    }, 
    {
        "date": "2012-06-30", 
        "operating_revenue": 26352673, 
        "accumulated_operating_revenue": 147102136, 
        "long_term_average": 25620698, 
        "short_term_average": 24771348
    }, 
    {
        "date": "2012-07-31", 
        "operating_revenue": 26288906, 
        "accumulated_operating_revenue": 173391042, 
        "long_term_average": 25681444, 
        "short_term_average": 25563904
    }, 
    {
        "date": "2012-08-31", 
        "operating_revenue": 27480769, 
        "accumulated_operating_revenue": 200871811, 
        "long_term_average": 25831388, 
        "short_term_average": 26707449
    }, 
    {
        "accumulated_operating_revenue_yoy": 634.5967519479484, 
        "accumulated_operating_revenue": 229583589, 
        "long_term_average": 25619619, 
        "date": "2012-09-30", 
        "operating_revenue": 28711778, 
        "short_term_average": 27493817
    }, 
    {
        "accumulated_operating_revenue_yoy": 356.689351332911, 
        "accumulated_operating_revenue": 257697242, 
        "long_term_average": 25864570, 
        "date": "2012-10-31", 
        "operating_revenue": 28113653, 
        "short_term_average": 28102066
    }, 
    {
        "accumulated_operating_revenue_yoy": 246.71615802304476, 
        "accumulated_operating_revenue": 285145266, 
        "long_term_average": 26000701, 
        "date": "2012-11-30", 
        "operating_revenue": 27448024, 
        "short_term_average": 28091151
    }, 
    {
        "accumulated_operating_revenue_yoy": 186.50000710325892, 
        "accumulated_operating_revenue": 312585403, 
        "long_term_average": 26048783, 
        "date": "2012-12-31", 
        "operating_revenue": 27440137, 
        "short_term_average": 27667271
    }, 
    {
        "accumulated_operating_revenue_yoy": 33.206804416420304, 
        "accumulated_operating_revenue": 27213949, 
        "long_term_average": 26614125, 
        "date": "2013-01-31", 
        "operating_revenue": 27213949, 
        "short_term_average": 27367370
    }, 
    {
        "accumulated_operating_revenue_yoy": 0.4358801759351624, 
        "accumulated_operating_revenue": 46440170, 
        "long_term_average": 26065579, 
        "date": "2013-02-28", 
        "operating_revenue": 19226221, 
        "short_term_average": 24626769
    }, 
    {
        "accumulated_operating_revenue_yoy": 1.1660094391816023, 
        "accumulated_operating_revenue": 73636806, 
        "long_term_average": 26119509, 
        "date": "2013-03-31", 
        "operating_revenue": 27196636, 
        "short_term_average": 24545602
    }, 
    {
        "accumulated_operating_revenue_yoy": 3.4435502293552607, 
        "accumulated_operating_revenue": 100029220, 
        "long_term_average": 26326274, 
        "date": "2013-04-30", 
        "operating_revenue": 26392414, 
        "short_term_average": 24271757
    }, 
    {
        "accumulated_operating_revenue_yoy": 4.685535537329884, 
        "accumulated_operating_revenue": 126407222, 
        "long_term_average": 26520263, 
        "date": "2013-05-31", 
        "operating_revenue": 26378002, 
        "short_term_average": 26655684
    }, 
    {
        "accumulated_operating_revenue_yoy": 3.612768750006458, 
        "accumulated_operating_revenue": 152416596, 
        "long_term_average": 26491655, 
        "date": "2013-06-30", 
        "operating_revenue": 26009374, 
        "short_term_average": 26259930
    }, 
    {
        "accumulated_operating_revenue_yoy": 3.885852995796634, 
        "accumulated_operating_revenue": 180128763, 
        "long_term_average": 26610260, 
        "date": "2013-07-31", 
        "operating_revenue": 27712167, 
        "short_term_average": 26699847
    }, 
    {
        "accumulated_operating_revenue_yoy": 3.047804452761169, 
        "accumulated_operating_revenue": 206993991, 
        "long_term_average": 26558965, 
        "date": "2013-08-31", 
        "operating_revenue": 26865228, 
        "short_term_average": 26862256
    }, 
    {
        "accumulated_operating_revenue_yoy": 3.739345672481843, 
        "accumulated_operating_revenue": 238168513, 
        "long_term_average": 26764193, 
        "date": "2013-09-30", 
        "operating_revenue": 31174522, 
        "short_term_average": 28583972
    }, 
    {
        "accumulated_operating_revenue_yoy": 3.3395173084545466, 
        "accumulated_operating_revenue": 266303086, 
        "long_term_average": 26765937, 
        "date": "2013-10-31", 
        "operating_revenue": 28134573, 
        "short_term_average": 28724774
    }, 
    {
        "accumulated_operating_revenue_yoy": 4.456499376005772, 
        "accumulated_operating_revenue": 297852763, 
        "long_term_average": 27107741, 
        "date": "2013-11-30", 
        "operating_revenue": 31549677, 
        "short_term_average": 30286257
    }, 
    {
        "accumulated_operating_revenue_yoy": 5.654246753166526, 
        "accumulated_operating_revenue": 330259753, 
        "long_term_average": 27521646, 
        "date": "2013-12-31", 
        "operating_revenue": 32406990, 
        "short_term_average": 30697080
    }, 
    {
        "accumulated_operating_revenue_yoy": -8.428659140942758, 
        "accumulated_operating_revenue": 24920178, 
        "long_term_average": 27330498, 
        "date": "2014-01-31", 
        "operating_revenue": 24920178, 
        "short_term_average": 29625615
    }, 
    {
        "accumulated_operating_revenue_yoy": 3.3300071898961607, 
        "accumulated_operating_revenue": 47986631, 
        "long_term_average": 27650517, 
        "date": "2014-02-28", 
        "operating_revenue": 23066453, 
        "short_term_average": 26797873
    }, 
    {
        "accumulated_operating_revenue_yoy": 6.129768854993521, 
        "accumulated_operating_revenue": 78150572, 
        "long_term_average": 27897793, 
        "date": "2014-03-31", 
        "operating_revenue": 30163941, 
        "short_term_average": 26050190
    }, 
    {
        "accumulated_operating_revenue_yoy": 5.51082173788819, 
        "accumulated_operating_revenue": 105541652, 
        "long_term_average": 27981015, 
        "date": "2014-04-30", 
        "operating_revenue": 27391080, 
        "short_term_average": 26873824
    }, 
    {
        "accumulated_operating_revenue_yoy": 3.8880080759942657, 
        "accumulated_operating_revenue": 131321945, 
        "long_term_average": 27931206, 
        "date": "2014-05-31", 
        "operating_revenue": 25780293, 
        "short_term_average": 27778438
    }, 
    {
        "accumulated_operating_revenue_yoy": 2.4050261560755497, 
        "accumulated_operating_revenue": 156082255, 
        "long_term_average": 27827117, 
        "date": "2014-06-30", 
        "operating_revenue": 24760310, 
        "short_term_average": 25977227
    }, 
    {
        "accumulated_operating_revenue_yoy": 2.0861854250339795, 
        "accumulated_operating_revenue": 183886583, 
        "long_term_average": 27834797, 
        "date": "2014-07-31", 
        "operating_revenue": 27804328, 
        "short_term_average": 26114977
    }, 
    {
        "accumulated_operating_revenue_yoy": 2.6795454173353273, 
        "accumulated_operating_revenue": 212540489, 
        "long_term_average": 27983854, 
        "date": "2014-08-31", 
        "operating_revenue": 28653906, 
        "short_term_average": 27072848
    }, 
    {
        "accumulated_operating_revenue_yoy": 3.469561066621766, 
        "accumulated_operating_revenue": 246431915, 
        "long_term_average": 28210262, 
        "date": "2014-09-30", 
        "operating_revenue": 33891426, 
        "short_term_average": 30116553
    }, 
    {
        "accumulated_operating_revenue_yoy": 2.715423658289863, 
        "accumulated_operating_revenue": 273534343, 
        "long_term_average": 28124250, 
        "date": "2014-10-31", 
        "operating_revenue": 27102428, 
        "short_term_average": 29882586
    }, 
    {
        "accumulated_operating_revenue_yoy": 0.5556097527287333, 
        "accumulated_operating_revenue": 299507662, 
        "long_term_average": 27659554, 
        "date": "2014-11-30", 
        "operating_revenue": 25973319, 
        "short_term_average": 28989057
    }, 
    {
        "accumulated_operating_revenue_yoy": 0.36095557789628696, 
        "accumulated_operating_revenue": 331451844, 
        "long_term_average": 27620987, 
        "date": "2014-12-31", 
        "operating_revenue": 31944182, 
        "short_term_average": 28339976
    }, 
    {
        "accumulated_operating_revenue_yoy": -0.598635370903049, 
        "accumulated_operating_revenue": 24770997, 
        "long_term_average": 27608555, 
        "date": "2015-01-31", 
        "operating_revenue": 24770997, 
        "short_term_average": 27562832
    }, 
    {
        "accumulated_operating_revenue_yoy": -11.3062281867631, 
        "accumulated_operating_revenue": 42561153, 
        "long_term_average": 27168863, 
        "date": "2015-02-28", 
        "operating_revenue": 17790156, 
        "short_term_average": 24835111
    }, 
    {
        "accumulated_operating_revenue_yoy": -9.61008961009268, 
        "accumulated_operating_revenue": 70640232, 
        "long_term_average": 26995125, 
        "date": "2015-03-31", 
        "operating_revenue": 28079079, 
        "short_term_average": 23546744
    }, 
    {
        "accumulated_operating_revenue_yoy": -8.501343147442869, 
        "accumulated_operating_revenue": 96569194, 
        "long_term_average": 26873282, 
        "date": "2015-04-30", 
        "operating_revenue": 25928962, 
        "short_term_average": 23932732
    }, 
    {
        "accumulated_operating_revenue_yoy": -9.787979457660333, 
        "accumulated_operating_revenue": 118468180, 
        "long_term_average": 26549839, 
        "date": "2015-05-31", 
        "operating_revenue": 21898986, 
        "short_term_average": 25302342
    }, 
    {
        "accumulated_operating_revenue_yoy": -7.657797486331806, 
        "accumulated_operating_revenue": 144129792, 
        "long_term_average": 26624948, 
        "date": "2015-06-30", 
        "operating_revenue": 25661612, 
        "short_term_average": 24496520
    }, 
    {
        "accumulated_operating_revenue_yoy": -7.191837372931118, 
        "accumulated_operating_revenue": 170661759, 
        "long_term_average": 26518918, 
        "date": "2015-07-31", 
        "operating_revenue": 26531967, 
        "short_term_average": 24697521
    }, 
    {
        "accumulated_operating_revenue_yoy": -6.444099693400066, 
        "accumulated_operating_revenue": 198844168, 
        "long_term_average": 26479626, 
        "date": "2015-08-31", 
        "operating_revenue": 28182409, 
        "short_term_average": 26791996
    }
]