[
    {
        "date": "2012-01-31", 
        "operating_revenue": 13490, 
        "accumulated_operating_revenue": 13490, 
        "long_term_average": 13490, 
        "short_term_average": 13490
    }, 
    {
        "date": "2012-02-29", 
        "operating_revenue": 17402, 
        "accumulated_operating_revenue": 30892, 
        "long_term_average": 15446, 
        "short_term_average": 15446
    }, 
    {
        "date": "2012-03-31", 
        "operating_revenue": 15056, 
        "accumulated_operating_revenue": 45948, 
        "long_term_average": 15316, 
        "short_term_average": 15316
    }, 
    {
        "date": "2012-04-30", 
        "operating_revenue": 15608, 
        "accumulated_operating_revenue": 61556, 
        "long_term_average": 15389, 
        "short_term_average": 16022
    }, 
    {
        "date": "2012-05-31", 
        "operating_revenue": 14557, 
        "accumulated_operating_revenue": 76113, 
        "long_term_average": 15222, 
        "short_term_average": 15073
    }, 
    {
        "date": "2012-06-30", 
        "operating_revenue": 13078, 
        "accumulated_operating_revenue": 89191, 
        "long_term_average": 14865, 
        "short_term_average": 14414
    }, 
    {
        "date": "2012-07-31", 
        "operating_revenue": 12882, 
        "accumulated_operating_revenue": 102073, 
        "long_term_average": 14581, 
        "short_term_average": 13505
    }, 
    {
        "date": "2012-08-31", 
        "operating_revenue": 11472, 
        "accumulated_operating_revenue": 113545, 
        "long_term_average": 14193, 
        "short_term_average": 12477
    }, 
    {
        "date": "2012-09-30", 
        "operating_revenue": 7336, 
        "accumulated_operating_revenue": 120881, 
        "long_term_average": 13431, 
        "short_term_average": 10563
    }, 
    {
        "date": "2012-10-31", 
        "operating_revenue": 6828, 
        "accumulated_operating_revenue": 127709, 
        "long_term_average": 12770, 
        "short_term_average": 8545
    }, 
    {
        "date": "2012-11-30", 
        "operating_revenue": 4471, 
        "accumulated_operating_revenue": 132180, 
        "long_term_average": 12016, 
        "short_term_average": 6211
    }, 
    {
        "date": "2012-12-31", 
        "operating_revenue": 2335, 
        "accumulated_operating_revenue": 134515, 
        "long_term_average": 11209, 
        "short_term_average": 4544
    }, 
    {
        "accumulated_operating_revenue_yoy": -76.61971830985915, 
        "accumulated_operating_revenue": 3154, 
        "long_term_average": 10348, 
        "date": "2013-01-31", 
        "operating_revenue": 3154, 
        "short_term_average": 3320
    }, 
    {
        "accumulated_operating_revenue_yoy": -81.49035348957659, 
        "accumulated_operating_revenue": 5718, 
        "long_term_average": 9111, 
        "date": "2013-02-28", 
        "operating_revenue": 2564, 
        "short_term_average": 2684
    }, 
    {
        "accumulated_operating_revenue_yoy": -79.3832158091756, 
        "accumulated_operating_revenue": 9473, 
        "long_term_average": 8170, 
        "date": "2013-03-31", 
        "operating_revenue": 3755, 
        "short_term_average": 3157
    }, 
    {
        "accumulated_operating_revenue_yoy": -66.53128858275392, 
        "accumulated_operating_revenue": 20602, 
        "long_term_average": 7796, 
        "date": "2013-04-30", 
        "operating_revenue": 11129, 
        "short_term_average": 5816
    }, 
    {
        "accumulated_operating_revenue_yoy": 41.296493371697345, 
        "accumulated_operating_revenue": 107545, 
        "long_term_average": 13828, 
        "date": "2013-05-31", 
        "operating_revenue": 86943, 
        "short_term_average": 33942
    }, 
    {
        "accumulated_operating_revenue_yoy": 97.43696112836497, 
        "accumulated_operating_revenue": 176096, 
        "long_term_average": 18451, 
        "date": "2013-06-30", 
        "operating_revenue": 68551, 
        "short_term_average": 55541
    }, 
    {
        "accumulated_operating_revenue_yoy": 144.71113810704105, 
        "accumulated_operating_revenue": 249784, 
        "long_term_average": 23518, 
        "date": "2013-07-31", 
        "operating_revenue": 73688, 
        "short_term_average": 76394
    }, 
    {
        "accumulated_operating_revenue_yoy": 182.38055396538817, 
        "accumulated_operating_revenue": 320629, 
        "long_term_average": 28466, 
        "date": "2013-08-31", 
        "operating_revenue": 70845, 
        "short_term_average": 71028
    }, 
    {
        "accumulated_operating_revenue_yoy": 240.60770509840256, 
        "accumulated_operating_revenue": 411730, 
        "long_term_average": 35447, 
        "date": "2013-09-30", 
        "operating_revenue": 91101, 
        "short_term_average": 78544
    }, 
    {
        "accumulated_operating_revenue_yoy": 331.289102569122, 
        "accumulated_operating_revenue": 550795, 
        "long_term_average": 46466, 
        "date": "2013-10-31", 
        "operating_revenue": 139065, 
        "short_term_average": 100337
    }, 
    {
        "accumulated_operating_revenue_yoy": 452.3233469511273, 
        "accumulated_operating_revenue": 730061, 
        "long_term_average": 61033, 
        "date": "2013-11-30", 
        "operating_revenue": 179266, 
        "short_term_average": 136477
    }, 
    {
        "accumulated_operating_revenue_yoy": 548.8763334944058, 
        "accumulated_operating_revenue": 872836, 
        "long_term_average": 72736, 
        "date": "2013-12-31", 
        "operating_revenue": 142775, 
        "short_term_average": 153702
    }, 
    {
        "accumulated_operating_revenue_yoy": 9537.666455294864, 
        "accumulated_operating_revenue": 303972, 
        "long_term_average": 97804, 
        "date": "2014-01-31", 
        "operating_revenue": 303972, 
        "short_term_average": 208671
    }, 
    {
        "accumulated_operating_revenue_yoy": 7546.3448758307095, 
        "accumulated_operating_revenue": 437218, 
        "long_term_average": 108694, 
        "date": "2014-02-28", 
        "operating_revenue": 133246, 
        "short_term_average": 193331
    }, 
    {
        "accumulated_operating_revenue_yoy": 5847.260635490341, 
        "accumulated_operating_revenue": 563384, 
        "long_term_average": 118895, 
        "date": "2014-03-31", 
        "operating_revenue": 126166, 
        "short_term_average": 187794
    }, 
    {
        "accumulated_operating_revenue_yoy": 3427.2400737792445, 
        "accumulated_operating_revenue": 726682, 
        "long_term_average": 131576, 
        "date": "2014-04-30", 
        "operating_revenue": 163298, 
        "short_term_average": 140903
    }, 
    {
        "accumulated_operating_revenue_yoy": 701.6774373518062, 
        "accumulated_operating_revenue": 862164, 
        "long_term_average": 135621, 
        "date": "2014-05-31", 
        "operating_revenue": 135482, 
        "short_term_average": 141648
    }, 
    {
        "accumulated_operating_revenue_yoy": 462.89921406505545, 
        "accumulated_operating_revenue": 991243, 
        "long_term_average": 140665, 
        "date": "2014-06-30", 
        "operating_revenue": 129079, 
        "short_term_average": 142619
    }, 
    {
        "accumulated_operating_revenue_yoy": 364.64985747686, 
        "accumulated_operating_revenue": 1160621, 
        "long_term_average": 148639, 
        "date": "2014-07-31", 
        "operating_revenue": 169378, 
        "short_term_average": 144646
    }, 
    {
        "accumulated_operating_revenue_yoy": 294.26159205811075, 
        "accumulated_operating_revenue": 1264117, 
        "long_term_average": 151360, 
        "date": "2014-08-31", 
        "operating_revenue": 103496, 
        "short_term_average": 133984
    }, 
    {
        "accumulated_operating_revenue_yoy": 249.18004517523622, 
        "accumulated_operating_revenue": 1437679, 
        "long_term_average": 158232, 
        "date": "2014-09-30", 
        "operating_revenue": 173562, 
        "short_term_average": 148812
    }, 
    {
        "accumulated_operating_revenue_yoy": 192.57237266133498, 
        "accumulated_operating_revenue": 1611474, 
        "long_term_average": 161126, 
        "date": "2014-10-31", 
        "operating_revenue": 173795, 
        "short_term_average": 150284
    }, 
    {
        "accumulated_operating_revenue_yoy": 138.31474356252423, 
        "accumulated_operating_revenue": 1739843, 
        "long_term_average": 156884, 
        "date": "2014-11-30", 
        "operating_revenue": 128369, 
        "short_term_average": 158575
    }, 
    {
        "accumulated_operating_revenue_yoy": 113.82527760083224, 
        "accumulated_operating_revenue": 1866344, 
        "long_term_average": 155528, 
        "date": "2014-12-31", 
        "operating_revenue": 126501, 
        "short_term_average": 142888
    }, 
    {
        "accumulated_operating_revenue_yoy": -67.57332912241917, 
        "accumulated_operating_revenue": 98568, 
        "long_term_average": 138411, 
        "date": "2015-01-31", 
        "operating_revenue": 98568, 
        "short_term_average": 117812
    }, 
    {
        "accumulated_operating_revenue_yoy": -64.45045720898956, 
        "accumulated_operating_revenue": 155429, 
        "long_term_average": 132046, 
        "date": "2015-02-28", 
        "operating_revenue": 56861, 
        "short_term_average": 93976
    }, 
    {
        "accumulated_operating_revenue_yoy": -62.68175880039192, 
        "accumulated_operating_revenue": 210245, 
        "long_term_average": 126100, 
        "date": "2015-03-31", 
        "operating_revenue": 54816, 
        "short_term_average": 70081
    }, 
    {
        "accumulated_operating_revenue_yoy": -62.21442116359013, 
        "accumulated_operating_revenue": 274581, 
        "long_term_average": 117853, 
        "date": "2015-04-30", 
        "operating_revenue": 64336, 
        "short_term_average": 58671
    }, 
    {
        "accumulated_operating_revenue_yoy": -61.99655749950126, 
        "accumulated_operating_revenue": 327652, 
        "long_term_average": 110986, 
        "date": "2015-05-31", 
        "operating_revenue": 53071, 
        "short_term_average": 57407
    }, 
    {
        "accumulated_operating_revenue_yoy": -59.012472219223746, 
        "accumulated_operating_revenue": 406286, 
        "long_term_average": 106782, 
        "date": "2015-06-30", 
        "operating_revenue": 78634, 
        "short_term_average": 65347
    }, 
    {
        "accumulated_operating_revenue_yoy": -59.237942446328304, 
        "accumulated_operating_revenue": 473093, 
        "long_term_average": 98234, 
        "date": "2015-07-31", 
        "operating_revenue": 66807, 
        "short_term_average": 66170
    }, 
    {
        "accumulated_operating_revenue_yoy": -50.30602388861157, 
        "accumulated_operating_revenue": 628190, 
        "long_term_average": 102534, 
        "date": "2015-08-31", 
        "operating_revenue": 155097, 
        "short_term_average": 100179
    }, 
    {
        "accumulated_operating_revenue_yoy": -45.53756436589809, 
        "accumulated_operating_revenue": 782995, 
        "long_term_average": 100971, 
        "date": "2015-09-30", 
        "operating_revenue": 154805, 
        "short_term_average": 125569
    }
]