[
    {
        "date": "2012-01-31", 
        "operating_revenue": 1476024, 
        "accumulated_operating_revenue": 1476024, 
        "long_term_average": 1476024, 
        "short_term_average": 1476024
    }, 
    {
        "date": "2012-02-29", 
        "operating_revenue": 1447026, 
        "accumulated_operating_revenue": 2923050, 
        "long_term_average": 1461525, 
        "short_term_average": 1461525
    }, 
    {
        "date": "2012-03-31", 
        "operating_revenue": 1401885, 
        "accumulated_operating_revenue": 4324935, 
        "long_term_average": 1441645, 
        "short_term_average": 1441645
    }, 
    {
        "date": "2012-04-30", 
        "operating_revenue": 1505387, 
        "accumulated_operating_revenue": 5830322, 
        "long_term_average": 1457580, 
        "short_term_average": 1451432
    }, 
    {
        "date": "2012-05-31", 
        "operating_revenue": 1765751, 
        "accumulated_operating_revenue": 7596073, 
        "long_term_average": 1519214, 
        "short_term_average": 1557674
    }, 
    {
        "date": "2012-06-30", 
        "operating_revenue": 1630597, 
        "accumulated_operating_revenue": 9226670, 
        "long_term_average": 1537778, 
        "short_term_average": 1633911
    }, 
    {
        "date": "2012-07-31", 
        "operating_revenue": 1560124, 
        "accumulated_operating_revenue": 10786794, 
        "long_term_average": 1540970, 
        "short_term_average": 1652157
    }, 
    {
        "date": "2012-08-31", 
        "operating_revenue": 1459924, 
        "accumulated_operating_revenue": 12246718, 
        "long_term_average": 1530839, 
        "short_term_average": 1550215
    }, 
    {
        "date": "2012-09-30", 
        "operating_revenue": 1377528, 
        "accumulated_operating_revenue": 13624246, 
        "long_term_average": 1513805, 
        "short_term_average": 1465858
    }, 
    {
        "date": "2012-10-31", 
        "operating_revenue": 1434109, 
        "accumulated_operating_revenue": 15058355, 
        "long_term_average": 1505835, 
        "short_term_average": 1423853
    }, 
    {
        "date": "2012-11-30", 
        "operating_revenue": 1361416, 
        "accumulated_operating_revenue": 16419771, 
        "long_term_average": 1492706, 
        "short_term_average": 1391017
    }, 
    {
        "date": "2012-12-31", 
        "operating_revenue": 1373309, 
        "accumulated_operating_revenue": 17793080, 
        "long_term_average": 1482756, 
        "short_term_average": 1389611
    }, 
    {
        "accumulated_operating_revenue_yoy": -4.8939583638206425, 
        "accumulated_operating_revenue": 1403788, 
        "long_term_average": 1476737, 
        "date": "2013-01-31", 
        "operating_revenue": 1403788, 
        "short_term_average": 1379504
    }, 
    {
        "accumulated_operating_revenue_yoy": -14.46020423872325, 
        "accumulated_operating_revenue": 2500371, 
        "long_term_average": 1447533, 
        "date": "2013-02-28", 
        "operating_revenue": 1096583, 
        "short_term_average": 1291226
    }, 
    {
        "accumulated_operating_revenue_yoy": -15.870666264348483, 
        "accumulated_operating_revenue": 3638539, 
        "long_term_average": 1425557, 
        "date": "2013-03-31", 
        "operating_revenue": 1138168, 
        "short_term_average": 1212846
    }, 
    {
        "accumulated_operating_revenue_yoy": -13.41929313681131, 
        "accumulated_operating_revenue": 5047934, 
        "long_term_average": 1417557, 
        "date": "2013-04-30", 
        "operating_revenue": 1409395, 
        "short_term_average": 1214715
    }, 
    {
        "accumulated_operating_revenue_yoy": -16.001333847107578, 
        "accumulated_operating_revenue": 6380600, 
        "long_term_average": 1381467, 
        "date": "2013-05-31", 
        "operating_revenue": 1332666, 
        "short_term_average": 1293409
    }, 
    {
        "accumulated_operating_revenue_yoy": -18.762457094488045, 
        "accumulated_operating_revenue": 7495520, 
        "long_term_average": 1338494, 
        "date": "2013-06-30", 
        "operating_revenue": 1114920, 
        "short_term_average": 1285660
    }, 
    {
        "accumulated_operating_revenue_yoy": -19.33868395002259, 
        "accumulated_operating_revenue": 8700770, 
        "long_term_average": 1308921, 
        "date": "2013-07-31", 
        "operating_revenue": 1205250, 
        "short_term_average": 1217612
    }, 
    {
        "accumulated_operating_revenue_yoy": -19.848991378751435, 
        "accumulated_operating_revenue": 9815868, 
        "long_term_average": 1280185, 
        "date": "2013-08-31", 
        "operating_revenue": 1115098, 
        "short_term_average": 1145089
    }, 
    {
        "accumulated_operating_revenue_yoy": -18.35943067968679, 
        "accumulated_operating_revenue": 11122912, 
        "long_term_average": 1274312, 
        "date": "2013-09-30", 
        "operating_revenue": 1307044, 
        "short_term_average": 1209130
    }, 
    {
        "accumulated_operating_revenue_yoy": -17.849061202236232, 
        "accumulated_operating_revenue": 12370580, 
        "long_term_average": 1258775, 
        "date": "2013-10-31", 
        "operating_revenue": 1247668, 
        "short_term_average": 1223270
    }, 
    {
        "accumulated_operating_revenue_yoy": -17.590093065244332, 
        "accumulated_operating_revenue": 13531518, 
        "long_term_average": 1242068, 
        "date": "2013-11-30", 
        "operating_revenue": 1160938, 
        "short_term_average": 1238550
    }, 
    {
        "accumulated_operating_revenue_yoy": -17.298770083650496, 
        "accumulated_operating_revenue": 14715096, 
        "long_term_average": 1226258, 
        "date": "2013-12-31", 
        "operating_revenue": 1183578, 
        "short_term_average": 1197394
    }, 
    {
        "accumulated_operating_revenue_yoy": -15.590245820593992, 
        "accumulated_operating_revenue": 1184934, 
        "long_term_average": 1208020, 
        "date": "2014-01-31", 
        "operating_revenue": 1184934, 
        "short_term_average": 1176483
    }, 
    {
        "accumulated_operating_revenue_yoy": -16.476874831774964, 
        "accumulated_operating_revenue": 2088388, 
        "long_term_average": 1191926, 
        "date": "2014-02-28", 
        "operating_revenue": 903454, 
        "short_term_average": 1090655
    }, 
    {
        "accumulated_operating_revenue_yoy": -14.072159182573005, 
        "accumulated_operating_revenue": 3126518, 
        "long_term_average": 1183589, 
        "date": "2014-03-31", 
        "operating_revenue": 1038130, 
        "short_term_average": 1042172
    }, 
    {
        "accumulated_operating_revenue_yoy": -18.178427055504294, 
        "accumulated_operating_revenue": 4130299, 
        "long_term_average": 1149788, 
        "date": "2014-04-30", 
        "operating_revenue": 1003781, 
        "short_term_average": 981788
    }, 
    {
        "accumulated_operating_revenue_yoy": -21.20578002068771, 
        "accumulated_operating_revenue": 5027544, 
        "long_term_average": 1113503, 
        "date": "2014-05-31", 
        "operating_revenue": 897245, 
        "short_term_average": 979718
    }, 
    {
        "accumulated_operating_revenue_yoy": -21.140000960573783, 
        "accumulated_operating_revenue": 5910967, 
        "long_term_average": 1094211, 
        "date": "2014-06-30", 
        "operating_revenue": 883423, 
        "short_term_average": 928149
    }, 
    {
        "accumulated_operating_revenue_yoy": -21.172310036927765, 
        "accumulated_operating_revenue": 6858616, 
        "long_term_average": 1072745, 
        "date": "2014-07-31", 
        "operating_revenue": 947649, 
        "short_term_average": 909439
    }, 
    {
        "accumulated_operating_revenue_yoy": -20.226249986246756, 
        "accumulated_operating_revenue": 7830486, 
        "long_term_average": 1060809, 
        "date": "2014-08-31", 
        "operating_revenue": 971870, 
        "short_term_average": 934314
    }, 
    {
        "accumulated_operating_revenue_yoy": -20.324524728776062, 
        "accumulated_operating_revenue": 8862233, 
        "long_term_average": 1037868, 
        "date": "2014-09-30", 
        "operating_revenue": 1031747, 
        "short_term_average": 983755
    }, 
    {
        "accumulated_operating_revenue_yoy": -17.96462251567833, 
        "accumulated_operating_revenue": 10148252, 
        "long_term_average": 1041064, 
        "date": "2014-10-31", 
        "operating_revenue": 1286019, 
        "short_term_average": 1096545
    }, 
    {
        "accumulated_operating_revenue_yoy": -17.120089556840558, 
        "accumulated_operating_revenue": 11214910, 
        "long_term_average": 1033207, 
        "date": "2014-11-30", 
        "operating_revenue": 1066658, 
        "short_term_average": 1128141
    }, 
    {
        "accumulated_operating_revenue_yoy": -16.48464950551461, 
        "accumulated_operating_revenue": 12289364, 
        "long_term_average": 1024113, 
        "date": "2014-12-31", 
        "operating_revenue": 1074454, 
        "short_term_average": 1142377
    }, 
    {
        "accumulated_operating_revenue_yoy": -13.263439145133821, 
        "accumulated_operating_revenue": 1027771, 
        "long_term_average": 1011016, 
        "date": "2015-01-31", 
        "operating_revenue": 1027771, 
        "short_term_average": 1056294
    }, 
    {
        "accumulated_operating_revenue_yoy": -10.921485854161201, 
        "accumulated_operating_revenue": 1860305, 
        "long_term_average": 1005106, 
        "date": "2015-02-28", 
        "operating_revenue": 832534, 
        "short_term_average": 978253
    }, 
    {
        "accumulated_operating_revenue_yoy": -6.610165046227144, 
        "accumulated_operating_revenue": 2919850, 
        "long_term_average": 1006891, 
        "date": "2015-03-31", 
        "operating_revenue": 1059545, 
        "short_term_average": 973283
    }, 
    {
        "accumulated_operating_revenue_yoy": -8.623443484357912, 
        "accumulated_operating_revenue": 3774125, 
        "long_term_average": 994432, 
        "date": "2015-04-30", 
        "operating_revenue": 854275, 
        "short_term_average": 915451
    }, 
    {
        "accumulated_operating_revenue_yoy": -7.505453955251312, 
        "accumulated_operating_revenue": 4650204, 
        "long_term_average": 992668, 
        "date": "2015-05-31", 
        "operating_revenue": 876079, 
        "short_term_average": 929966
    }, 
    {
        "accumulated_operating_revenue_yoy": -6.485470143886779, 
        "accumulated_operating_revenue": 5527613, 
        "long_term_average": 992167, 
        "date": "2015-06-30", 
        "operating_revenue": 877409, 
        "short_term_average": 869254
    }, 
    {
        "accumulated_operating_revenue_yoy": -6.4520013950336335, 
        "accumulated_operating_revenue": 6416098, 
        "long_term_average": 987237, 
        "date": "2015-07-31", 
        "operating_revenue": 888485, 
        "short_term_average": 880657
    }, 
    {
        "accumulated_operating_revenue_yoy": -7.100389426658831, 
        "accumulated_operating_revenue": 7274491, 
        "long_term_average": 977780, 
        "date": "2015-08-31", 
        "operating_revenue": 858393, 
        "short_term_average": 874762
    }, 
    {
        "accumulated_operating_revenue_yoy": -7.569548216572505, 
        "accumulated_operating_revenue": 8191402, 
        "long_term_average": 968211, 
        "date": "2015-09-30", 
        "operating_revenue": 916911, 
        "short_term_average": 887929
    }
]