[
    {
        "date": "2011-09-30", 
        "operating_revenue": 835176, 
        "accumulated_operating_revenue": 835176, 
        "long_term_average": 835176, 
        "short_term_average": 835176
    }, 
    {
        "date": "2011-10-31", 
        "operating_revenue": 642682, 
        "accumulated_operating_revenue": 1477858, 
        "long_term_average": 738929, 
        "short_term_average": 738929
    }, 
    {
        "date": "2011-11-30", 
        "operating_revenue": 684635, 
        "accumulated_operating_revenue": 2162493, 
        "long_term_average": 720831, 
        "short_term_average": 720831
    }, 
    {
        "date": "2011-12-31", 
        "operating_revenue": 749761, 
        "accumulated_operating_revenue": 2912254, 
        "long_term_average": 728063, 
        "short_term_average": 692359
    }, 
    {
        "date": "2012-01-31", 
        "operating_revenue": 568445, 
        "accumulated_operating_revenue": 568445, 
        "long_term_average": 696139, 
        "short_term_average": 667613
    }, 
    {
        "date": "2012-02-29", 
        "operating_revenue": 632768, 
        "accumulated_operating_revenue": 1201213, 
        "long_term_average": 685577, 
        "short_term_average": 650324
    }, 
    {
        "date": "2012-03-31", 
        "operating_revenue": 777428, 
        "accumulated_operating_revenue": 1978641, 
        "long_term_average": 698699, 
        "short_term_average": 659547
    }, 
    {
        "date": "2012-04-30", 
        "operating_revenue": 797914, 
        "accumulated_operating_revenue": 2776555, 
        "long_term_average": 711101, 
        "short_term_average": 736036
    }, 
    {
        "date": "2012-05-31", 
        "operating_revenue": 862726, 
        "accumulated_operating_revenue": 3639281, 
        "long_term_average": 727948, 
        "short_term_average": 812689
    }, 
    {
        "date": "2012-06-30", 
        "operating_revenue": 834026, 
        "accumulated_operating_revenue": 4473307, 
        "long_term_average": 738556, 
        "short_term_average": 831555
    }, 
    {
        "date": "2012-07-31", 
        "operating_revenue": 788247, 
        "accumulated_operating_revenue": 5261554, 
        "long_term_average": 743073, 
        "short_term_average": 828333
    }, 
    {
        "date": "2012-08-31", 
        "operating_revenue": 788311, 
        "accumulated_operating_revenue": 6049865, 
        "long_term_average": 746843, 
        "short_term_average": 803528
    }, 
    {
        "accumulated_operating_revenue_yoy": 708.671944596109, 
        "accumulated_operating_revenue": 6753834, 
        "long_term_average": 735909, 
        "date": "2012-09-30", 
        "operating_revenue": 703969, 
        "short_term_average": 760175
    }, 
    {
        "accumulated_operating_revenue_yoy": 402.868137534188, 
        "accumulated_operating_revenue": 7431677, 
        "long_term_average": 738839, 
        "date": "2012-10-31", 
        "operating_revenue": 677843, 
        "short_term_average": 723374
    }, 
    {
        "accumulated_operating_revenue_yoy": 276.13342563421014, 
        "accumulated_operating_revenue": 8133859, 
        "long_term_average": 740301, 
        "date": "2012-11-30", 
        "operating_revenue": 702182, 
        "short_term_average": 694664
    }, 
    {
        "accumulated_operating_revenue_yoy": 200.6938955187288, 
        "accumulated_operating_revenue": 8756970, 
        "long_term_average": 729747, 
        "date": "2012-12-31", 
        "operating_revenue": 623111, 
        "short_term_average": 667712
    }, 
    {
        "accumulated_operating_revenue_yoy": 24.479237217320936, 
        "accumulated_operating_revenue": 707596, 
        "long_term_average": 741343, 
        "date": "2013-01-31", 
        "operating_revenue": 707596, 
        "short_term_average": 677629
    }, 
    {
        "accumulated_operating_revenue_yoy": 6.857651390719215, 
        "accumulated_operating_revenue": 1283588, 
        "long_term_average": 736612, 
        "date": "2013-02-28", 
        "operating_revenue": 575992, 
        "short_term_average": 635566
    }, 
    {
        "accumulated_operating_revenue_yoy": 6.641679819633779, 
        "accumulated_operating_revenue": 2110056, 
        "long_term_average": 740698, 
        "date": "2013-03-31", 
        "operating_revenue": 826468, 
        "short_term_average": 703352
    }, 
    {
        "accumulated_operating_revenue_yoy": 6.295967484886847, 
        "accumulated_operating_revenue": 2951366, 
        "long_term_average": 744315, 
        "date": "2013-04-30", 
        "operating_revenue": 841310, 
        "short_term_average": 747923
    }, 
    {
        "accumulated_operating_revenue_yoy": 4.514573070889552, 
        "accumulated_operating_revenue": 3803579, 
        "long_term_average": 743439, 
        "date": "2013-05-31", 
        "operating_revenue": 852213, 
        "short_term_average": 839997
    }, 
    {
        "accumulated_operating_revenue_yoy": 2.980881929185723, 
        "accumulated_operating_revenue": 4606651, 
        "long_term_average": 740859, 
        "date": "2013-06-30", 
        "operating_revenue": 803072, 
        "short_term_average": 832198
    }, 
    {
        "accumulated_operating_revenue_yoy": 2.8214668137968366, 
        "accumulated_operating_revenue": 5410007, 
        "long_term_average": 742118, 
        "date": "2013-07-31", 
        "operating_revenue": 803356, 
        "short_term_average": 819547
    }, 
    {
        "accumulated_operating_revenue_yoy": 1.9288694871703749, 
        "accumulated_operating_revenue": 6166559, 
        "long_term_average": 739472, 
        "date": "2013-08-31", 
        "operating_revenue": 756552, 
        "short_term_average": 787660
    }, 
    {
        "accumulated_operating_revenue_yoy": 2.65782368947771, 
        "accumulated_operating_revenue": 6933339, 
        "long_term_average": 744706, 
        "date": "2013-09-30", 
        "operating_revenue": 766780, 
        "short_term_average": 775562
    }, 
    {
        "accumulated_operating_revenue_yoy": 3.3006682071893056, 
        "accumulated_operating_revenue": 7676972, 
        "long_term_average": 750188, 
        "date": "2013-10-31", 
        "operating_revenue": 743633, 
        "short_term_average": 755655
    }, 
    {
        "accumulated_operating_revenue_yoy": 2.871810293244572, 
        "accumulated_operating_revenue": 8367448, 
        "long_term_average": 749213, 
        "date": "2013-11-30", 
        "operating_revenue": 690476, 
        "short_term_average": 733629
    }, 
    {
        "accumulated_operating_revenue_yoy": 3.443862431868557, 
        "accumulated_operating_revenue": 9058548, 
        "long_term_average": 754879, 
        "date": "2013-12-31", 
        "operating_revenue": 691100, 
        "short_term_average": 708403
    }, 
    {
        "accumulated_operating_revenue_yoy": 5.4009632615221115, 
        "accumulated_operating_revenue": 745813, 
        "long_term_average": 758063, 
        "date": "2014-01-31", 
        "operating_revenue": 745813, 
        "short_term_average": 709129
    }, 
    {
        "accumulated_operating_revenue_yoy": 10.99870051761157, 
        "accumulated_operating_revenue": 1424766, 
        "long_term_average": 766643, 
        "date": "2014-02-28", 
        "operating_revenue": 678953, 
        "short_term_average": 705288
    }, 
    {
        "accumulated_operating_revenue_yoy": 6.30589899035855, 
        "accumulated_operating_revenue": 2243114, 
        "long_term_average": 765967, 
        "date": "2014-03-31", 
        "operating_revenue": 818348, 
        "short_term_average": 747704
    }, 
    {
        "accumulated_operating_revenue_yoy": 4.572797816333183, 
        "accumulated_operating_revenue": 3086326, 
        "long_term_average": 766125, 
        "date": "2014-04-30", 
        "operating_revenue": 843212, 
        "short_term_average": 780171
    }, 
    {
        "accumulated_operating_revenue_yoy": 2.9756973629310712, 
        "accumulated_operating_revenue": 3916762, 
        "long_term_average": 764310, 
        "date": "2014-05-31", 
        "operating_revenue": 830436, 
        "short_term_average": 830665
    }, 
    {
        "accumulated_operating_revenue_yoy": 2.882419354103447, 
        "accumulated_operating_revenue": 4739434, 
        "long_term_average": 765944, 
        "date": "2014-06-30", 
        "operating_revenue": 822672, 
        "short_term_average": 832106
    }, 
    {
        "accumulated_operating_revenue_yoy": 3.7414739019746186, 
        "accumulated_operating_revenue": 5612421, 
        "long_term_average": 771746, 
        "date": "2014-07-31", 
        "operating_revenue": 872987, 
        "short_term_average": 842031
    }, 
    {
        "accumulated_operating_revenue_yoy": 5.127024650214163, 
        "accumulated_operating_revenue": 6482720, 
        "long_term_average": 781225, 
        "date": "2014-08-31", 
        "operating_revenue": 870299, 
        "short_term_average": 855319
    }, 
    {
        "accumulated_operating_revenue_yoy": 6.447888960859983, 
        "accumulated_operating_revenue": 7380393, 
        "long_term_average": 792133, 
        "date": "2014-09-30", 
        "operating_revenue": 897673, 
        "short_term_average": 880319
    }, 
    {
        "accumulated_operating_revenue_yoy": 7.47005459965205, 
        "accumulated_operating_revenue": 8250446, 
        "long_term_average": 802668, 
        "date": "2014-10-31", 
        "operating_revenue": 870053, 
        "short_term_average": 879341
    }, 
    {
        "accumulated_operating_revenue_yoy": 7.801781379460023, 
        "accumulated_operating_revenue": 9020258, 
        "long_term_average": 809279, 
        "date": "2014-11-30", 
        "operating_revenue": 769812, 
        "short_term_average": 845846
    }, 
    {
        "accumulated_operating_revenue_yoy": 8.015854196500365, 
        "accumulated_operating_revenue": 9784668, 
        "long_term_average": 815389, 
        "date": "2014-12-31", 
        "operating_revenue": 764410, 
        "short_term_average": 801425
    }, 
    {
        "accumulated_operating_revenue_yoy": 6.217242123695886, 
        "accumulated_operating_revenue": 792182, 
        "long_term_average": 819253, 
        "date": "2015-01-31", 
        "operating_revenue": 792182, 
        "short_term_average": 775468
    }, 
    {
        "accumulated_operating_revenue_yoy": -0.06190490227868997, 
        "accumulated_operating_revenue": 1423884, 
        "long_term_average": 815315, 
        "date": "2015-02-28", 
        "operating_revenue": 631702, 
        "short_term_average": 729431
    }, 
    {
        "accumulated_operating_revenue_yoy": -1.0916520515675976, 
        "accumulated_operating_revenue": 2218627, 
        "long_term_average": 813348, 
        "date": "2015-03-31", 
        "operating_revenue": 794743, 
        "short_term_average": 739542
    }, 
    {
        "accumulated_operating_revenue_yoy": -2.234890287027359, 
        "accumulated_operating_revenue": 3017350, 
        "long_term_average": 809641, 
        "date": "2015-04-30", 
        "operating_revenue": 798723, 
        "short_term_average": 741722
    }, 
    {
        "accumulated_operating_revenue_yoy": -2.89757202505539, 
        "accumulated_operating_revenue": 3803271, 
        "long_term_average": 805931, 
        "date": "2015-05-31", 
        "operating_revenue": 785921, 
        "short_term_average": 793129
    }, 
    {
        "accumulated_operating_revenue_yoy": -3.5157362672420382, 
        "accumulated_operating_revenue": 4572808, 
        "long_term_average": 801503, 
        "date": "2015-06-30", 
        "operating_revenue": 769537, 
        "short_term_average": 784727
    }, 
    {
        "accumulated_operating_revenue_yoy": -5.330034935012893, 
        "accumulated_operating_revenue": 5313277, 
        "long_term_average": 790460, 
        "date": "2015-07-31", 
        "operating_revenue": 740469, 
        "short_term_average": 765309
    }, 
    {
        "accumulated_operating_revenue_yoy": -7.198722141323395, 
        "accumulated_operating_revenue": 6016047, 
        "long_term_average": 776499, 
        "date": "2015-08-31", 
        "operating_revenue": 702770, 
        "short_term_average": 737592
    }, 
    {
        "accumulated_operating_revenue_yoy": -8.903767048719493, 
        "accumulated_operating_revenue": 6723260, 
        "long_term_average": 760627, 
        "date": "2015-09-30", 
        "operating_revenue": 707213, 
        "short_term_average": 716817
    }
]