[
    {
        "date": "2011-09-30", 
        "operating_revenue": 6827933, 
        "accumulated_operating_revenue": 6827933, 
        "long_term_average": 6827933, 
        "short_term_average": 6827933
    }, 
    {
        "date": "2011-10-31", 
        "operating_revenue": 7115759, 
        "accumulated_operating_revenue": 13943692, 
        "long_term_average": 6971846, 
        "short_term_average": 6971846
    }, 
    {
        "date": "2011-11-30", 
        "operating_revenue": 6971741, 
        "accumulated_operating_revenue": 20915433, 
        "long_term_average": 6971811, 
        "short_term_average": 6971811
    }, 
    {
        "date": "2011-12-31", 
        "operating_revenue": 7757627, 
        "accumulated_operating_revenue": 28673060, 
        "long_term_average": 7168265, 
        "short_term_average": 7281709
    }, 
    {
        "date": "2012-01-31", 
        "operating_revenue": 9624698, 
        "accumulated_operating_revenue": 9624698, 
        "long_term_average": 7659551, 
        "short_term_average": 8118022
    }, 
    {
        "date": "2012-02-29", 
        "operating_revenue": 9515297, 
        "accumulated_operating_revenue": 19139995, 
        "long_term_average": 7968842, 
        "short_term_average": 8965874
    }, 
    {
        "date": "2012-03-31", 
        "operating_revenue": 10055323, 
        "accumulated_operating_revenue": 29195318, 
        "long_term_average": 8266911, 
        "short_term_average": 9731772
    }, 
    {
        "date": "2012-04-30", 
        "operating_revenue": 9896692, 
        "accumulated_operating_revenue": 39092010, 
        "long_term_average": 8470633, 
        "short_term_average": 9822437
    }, 
    {
        "date": "2012-05-31", 
        "operating_revenue": 9436534, 
        "accumulated_operating_revenue": 48528544, 
        "long_term_average": 8577956, 
        "short_term_average": 9796183
    }, 
    {
        "date": "2012-06-30", 
        "operating_revenue": 9473349, 
        "accumulated_operating_revenue": 58001893, 
        "long_term_average": 8667495, 
        "short_term_average": 9602191
    }, 
    {
        "date": "2012-07-31", 
        "operating_revenue": 10032749, 
        "accumulated_operating_revenue": 68034642, 
        "long_term_average": 8791609, 
        "short_term_average": 9647544
    }, 
    {
        "date": "2012-08-31", 
        "operating_revenue": 10102684, 
        "accumulated_operating_revenue": 78137326, 
        "long_term_average": 8900865, 
        "short_term_average": 9869594
    }, 
    {
        "accumulated_operating_revenue_yoy": 1197.6510900150895, 
        "accumulated_operating_revenue": 88602747, 
        "long_term_average": 9203989, 
        "date": "2012-09-30", 
        "operating_revenue": 10465421, 
        "short_term_average": 10200284
    }, 
    {
        "accumulated_operating_revenue_yoy": 609.5587883037003, 
        "accumulated_operating_revenue": 98938692, 
        "long_term_average": 9472338, 
        "date": "2012-10-31", 
        "operating_revenue": 10335945, 
        "short_term_average": 10301350
    }, 
    {
        "accumulated_operating_revenue_yoy": 419.57004667319103, 
        "accumulated_operating_revenue": 108670325, 
        "long_term_average": 9702329, 
        "date": "2012-11-30", 
        "operating_revenue": 9731633, 
        "short_term_average": 10177666
    }, 
    {
        "accumulated_operating_revenue_yoy": 310.0843021288973, 
        "accumulated_operating_revenue": 117583718, 
        "long_term_average": 9798643, 
        "date": "2012-12-31", 
        "operating_revenue": 8913393, 
        "short_term_average": 9660323
    }, 
    {
        "accumulated_operating_revenue_yoy": 3.070423612252561, 
        "accumulated_operating_revenue": 9920217, 
        "long_term_average": 9823269, 
        "date": "2013-01-31", 
        "operating_revenue": 9920217, 
        "short_term_average": 9521747
    }, 
    {
        "accumulated_operating_revenue_yoy": -7.9967889228811195, 
        "accumulated_operating_revenue": 17609410, 
        "long_term_average": 9671094, 
        "date": "2013-02-28", 
        "operating_revenue": 7689193, 
        "short_term_average": 8840934
    }, 
    {
        "accumulated_operating_revenue_yoy": -5.786749779536568, 
        "accumulated_operating_revenue": 27505858, 
        "long_term_average": 9657854, 
        "date": "2013-03-31", 
        "operating_revenue": 9896448, 
        "short_term_average": 9168619
    }, 
    {
        "accumulated_operating_revenue_yoy": -4.574801858487194, 
        "accumulated_operating_revenue": 37303628, 
        "long_term_average": 9649611, 
        "date": "2013-04-30", 
        "operating_revenue": 9797770, 
        "short_term_average": 9127803
    }, 
    {
        "accumulated_operating_revenue_yoy": -3.578596959348296, 
        "accumulated_operating_revenue": 46791903, 
        "long_term_average": 9653923, 
        "date": "2013-05-31", 
        "operating_revenue": 9488275, 
        "short_term_average": 9727497
    }, 
    {
        "accumulated_operating_revenue_yoy": -2.0296596181783237, 
        "accumulated_operating_revenue": 56824652, 
        "long_term_average": 9700539, 
        "date": "2013-06-30", 
        "operating_revenue": 10032749, 
        "short_term_average": 9772931
    }, 
    {
        "accumulated_operating_revenue_yoy": -2.2235716328161175, 
        "accumulated_operating_revenue": 66521843, 
        "long_term_average": 9672576, 
        "date": "2013-07-31", 
        "operating_revenue": 9697191, 
        "short_term_average": 9739405
    }, 
    {
        "accumulated_operating_revenue_yoy": -2.3879726828635013, 
        "accumulated_operating_revenue": 76271428, 
        "long_term_average": 9643151, 
        "date": "2013-08-31", 
        "operating_revenue": 9749585, 
        "short_term_average": 9826508
    }, 
    {
        "accumulated_operating_revenue_yoy": -1.961396298469166, 
        "accumulated_operating_revenue": 86864896, 
        "long_term_average": 9653822, 
        "date": "2013-09-30", 
        "operating_revenue": 10593468, 
        "short_term_average": 10013414
    }, 
    {
        "accumulated_operating_revenue_yoy": -1.0822621346156465, 
        "accumulated_operating_revenue": 97867916, 
        "long_term_average": 9709411, 
        "date": "2013-10-31", 
        "operating_revenue": 11003020, 
        "short_term_average": 10448691
    }, 
    {
        "accumulated_operating_revenue_yoy": -0.05248995068340874, 
        "accumulated_operating_revenue": 108613284, 
        "long_term_average": 9793889, 
        "date": "2013-11-30", 
        "operating_revenue": 10745368, 
        "short_term_average": 10780618
    }, 
    {
        "accumulated_operating_revenue_yoy": 1.4005476506534689, 
        "accumulated_operating_revenue": 119230534, 
        "long_term_average": 9935877, 
        "date": "2013-12-31", 
        "operating_revenue": 10617250, 
        "short_term_average": 10788546
    }, 
    {
        "accumulated_operating_revenue_yoy": 1.7064142850907393, 
        "accumulated_operating_revenue": 10089497, 
        "long_term_average": 9949984, 
        "date": "2014-01-31", 
        "operating_revenue": 10089497, 
        "short_term_average": 10484038
    }, 
    {
        "accumulated_operating_revenue_yoy": 6.778432667534005, 
        "accumulated_operating_revenue": 18803052, 
        "long_term_average": 10035348, 
        "date": "2014-02-28", 
        "operating_revenue": 8713555, 
        "short_term_average": 9806767
    }, 
    {
        "accumulated_operating_revenue_yoy": 8.389685571706217, 
        "accumulated_operating_revenue": 29813513, 
        "long_term_average": 10128182, 
        "date": "2014-03-31", 
        "operating_revenue": 11010461, 
        "short_term_average": 9937837
    }, 
    {
        "accumulated_operating_revenue_yoy": 9.58490954284661, 
        "accumulated_operating_revenue": 40879147, 
        "long_term_average": 10233837, 
        "date": "2014-04-30", 
        "operating_revenue": 11065634, 
        "short_term_average": 10263216
    }, 
    {
        "accumulated_operating_revenue_yoy": 10.8873986168077, 
        "accumulated_operating_revenue": 51886324, 
        "long_term_average": 10360412, 
        "date": "2014-05-31", 
        "operating_revenue": 11007177, 
        "short_term_average": 11027757
    }, 
    {
        "accumulated_operating_revenue_yoy": 11.174336800162015, 
        "accumulated_operating_revenue": 63174430, 
        "long_term_average": 10465026, 
        "date": "2014-06-30", 
        "operating_revenue": 11288106, 
        "short_term_average": 11120305
    }, 
    {
        "accumulated_operating_revenue_yoy": 12.943901749685438, 
        "accumulated_operating_revenue": 75132365, 
        "long_term_average": 10653421, 
        "date": "2014-07-31", 
        "operating_revenue": 11957935, 
        "short_term_average": 11417739
    }, 
    {
        "accumulated_operating_revenue_yoy": 13.426972941951473, 
        "accumulated_operating_revenue": 86512372, 
        "long_term_average": 10789289, 
        "date": "2014-08-31", 
        "operating_revenue": 11380007, 
        "short_term_average": 11542016
    }, 
    {
        "accumulated_operating_revenue_yoy": 12.907391266547997, 
        "accumulated_operating_revenue": 98076888, 
        "long_term_average": 10870210, 
        "date": "2014-09-30", 
        "operating_revenue": 11564516, 
        "short_term_average": 11634152
    }, 
    {
        "accumulated_operating_revenue_yoy": 12.90732501139597, 
        "accumulated_operating_revenue": 110500046, 
        "long_term_average": 10988555, 
        "date": "2014-10-31", 
        "operating_revenue": 12423158, 
        "short_term_average": 11789227
    }, 
    {
        "accumulated_operating_revenue_yoy": 12.22507276365937, 
        "accumulated_operating_revenue": 121891337, 
        "long_term_average": 11042382, 
        "date": "2014-11-30", 
        "operating_revenue": 11391291, 
        "short_term_average": 11792988
    }, 
    {
        "accumulated_operating_revenue_yoy": 12.057768692036555, 
        "accumulated_operating_revenue": 133607076, 
        "long_term_average": 11133923, 
        "date": "2014-12-31", 
        "operating_revenue": 11715739, 
        "short_term_average": 11843396
    }, 
    {
        "accumulated_operating_revenue_yoy": 16.985841811539267, 
        "accumulated_operating_revenue": 11803283, 
        "long_term_average": 11276738, 
        "date": "2015-01-31", 
        "operating_revenue": 11803283, 
        "short_term_average": 11636771
    }, 
    {
        "accumulated_operating_revenue_yoy": 12.747797538399617, 
        "accumulated_operating_revenue": 21200027, 
        "long_term_average": 11333670, 
        "date": "2015-02-28", 
        "operating_revenue": 9396744, 
        "short_term_average": 10971922
    }, 
    {
        "accumulated_operating_revenue_yoy": 8.76981857186706, 
        "accumulated_operating_revenue": 32428104, 
        "long_term_average": 11351805, 
        "date": "2015-03-31", 
        "operating_revenue": 11228077, 
        "short_term_average": 10809368
    }, 
    {
        "accumulated_operating_revenue_yoy": 8.058971974146134, 
        "accumulated_operating_revenue": 44173586, 
        "long_term_average": 11408459, 
        "date": "2015-04-30", 
        "operating_revenue": 11745482, 
        "short_term_average": 10790101
    }, 
    {
        "accumulated_operating_revenue_yoy": 5.7621021678082265, 
        "accumulated_operating_revenue": 54876067, 
        "long_term_average": 11383068, 
        "date": "2015-05-31", 
        "operating_revenue": 10702481, 
        "short_term_average": 11225346
    }, 
    {
        "accumulated_operating_revenue_yoy": 3.900098505043892, 
        "accumulated_operating_revenue": 65638295, 
        "long_term_average": 11339245, 
        "date": "2015-06-30", 
        "operating_revenue": 10762228, 
        "short_term_average": 11070063
    }, 
    {
        "accumulated_operating_revenue_yoy": 1.6683223002496992, 
        "accumulated_operating_revenue": 76385815, 
        "long_term_average": 11238377, 
        "date": "2015-07-31", 
        "operating_revenue": 10747520, 
        "short_term_average": 10737409
    }, 
    {
        "accumulated_operating_revenue_yoy": 0.4897680992956707, 
        "accumulated_operating_revenue": 86936082, 
        "long_term_average": 11169232, 
        "date": "2015-08-31", 
        "operating_revenue": 10550267, 
        "short_term_average": 10686671
    }, 
    {
        "accumulated_operating_revenue_yoy": 0.8377672015857599, 
        "accumulated_operating_revenue": 98898544, 
        "long_term_average": 11202394, 
        "date": "2015-09-30", 
        "operating_revenue": 11962462, 
        "short_term_average": 11086749
    }, 
    {
        "accumulated_operating_revenue_yoy": 0.20085059512101922, 
        "accumulated_operating_revenue": 110721986, 
        "long_term_average": 11152418, 
        "date": "2015-10-31", 
        "operating_revenue": 11823442, 
        "short_term_average": 11445390
    }
]