[
    {
        "date": "2012-01-31", 
        "operating_revenue": 31197336, 
        "accumulated_operating_revenue": 31197336, 
        "long_term_average": 31197336, 
        "short_term_average": 31197336
    }, 
    {
        "date": "2012-02-29", 
        "operating_revenue": 40280828, 
        "accumulated_operating_revenue": 71478164, 
        "long_term_average": 35739082, 
        "short_term_average": 35739082
    }, 
    {
        "date": "2012-03-31", 
        "operating_revenue": 41560224, 
        "accumulated_operating_revenue": 113038388, 
        "long_term_average": 37679462, 
        "short_term_average": 37679462
    }, 
    {
        "date": "2012-04-30", 
        "operating_revenue": 31738839, 
        "accumulated_operating_revenue": 144777227, 
        "long_term_average": 36194306, 
        "short_term_average": 37859963
    }, 
    {
        "date": "2012-05-31", 
        "operating_revenue": 32573463, 
        "accumulated_operating_revenue": 177350690, 
        "long_term_average": 35470138, 
        "short_term_average": 35290842
    }, 
    {
        "date": "2012-06-30", 
        "operating_revenue": 46286538, 
        "accumulated_operating_revenue": 223637228, 
        "long_term_average": 37272871, 
        "short_term_average": 36866280
    }, 
    {
        "date": "2012-07-31", 
        "operating_revenue": 28063125, 
        "accumulated_operating_revenue": 251700353, 
        "long_term_average": 35957193, 
        "short_term_average": 35641042
    }, 
    {
        "date": "2012-08-31", 
        "operating_revenue": 35555870, 
        "accumulated_operating_revenue": 287256223, 
        "long_term_average": 35907027, 
        "short_term_average": 36635177
    }, 
    {
        "date": "2012-09-30", 
        "operating_revenue": 40830723, 
        "accumulated_operating_revenue": 328086946, 
        "long_term_average": 36454105, 
        "short_term_average": 34816572
    }, 
    {
        "date": "2012-10-31", 
        "operating_revenue": 32688815, 
        "accumulated_operating_revenue": 360775761, 
        "long_term_average": 36077576, 
        "short_term_average": 36358469
    }, 
    {
        "date": "2012-11-30", 
        "operating_revenue": 32452982, 
        "accumulated_operating_revenue": 393228743, 
        "long_term_average": 35748067, 
        "short_term_average": 35324173
    }, 
    {
        "date": "2012-12-31", 
        "operating_revenue": 36398449, 
        "accumulated_operating_revenue": 429627192, 
        "long_term_average": 35802266, 
        "short_term_average": 33846748
    }, 
    {
        "accumulated_operating_revenue_yoy": -15.564934775200037, 
        "accumulated_operating_revenue": 26341491, 
        "long_term_average": 35397612, 
        "date": "2013-01-31", 
        "operating_revenue": 26341491, 
        "short_term_average": 31730974
    }, 
    {
        "accumulated_operating_revenue_yoy": -23.83030991114993, 
        "accumulated_operating_revenue": 54444696, 
        "long_term_average": 34382810, 
        "date": "2013-02-28", 
        "operating_revenue": 28103205, 
        "short_term_average": 30281048
    }, 
    {
        "accumulated_operating_revenue_yoy": -18.784622972507357, 
        "accumulated_operating_revenue": 91804553, 
        "long_term_average": 34032779, 
        "date": "2013-03-31", 
        "operating_revenue": 37359857, 
        "short_term_average": 30601517
    }, 
    {
        "accumulated_operating_revenue_yoy": -18.787815296393266, 
        "accumulated_operating_revenue": 117576749, 
        "long_term_average": 33535559, 
        "date": "2013-04-30", 
        "operating_revenue": 25772196, 
        "short_term_average": 30411752
    }, 
    {
        "accumulated_operating_revenue_yoy": -18.86714001507409, 
        "accumulated_operating_revenue": 143889687, 
        "long_term_average": 33013849, 
        "date": "2013-05-31", 
        "operating_revenue": 26312938, 
        "short_term_average": 29814997
    }, 
    {
        "accumulated_operating_revenue_yoy": -18.925304779756974, 
        "accumulated_operating_revenue": 181313201, 
        "long_term_average": 32275263, 
        "date": "2013-06-30", 
        "operating_revenue": 37423514, 
        "short_term_average": 29836216
    }, 
    {
        "accumulated_operating_revenue_yoy": -16.620869021983452, 
        "accumulated_operating_revenue": 209865567, 
        "long_term_average": 32316033, 
        "date": "2013-07-31", 
        "operating_revenue": 28552366, 
        "short_term_average": 30762939
    }, 
    {
        "accumulated_operating_revenue_yoy": -16.26793999864017, 
        "accumulated_operating_revenue": 240525553, 
        "long_term_average": 31908043, 
        "date": "2013-08-31", 
        "operating_revenue": 30659986, 
        "short_term_average": 32211955
    }, 
    {
        "accumulated_operating_revenue_yoy": -16.64049809528234, 
        "accumulated_operating_revenue": 273491644, 
        "long_term_average": 31252657, 
        "date": "2013-09-30", 
        "operating_revenue": 32966091, 
        "short_term_average": 30726147
    }, 
    {
        "accumulated_operating_revenue_yoy": -16.55108143476413, 
        "accumulated_operating_revenue": 301063471, 
        "long_term_average": 30826241, 
        "date": "2013-10-31", 
        "operating_revenue": 27571827, 
        "short_term_average": 30399301
    }, 
    {
        "accumulated_operating_revenue_yoy": -15.620056797323182, 
        "accumulated_operating_revenue": 331806190, 
        "long_term_average": 30683719, 
        "date": "2013-11-30", 
        "operating_revenue": 30742719, 
        "short_term_average": 30426879
    }, 
    {
        "accumulated_operating_revenue_yoy": -16.161922544232258, 
        "accumulated_operating_revenue": 360191178, 
        "long_term_average": 30015931, 
        "date": "2013-12-31", 
        "operating_revenue": 28384988, 
        "short_term_average": 28899844
    }, 
    {
        "accumulated_operating_revenue_yoy": -18.49853146126011, 
        "accumulated_operating_revenue": 21468702, 
        "long_term_average": 29609865, 
        "date": "2014-01-31", 
        "operating_revenue": 21468702, 
        "short_term_average": 26865469
    }, 
    {
        "accumulated_operating_revenue_yoy": -15.622522715527698, 
        "accumulated_operating_revenue": 45939061, 
        "long_term_average": 29307128, 
        "date": "2014-02-28", 
        "operating_revenue": 24470359, 
        "short_term_average": 24774683
    }, 
    {
        "accumulated_operating_revenue_yoy": -16.419618098897555, 
        "accumulated_operating_revenue": 76730596, 
        "long_term_average": 28759768, 
        "date": "2014-03-31", 
        "operating_revenue": 30791535, 
        "short_term_average": 25576865
    }, 
    {
        "accumulated_operating_revenue_yoy": -18.36478911319448, 
        "accumulated_operating_revenue": 95984027, 
        "long_term_average": 28216538, 
        "date": "2014-04-30", 
        "operating_revenue": 19253431, 
        "short_term_average": 24838441
    }, 
    {
        "accumulated_operating_revenue_yoy": -15.538550723235641, 
        "accumulated_operating_revenue": 121531315, 
        "long_term_average": 28152733, 
        "date": "2014-05-31", 
        "operating_revenue": 25547288, 
        "short_term_average": 25197418
    }, 
    {
        "accumulated_operating_revenue_yoy": -12.813642289620159, 
        "accumulated_operating_revenue": 158080376, 
        "long_term_average": 28079862, 
        "date": "2014-06-30", 
        "operating_revenue": 36549061, 
        "short_term_average": 27116593
    }, 
    {
        "accumulated_operating_revenue_yoy": -12.709594709264527, 
        "accumulated_operating_revenue": 183192504, 
        "long_term_average": 27793176, 
        "date": "2014-07-31", 
        "operating_revenue": 25112128, 
        "short_term_average": 29069492
    }, 
    {
        "accumulated_operating_revenue_yoy": -11.425468378405517, 
        "accumulated_operating_revenue": 213044382, 
        "long_term_average": 27725833, 
        "date": "2014-08-31", 
        "operating_revenue": 29851878, 
        "short_term_average": 30504355
    }, 
    {
        "accumulated_operating_revenue_yoy": -10.730435698430334, 
        "accumulated_operating_revenue": 244144799, 
        "long_term_average": 27570361, 
        "date": "2014-09-30", 
        "operating_revenue": 31100417, 
        "short_term_average": 28688141
    }, 
    {
        "accumulated_operating_revenue_yoy": -9.531506730021059, 
        "accumulated_operating_revenue": 272367586, 
        "long_term_average": 27624607, 
        "date": "2014-10-31", 
        "operating_revenue": 28222787, 
        "short_term_average": 29725027
    }, 
    {
        "accumulated_operating_revenue_yoy": -9.327704525343544, 
        "accumulated_operating_revenue": 300856289, 
        "long_term_average": 27436773, 
        "date": "2014-11-30", 
        "operating_revenue": 28488703, 
        "short_term_average": 29270635
    }, 
    {
        "accumulated_operating_revenue_yoy": -8.427710020149355, 
        "accumulated_operating_revenue": 329835310, 
        "long_term_average": 27486275, 
        "date": "2014-12-31", 
        "operating_revenue": 28979021, 
        "short_term_average": 28563503
    }, 
    {
        "accumulated_operating_revenue_yoy": 5.7772565849579545, 
        "accumulated_operating_revenue": 22709004, 
        "long_term_average": 27589634, 
        "date": "2015-01-31", 
        "operating_revenue": 22709004, 
        "short_term_average": 26725576
    }, 
    {
        "accumulated_operating_revenue_yoy": -5.629773320791211, 
        "accumulated_operating_revenue": 43352796, 
        "long_term_average": 27270753, 
        "date": "2015-02-28", 
        "operating_revenue": 20643792, 
        "short_term_average": 24110605
    }, 
    {
        "accumulated_operating_revenue_yoy": -11.251914425374723, 
        "accumulated_operating_revenue": 68096935, 
        "long_term_average": 26766804, 
        "date": "2015-03-31", 
        "operating_revenue": 24744139, 
        "short_term_average": 22698978
    }, 
    {
        "accumulated_operating_revenue_yoy": -12.567945289480301, 
        "accumulated_operating_revenue": 83920807, 
        "long_term_average": 26481007, 
        "date": "2015-04-30", 
        "operating_revenue": 15823872, 
        "short_term_average": 20403934
    }, 
    {
        "accumulated_operating_revenue_yoy": -16.412812615415213, 
        "accumulated_operating_revenue": 101584608, 
        "long_term_average": 25824050, 
        "date": "2015-05-31", 
        "operating_revenue": 17663801, 
        "short_term_average": 19410604
    }, 
    {
        "accumulated_operating_revenue_yoy": -18.931556058545812, 
        "accumulated_operating_revenue": 128153301, 
        "long_term_average": 24992352, 
        "date": "2015-06-30", 
        "operating_revenue": 26568693, 
        "short_term_average": 20018788
    }, 
    {
        "accumulated_operating_revenue_yoy": -20.829656872859818, 
        "accumulated_operating_revenue": 145034134, 
        "long_term_average": 24306411, 
        "date": "2015-07-31", 
        "operating_revenue": 16880833, 
        "short_term_average": 20371109
    }, 
    {
        "accumulated_operating_revenue_yoy": -22.066935799320913, 
        "accumulated_operating_revenue": 166032015, 
        "long_term_average": 23568578, 
        "date": "2015-08-31", 
        "operating_revenue": 20997881, 
        "short_term_average": 21482469
    }, 
    {
        "accumulated_operating_revenue_yoy": -19.93397901546123, 
        "accumulated_operating_revenue": 195477026, 
        "long_term_average": 23430628, 
        "date": "2015-09-30", 
        "operating_revenue": 29445011, 
        "short_term_average": 22441241
    }
]