[
    {
        "date": "2011-09-30", 
        "operating_revenue": 13145579, 
        "accumulated_operating_revenue": 13145579, 
        "long_term_average": 13145579, 
        "short_term_average": 13145579
    }, 
    {
        "date": "2011-10-31", 
        "operating_revenue": 14328179, 
        "accumulated_operating_revenue": 27473758, 
        "long_term_average": 13736879, 
        "short_term_average": 13736879
    }, 
    {
        "date": "2011-11-30", 
        "operating_revenue": 15801297, 
        "accumulated_operating_revenue": 43275055, 
        "long_term_average": 14425018, 
        "short_term_average": 14425018
    }, 
    {
        "date": "2011-12-31", 
        "operating_revenue": 14499559, 
        "accumulated_operating_revenue": 57774614, 
        "long_term_average": 14443653, 
        "short_term_average": 14876345
    }, 
    {
        "date": "2012-01-31", 
        "operating_revenue": 7010455, 
        "accumulated_operating_revenue": 7010455, 
        "long_term_average": 12957013, 
        "short_term_average": 12437103
    }, 
    {
        "date": "2012-02-29", 
        "operating_revenue": 7574649, 
        "accumulated_operating_revenue": 14585104, 
        "long_term_average": 12059953, 
        "short_term_average": 9694887
    }, 
    {
        "date": "2012-03-31", 
        "operating_revenue": 6378825, 
        "accumulated_operating_revenue": 20963929, 
        "long_term_average": 11248363, 
        "short_term_average": 6987976
    }, 
    {
        "date": "2012-04-30", 
        "operating_revenue": 4963254, 
        "accumulated_operating_revenue": 25927183, 
        "long_term_average": 10462724, 
        "short_term_average": 6305576
    }, 
    {
        "date": "2012-05-31", 
        "operating_revenue": 5584642, 
        "accumulated_operating_revenue": 31511825, 
        "long_term_average": 9920715, 
        "short_term_average": 5642240
    }, 
    {
        "date": "2012-06-30", 
        "operating_revenue": 8174422, 
        "accumulated_operating_revenue": 39686247, 
        "long_term_average": 9746086, 
        "short_term_average": 6240772
    }, 
    {
        "date": "2012-07-31", 
        "operating_revenue": 9548893, 
        "accumulated_operating_revenue": 49235140, 
        "long_term_average": 9728159, 
        "short_term_average": 7769319
    }, 
    {
        "date": "2012-08-31", 
        "operating_revenue": 12157632, 
        "accumulated_operating_revenue": 61392772, 
        "long_term_average": 9930615, 
        "short_term_average": 9960315
    }, 
    {
        "accumulated_operating_revenue_yoy": 495.00969109082223, 
        "accumulated_operating_revenue": 78217469, 
        "long_term_average": 10237208, 
        "date": "2012-09-30", 
        "operating_revenue": 16824697, 
        "short_term_average": 12843740
    }, 
    {
        "accumulated_operating_revenue_yoy": 254.68720733435885, 
        "accumulated_operating_revenue": 97445905, 
        "long_term_average": 10645563, 
        "date": "2012-10-31", 
        "operating_revenue": 19228436, 
        "short_term_average": 16070255
    }, 
    {
        "accumulated_operating_revenue_yoy": 164.8301821915651, 
        "accumulated_operating_revenue": 114605407, 
        "long_term_average": 10758747, 
        "date": "2012-11-30", 
        "operating_revenue": 17159502, 
        "short_term_average": 17737545
    }, 
    {
        "accumulated_operating_revenue_yoy": 131.24496859468417, 
        "accumulated_operating_revenue": 133600888, 
        "long_term_average": 11133407, 
        "date": "2012-12-31", 
        "operating_revenue": 18995481, 
        "short_term_average": 18461139
    }, 
    {
        "accumulated_operating_revenue_yoy": 66.5891728853548, 
        "accumulated_operating_revenue": 11678659, 
        "long_term_average": 11522424, 
        "date": "2013-01-31", 
        "operating_revenue": 11678659, 
        "short_term_average": 15944547
    }, 
    {
        "accumulated_operating_revenue_yoy": 20.176777621880515, 
        "accumulated_operating_revenue": 17527908, 
        "long_term_average": 11378641, 
        "date": "2013-02-28", 
        "operating_revenue": 5849249, 
        "short_term_average": 12174463
    }, 
    {
        "accumulated_operating_revenue_yoy": 6.15640322002617, 
        "accumulated_operating_revenue": 22254553, 
        "long_term_average": 11240959, 
        "date": "2013-03-31", 
        "operating_revenue": 4726645, 
        "short_term_average": 7418184
    }, 
    {
        "accumulated_operating_revenue_yoy": 3.5182919795027483, 
        "accumulated_operating_revenue": 26839377, 
        "long_term_average": 11209423, 
        "date": "2013-04-30", 
        "operating_revenue": 4584824, 
        "short_term_average": 5053572
    }, 
    {
        "accumulated_operating_revenue_yoy": 1.2595589116149255, 
        "accumulated_operating_revenue": 31908735, 
        "long_term_average": 11166483, 
        "date": "2013-05-31", 
        "operating_revenue": 5069358, 
        "short_term_average": 4793609
    }, 
    {
        "accumulated_operating_revenue_yoy": -5.919297433188883, 
        "accumulated_operating_revenue": 37337100, 
        "long_term_average": 10937645, 
        "date": "2013-06-30", 
        "operating_revenue": 5428365, 
        "short_term_average": 5027515
    }, 
    {
        "accumulated_operating_revenue_yoy": -9.466338472887454, 
        "accumulated_operating_revenue": 44574375, 
        "long_term_average": 10745010, 
        "date": "2013-07-31", 
        "operating_revenue": 7237275, 
        "short_term_average": 5911666
    }, 
    {
        "accumulated_operating_revenue_yoy": -11.463979831371681, 
        "accumulated_operating_revenue": 54354717, 
        "long_term_average": 10546902, 
        "date": "2013-08-31", 
        "operating_revenue": 9780342, 
        "short_term_average": 7481994
    }, 
    {
        "accumulated_operating_revenue_yoy": -17.87906356315365, 
        "accumulated_operating_revenue": 64232918, 
        "long_term_average": 9968028, 
        "date": "2013-09-30", 
        "operating_revenue": 9878201, 
        "short_term_average": 8965272
    }, 
    {
        "accumulated_operating_revenue_yoy": -24.01786201277519, 
        "accumulated_operating_revenue": 74041482, 
        "long_term_average": 9183038, 
        "date": "2013-10-31", 
        "operating_revenue": 9808564, 
        "short_term_average": 9822369
    }, 
    {
        "accumulated_operating_revenue_yoy": -25.07385537228623, 
        "accumulated_operating_revenue": 85869413, 
        "long_term_average": 8738741, 
        "date": "2013-11-30", 
        "operating_revenue": 11827931, 
        "short_term_average": 10504898
    }, 
    {
        "accumulated_operating_revenue_yoy": -29.39739217901007, 
        "accumulated_operating_revenue": 94325711, 
        "long_term_average": 7860475, 
        "date": "2013-12-31", 
        "operating_revenue": 8456298, 
        "short_term_average": 10030931
    }, 
    {
        "accumulated_operating_revenue_yoy": -61.74080431665999, 
        "accumulated_operating_revenue": 4468161, 
        "long_term_average": 7259601, 
        "date": "2014-01-31", 
        "operating_revenue": 4468161, 
        "short_term_average": 8250796
    }, 
    {
        "accumulated_operating_revenue_yoy": -60.621330280829866, 
        "accumulated_operating_revenue": 6902257, 
        "long_term_average": 6975005, 
        "date": "2014-02-28", 
        "operating_revenue": 2434096, 
        "short_term_average": 5119518
    }, 
    {
        "accumulated_operating_revenue_yoy": -50.260115312134104, 
        "accumulated_operating_revenue": 11069389, 
        "long_term_average": 6928378, 
        "date": "2014-03-31", 
        "operating_revenue": 4167132, 
        "short_term_average": 3689796
    }, 
    {
        "accumulated_operating_revenue_yoy": -43.489996060638816, 
        "accumulated_operating_revenue": 15166933, 
        "long_term_average": 6887772, 
        "date": "2014-04-30", 
        "operating_revenue": 4097544, 
        "short_term_average": 3566257
    }, 
    {
        "accumulated_operating_revenue_yoy": -39.93090920088183, 
        "accumulated_operating_revenue": 19167287, 
        "long_term_average": 6798688, 
        "date": "2014-05-31", 
        "operating_revenue": 4000354, 
        "short_term_average": 4088343
    }, 
    {
        "accumulated_operating_revenue_yoy": -34.35409284598965, 
        "accumulated_operating_revenue": 24510278, 
        "long_term_average": 6791574, 
        "date": "2014-06-30", 
        "operating_revenue": 5342991, 
        "short_term_average": 4480296
    }, 
    {
        "accumulated_operating_revenue_yoy": -33.804429114261275, 
        "accumulated_operating_revenue": 29506262, 
        "long_term_average": 6604799, 
        "date": "2014-07-31", 
        "operating_revenue": 4995984, 
        "short_term_average": 4779776
    }, 
    {
        "accumulated_operating_revenue_yoy": -34.62787415487786, 
        "accumulated_operating_revenue": 35532834, 
        "long_term_average": 6291985, 
        "date": "2014-08-31", 
        "operating_revenue": 6026572, 
        "short_term_average": 5455182
    }, 
    {
        "accumulated_operating_revenue_yoy": -31.10018137429161, 
        "accumulated_operating_revenue": 44256364, 
        "long_term_average": 6195763, 
        "date": "2014-09-30", 
        "operating_revenue": 8723530, 
        "short_term_average": 6582028
    }, 
    {
        "accumulated_operating_revenue_yoy": -22.99679657951741, 
        "accumulated_operating_revenue": 57014313, 
        "long_term_average": 6441545, 
        "date": "2014-10-31", 
        "operating_revenue": 12757949, 
        "short_term_average": 9169350
    }, 
    {
        "accumulated_operating_revenue_yoy": -15.82334445444503, 
        "accumulated_operating_revenue": 72282000, 
        "long_term_average": 6728191, 
        "date": "2014-11-30", 
        "operating_revenue": 15267687, 
        "short_term_average": 12249722
    }, 
    {
        "accumulated_operating_revenue_yoy": -11.29461192187568, 
        "accumulated_operating_revenue": 83671988, 
        "long_term_average": 6972665, 
        "date": "2014-12-31", 
        "operating_revenue": 11389988, 
        "short_term_average": 13138541
    }, 
    {
        "accumulated_operating_revenue_yoy": 122.74987405332978, 
        "accumulated_operating_revenue": 9952823, 
        "long_term_average": 7429720, 
        "date": "2015-01-31", 
        "operating_revenue": 9952823, 
        "short_term_average": 12203499
    }, 
    {
        "accumulated_operating_revenue_yoy": 148.37068512516993, 
        "accumulated_operating_revenue": 17143183, 
        "long_term_average": 7826076, 
        "date": "2015-02-28", 
        "operating_revenue": 7190360, 
        "short_term_average": 9511057
    }, 
    {
        "accumulated_operating_revenue_yoy": 125.51472353171435, 
        "accumulated_operating_revenue": 24963102, 
        "long_term_average": 8130475, 
        "date": "2015-03-31", 
        "operating_revenue": 7819919, 
        "short_term_average": 8321034
    }, 
    {
        "accumulated_operating_revenue_yoy": 132.0990736887939, 
        "accumulated_operating_revenue": 35202311, 
        "long_term_average": 8642280, 
        "date": "2015-04-30", 
        "operating_revenue": 10239209, 
        "short_term_average": 8416496
    }, 
    {
        "accumulated_operating_revenue_yoy": 126.17093384160209, 
        "accumulated_operating_revenue": 43350832, 
        "long_term_average": 8987961, 
        "date": "2015-05-31", 
        "operating_revenue": 8148521, 
        "short_term_average": 8735883
    }, 
    {
        "accumulated_operating_revenue_yoy": 100.35206455022664, 
        "accumulated_operating_revenue": 49106848, 
        "long_term_average": 9022379, 
        "date": "2015-06-30", 
        "operating_revenue": 5756016, 
        "short_term_average": 8047915
    }, 
    {
        "accumulated_operating_revenue_yoy": 90.98263616041909, 
        "accumulated_operating_revenue": 56351837, 
        "long_term_average": 9209796, 
        "date": "2015-07-31", 
        "operating_revenue": 7244989, 
        "short_term_average": 7049842
    }, 
    {
        "accumulated_operating_revenue_yoy": 80.84890723886534, 
        "accumulated_operating_revenue": 64260742, 
        "long_term_average": 9366658, 
        "date": "2015-08-31", 
        "operating_revenue": 7908905, 
        "short_term_average": 6969970
    }
]