[
    {
        "date": "2012-01-31", 
        "operating_revenue": 1405201, 
        "accumulated_operating_revenue": 1405201, 
        "long_term_average": 1405201, 
        "short_term_average": 1405201
    }, 
    {
        "date": "2012-02-29", 
        "operating_revenue": 1398969, 
        "accumulated_operating_revenue": 2804170, 
        "long_term_average": 1402085, 
        "short_term_average": 1402085
    }, 
    {
        "date": "2012-03-31", 
        "operating_revenue": 1561613, 
        "accumulated_operating_revenue": 4365783, 
        "long_term_average": 1455261, 
        "short_term_average": 1455261
    }, 
    {
        "date": "2012-04-30", 
        "operating_revenue": 1471539, 
        "accumulated_operating_revenue": 5837322, 
        "long_term_average": 1459330, 
        "short_term_average": 1477373
    }, 
    {
        "date": "2012-05-31", 
        "operating_revenue": 1514565, 
        "accumulated_operating_revenue": 7351887, 
        "long_term_average": 1470377, 
        "short_term_average": 1515905
    }, 
    {
        "date": "2012-06-30", 
        "operating_revenue": 1531292, 
        "accumulated_operating_revenue": 8883179, 
        "long_term_average": 1480529, 
        "short_term_average": 1505798
    }, 
    {
        "date": "2012-07-31", 
        "operating_revenue": 1689749, 
        "accumulated_operating_revenue": 10572928, 
        "long_term_average": 1510418, 
        "short_term_average": 1578535
    }, 
    {
        "date": "2012-08-31", 
        "operating_revenue": 1612231, 
        "accumulated_operating_revenue": 12185159, 
        "long_term_average": 1523144, 
        "short_term_average": 1611090
    }, 
    {
        "date": "2012-09-30", 
        "operating_revenue": 1470423, 
        "accumulated_operating_revenue": 13655582, 
        "long_term_average": 1517286, 
        "short_term_average": 1590801
    }, 
    {
        "date": "2012-10-31", 
        "operating_revenue": 1578714, 
        "accumulated_operating_revenue": 15234296, 
        "long_term_average": 1523429, 
        "short_term_average": 1553789
    }, 
    {
        "date": "2012-11-30", 
        "operating_revenue": 1407996, 
        "accumulated_operating_revenue": 16642292, 
        "long_term_average": 1512935, 
        "short_term_average": 1485711
    }, 
    {
        "date": "2012-12-31", 
        "operating_revenue": 906228, 
        "accumulated_operating_revenue": 17548520, 
        "long_term_average": 1462376, 
        "short_term_average": 1297646
    }, 
    {
        "accumulated_operating_revenue_yoy": 15.489527832673048, 
        "accumulated_operating_revenue": 1622860, 
        "long_term_average": 1480514, 
        "date": "2013-01-31", 
        "operating_revenue": 1622860, 
        "short_term_average": 1312361
    }, 
    {
        "accumulated_operating_revenue_yoy": 2.5333342842980273, 
        "accumulated_operating_revenue": 2875209, 
        "long_term_average": 1468296, 
        "date": "2013-02-28", 
        "operating_revenue": 1252349, 
        "short_term_average": 1260479
    }, 
    {
        "accumulated_operating_revenue_yoy": 4.079428592763314, 
        "accumulated_operating_revenue": 4543882, 
        "long_term_average": 1477218, 
        "date": "2013-03-31", 
        "operating_revenue": 1668673, 
        "short_term_average": 1514627
    }, 
    {
        "accumulated_operating_revenue_yoy": 6.810931451100351, 
        "accumulated_operating_revenue": 6234898, 
        "long_term_average": 1495508, 
        "date": "2013-04-30", 
        "operating_revenue": 1691016, 
        "short_term_average": 1537346
    }, 
    {
        "accumulated_operating_revenue_yoy": 7.160188941968232, 
        "accumulated_operating_revenue": 7878296, 
        "long_term_average": 1506244, 
        "date": "2013-05-31", 
        "operating_revenue": 1643398, 
        "short_term_average": 1667695
    }, 
    {
        "accumulated_operating_revenue_yoy": 5.252736661053436, 
        "accumulated_operating_revenue": 9349789, 
        "long_term_average": 1501260, 
        "date": "2013-06-30", 
        "operating_revenue": 1471493, 
        "short_term_average": 1601969
    }, 
    {
        "accumulated_operating_revenue_yoy": 4.637438181741141, 
        "accumulated_operating_revenue": 11063241, 
        "long_term_average": 1503236, 
        "date": "2013-07-31", 
        "operating_revenue": 1713452, 
        "short_term_average": 1609447
    }, 
    {
        "accumulated_operating_revenue_yoy": 4.478874670408486, 
        "accumulated_operating_revenue": 12730917, 
        "long_term_average": 1507856, 
        "date": "2013-08-31", 
        "operating_revenue": 1667676, 
        "short_term_average": 1617540
    }, 
    {
        "accumulated_operating_revenue_yoy": 5.454831584622317, 
        "accumulated_operating_revenue": 14400471, 
        "long_term_average": 1524450, 
        "date": "2013-09-30", 
        "operating_revenue": 1669554, 
        "short_term_average": 1683560
    }, 
    {
        "accumulated_operating_revenue_yoy": 5.759340635103848, 
        "accumulated_operating_revenue": 16111691, 
        "long_term_average": 1535492, 
        "date": "2013-10-31", 
        "operating_revenue": 1711220, 
        "short_term_average": 1682816
    }, 
    {
        "accumulated_operating_revenue_yoy": 6.192824882534208, 
        "accumulated_operating_revenue": 17672920, 
        "long_term_average": 1548262, 
        "date": "2013-11-30", 
        "operating_revenue": 1561229, 
        "short_term_average": 1647334
    }, 
    {
        "accumulated_operating_revenue_yoy": 10.191839539744663, 
        "accumulated_operating_revenue": 19337037, 
        "long_term_average": 1611419, 
        "date": "2013-12-31", 
        "operating_revenue": 1664117, 
        "short_term_average": 1645522
    }, 
    {
        "accumulated_operating_revenue_yoy": 8.61565384567985, 
        "accumulated_operating_revenue": 1762680, 
        "long_term_average": 1623071, 
        "date": "2014-01-31", 
        "operating_revenue": 1762680, 
        "short_term_average": 1662675
    }, 
    {
        "accumulated_operating_revenue_yoy": 16.235132819909786, 
        "accumulated_operating_revenue": 3342003, 
        "long_term_average": 1650319, 
        "date": "2014-02-28", 
        "operating_revenue": 1579323, 
        "short_term_average": 1668706
    }, 
    {
        "accumulated_operating_revenue_yoy": 14.28954361050749, 
        "accumulated_operating_revenue": 5193182, 
        "long_term_average": 1665528, 
        "date": "2014-03-31", 
        "operating_revenue": 1851179, 
        "short_term_average": 1731060
    }, 
    {
        "accumulated_operating_revenue_yoy": 12.090927550057756, 
        "accumulated_operating_revenue": 6988755, 
        "long_term_average": 1674241, 
        "date": "2014-04-30", 
        "operating_revenue": 1795573, 
        "short_term_average": 1742025
    }, 
    {
        "accumulated_operating_revenue_yoy": 10.736116033213273, 
        "accumulated_operating_revenue": 8724119, 
        "long_term_average": 1681905, 
        "date": "2014-05-31", 
        "operating_revenue": 1735364, 
        "short_term_average": 1794038
    }, 
    {
        "accumulated_operating_revenue_yoy": 11.964302082111159, 
        "accumulated_operating_revenue": 10468426, 
        "long_term_average": 1704639, 
        "date": "2014-06-30", 
        "operating_revenue": 1744307, 
        "short_term_average": 1758414
    }, 
    {
        "accumulated_operating_revenue_yoy": 10.635726004703324, 
        "accumulated_operating_revenue": 12239897, 
        "long_term_average": 1709474, 
        "date": "2014-07-31", 
        "operating_revenue": 1771471, 
        "short_term_average": 1750380
    }, 
    {
        "accumulated_operating_revenue_yoy": 9.178733943517187, 
        "accumulated_operating_revenue": 13899454, 
        "long_term_average": 1708797, 
        "date": "2014-08-31", 
        "operating_revenue": 1659557, 
        "short_term_average": 1725111
    }, 
    {
        "accumulated_operating_revenue_yoy": 9.345374883918728, 
        "accumulated_operating_revenue": 15746249, 
        "long_term_average": 1723567, 
        "date": "2014-09-30", 
        "operating_revenue": 1846795, 
        "short_term_average": 1759274
    }, 
    {
        "accumulated_operating_revenue_yoy": 9.995809874953537, 
        "accumulated_operating_revenue": 17722185, 
        "long_term_average": 1745627, 
        "date": "2014-10-31", 
        "operating_revenue": 1975936, 
        "short_term_average": 1827429
    }, 
    {
        "accumulated_operating_revenue_yoy": 9.959299312167994, 
        "accumulated_operating_revenue": 19433019, 
        "long_term_average": 1758094, 
        "date": "2014-11-30", 
        "operating_revenue": 1710834, 
        "short_term_average": 1844521
    }, 
    {
        "accumulated_operating_revenue_yoy": 9.927508542285977, 
        "accumulated_operating_revenue": 21256723, 
        "long_term_average": 1771393, 
        "date": "2014-12-31", 
        "operating_revenue": 1823704, 
        "short_term_average": 1836824
    }, 
    {
        "accumulated_operating_revenue_yoy": 10.033925613270702, 
        "accumulated_operating_revenue": 1939546, 
        "long_term_average": 1786132, 
        "date": "2015-01-31", 
        "operating_revenue": 1939546, 
        "short_term_average": 1824694
    }, 
    {
        "accumulated_operating_revenue_yoy": 3.7753107941554807, 
        "accumulated_operating_revenue": 3468174, 
        "long_term_average": 1781907, 
        "date": "2015-02-28", 
        "operating_revenue": 1528628, 
        "short_term_average": 1763959
    }, 
    {
        "accumulated_operating_revenue_yoy": 5.7573372163733145, 
        "accumulated_operating_revenue": 5492171, 
        "long_term_average": 1796309, 
        "date": "2015-03-31", 
        "operating_revenue": 2023997, 
        "short_term_average": 1830723
    }, 
    {
        "accumulated_operating_revenue_yoy": 4.487680566853467, 
        "accumulated_operating_revenue": 7302388, 
        "long_term_average": 1797529, 
        "date": "2015-04-30", 
        "operating_revenue": 1810217, 
        "short_term_average": 1787614
    }, 
    {
        "accumulated_operating_revenue_yoy": 3.5891876302925256, 
        "accumulated_operating_revenue": 9037244, 
        "long_term_average": 1797487, 
        "date": "2015-05-31", 
        "operating_revenue": 1734856, 
        "short_term_average": 1856356
    }, 
    {
        "accumulated_operating_revenue_yoy": 5.413430825226256, 
        "accumulated_operating_revenue": 11035127, 
        "long_term_average": 1818618, 
        "date": "2015-06-30", 
        "operating_revenue": 1997883, 
        "short_term_average": 1847652
    }, 
    {
        "accumulated_operating_revenue_yoy": 6.345339343950361, 
        "accumulated_operating_revenue": 13016560, 
        "long_term_average": 1836115, 
        "date": "2015-07-31", 
        "operating_revenue": 1981433, 
        "short_term_average": 1904724
    }, 
    {
        "accumulated_operating_revenue_yoy": 7.792169390250869, 
        "accumulated_operating_revenue": 14982523, 
        "long_term_average": 1861649, 
        "date": "2015-08-31", 
        "operating_revenue": 1965963, 
        "short_term_average": 1981759
    }
]