[
    {
        "date": "2012-01-31", 
        "operating_revenue": 32691782, 
        "accumulated_operating_revenue": 32691782, 
        "long_term_average": 32691782, 
        "short_term_average": 32691782
    }, 
    {
        "date": "2012-02-29", 
        "operating_revenue": 36245672, 
        "accumulated_operating_revenue": 68937454, 
        "long_term_average": 34468727, 
        "short_term_average": 34468727
    }, 
    {
        "date": "2012-03-31", 
        "operating_revenue": 33513454, 
        "accumulated_operating_revenue": 102450908, 
        "long_term_average": 34150302, 
        "short_term_average": 34150302
    }, 
    {
        "date": "2012-04-30", 
        "operating_revenue": 27350133, 
        "accumulated_operating_revenue": 129801041, 
        "long_term_average": 32450260, 
        "short_term_average": 32369753
    }, 
    {
        "date": "2012-05-31", 
        "operating_revenue": 37457656, 
        "accumulated_operating_revenue": 167258697, 
        "long_term_average": 33451739, 
        "short_term_average": 32773747
    }, 
    {
        "date": "2012-06-30", 
        "operating_revenue": 35806316, 
        "accumulated_operating_revenue": 203065013, 
        "long_term_average": 33844168, 
        "short_term_average": 33538035
    }, 
    {
        "date": "2012-07-31", 
        "operating_revenue": 31903854, 
        "accumulated_operating_revenue": 234968867, 
        "long_term_average": 33566981, 
        "short_term_average": 35055942
    }, 
    {
        "date": "2012-08-31", 
        "operating_revenue": 28101899, 
        "accumulated_operating_revenue": 263070766, 
        "long_term_average": 32883845, 
        "short_term_average": 31937356
    }, 
    {
        "date": "2012-09-30", 
        "operating_revenue": 34623062, 
        "accumulated_operating_revenue": 297693828, 
        "long_term_average": 33077092, 
        "short_term_average": 31542938
    }, 
    {
        "date": "2012-10-31", 
        "operating_revenue": 37961500, 
        "accumulated_operating_revenue": 335655328, 
        "long_term_average": 33565532, 
        "short_term_average": 33562153
    }, 
    {
        "date": "2012-11-30", 
        "operating_revenue": 38930079, 
        "accumulated_operating_revenue": 374585407, 
        "long_term_average": 34053218, 
        "short_term_average": 37171547
    }, 
    {
        "date": "2012-12-31", 
        "operating_revenue": 36352489, 
        "accumulated_operating_revenue": 410937896, 
        "long_term_average": 34244824, 
        "short_term_average": 37748022
    }, 
    {
        "accumulated_operating_revenue_yoy": 5.941181181252218, 
        "accumulated_operating_revenue": 34634060, 
        "long_term_average": 34406681, 
        "date": "2013-01-31", 
        "operating_revenue": 34634060, 
        "short_term_average": 36638876
    }, 
    {
        "accumulated_operating_revenue_yoy": -4.835758802464622, 
        "accumulated_operating_revenue": 65603805, 
        "long_term_average": 33967020, 
        "date": "2013-02-28", 
        "operating_revenue": 30969745, 
        "short_term_average": 33985431
    }, 
    {
        "accumulated_operating_revenue_yoy": -1.6484597676772177, 
        "accumulated_operating_revenue": 100762046, 
        "long_term_average": 34104086, 
        "date": "2013-03-31", 
        "operating_revenue": 35158241, 
        "short_term_average": 33587348
    }, 
    {
        "accumulated_operating_revenue_yoy": 1.0988201550710213, 
        "accumulated_operating_revenue": 131227321, 
        "long_term_average": 34363681, 
        "date": "2013-04-30", 
        "operating_revenue": 30465275, 
        "short_term_average": 32197753
    }, 
    {
        "accumulated_operating_revenue_yoy": -0.29471651330633053, 
        "accumulated_operating_revenue": 166765758, 
        "long_term_average": 34203746, 
        "date": "2013-05-31", 
        "operating_revenue": 35538437, 
        "short_term_average": 33720651
    }, 
    {
        "accumulated_operating_revenue_yoy": 0.45652571376241957, 
        "accumulated_operating_revenue": 203992057, 
        "long_term_average": 34322078, 
        "date": "2013-06-30", 
        "operating_revenue": 37226299, 
        "short_term_average": 34410003
    }, 
    {
        "accumulated_operating_revenue_yoy": 2.589208552467506, 
        "accumulated_operating_revenue": 241052701, 
        "long_term_average": 34751810, 
        "date": "2013-07-31", 
        "operating_revenue": 37060644, 
        "short_term_average": 36608460
    }, 
    {
        "accumulated_operating_revenue_yoy": 6.024151311438383, 
        "accumulated_operating_revenue": 278918547, 
        "long_term_average": 35565473, 
        "date": "2013-08-31", 
        "operating_revenue": 37865846, 
        "short_term_average": 37384263
    }, 
    {
        "accumulated_operating_revenue_yoy": 9.663456307868096, 
        "accumulated_operating_revenue": 326461341, 
        "long_term_average": 36642117, 
        "date": "2013-09-30", 
        "operating_revenue": 47542794, 
        "short_term_average": 40823094
    }, 
    {
        "accumulated_operating_revenue_yoy": 10.661576329871338, 
        "accumulated_operating_revenue": 371441477, 
        "long_term_average": 37227003, 
        "date": "2013-10-31", 
        "operating_revenue": 44980136, 
        "short_term_average": 43462925
    }, 
    {
        "accumulated_operating_revenue_yoy": 11.068285957012735, 
        "accumulated_operating_revenue": 416045591, 
        "long_term_average": 37699840, 
        "date": "2013-11-30", 
        "operating_revenue": 44604114, 
        "short_term_average": 45709014
    }, 
    {
        "accumulated_operating_revenue_yoy": 12.20549734843632, 
        "accumulated_operating_revenue": 461094910, 
        "long_term_average": 38424575, 
        "date": "2013-12-31", 
        "operating_revenue": 45049319, 
        "short_term_average": 44877856
    }, 
    {
        "accumulated_operating_revenue_yoy": 22.34612690513327, 
        "accumulated_operating_revenue": 42373431, 
        "long_term_average": 39069523, 
        "date": "2014-01-31", 
        "operating_revenue": 42373431, 
        "short_term_average": 44008954
    }, 
    {
        "accumulated_operating_revenue_yoy": 15.764047527426191, 
        "accumulated_operating_revenue": 75945620, 
        "long_term_average": 39286393, 
        "date": "2014-02-28", 
        "operating_revenue": 33572189, 
        "short_term_average": 40331646
    }, 
    {
        "accumulated_operating_revenue_yoy": 15.801520147774688, 
        "accumulated_operating_revenue": 116683981, 
        "long_term_average": 39751403, 
        "date": "2014-03-31", 
        "operating_revenue": 40738361, 
        "short_term_average": 38894660
    }, 
    {
        "accumulated_operating_revenue_yoy": 16.054861014803464, 
        "accumulated_operating_revenue": 152295685, 
        "long_term_average": 40180272, 
        "date": "2014-04-30", 
        "operating_revenue": 35611704, 
        "short_term_average": 36640751
    }, 
    {
        "accumulated_operating_revenue_yoy": 12.156953707487121, 
        "accumulated_operating_revenue": 187039394, 
        "long_term_average": 40114045, 
        "date": "2014-05-31", 
        "operating_revenue": 34743709, 
        "short_term_average": 37031258
    }, 
    {
        "accumulated_operating_revenue_yoy": 8.626147144542985, 
        "accumulated_operating_revenue": 221588712, 
        "long_term_average": 39890963, 
        "date": "2014-06-30", 
        "operating_revenue": 34549318, 
        "short_term_average": 34968243
    }, 
    {
        "accumulated_operating_revenue_yoy": 5.7243710370206555, 
        "accumulated_operating_revenue": 254851452, 
        "long_term_average": 39574471, 
        "date": "2014-07-31", 
        "operating_revenue": 33262740, 
        "short_term_average": 34185255
    }, 
    {
        "accumulated_operating_revenue_yoy": 2.595142588348562, 
        "accumulated_operating_revenue": 286156881, 
        "long_term_average": 39027770, 
        "date": "2014-08-31", 
        "operating_revenue": 31305429, 
        "short_term_average": 33039162
    }, 
    {
        "accumulated_operating_revenue_yoy": -1.0821612106286116, 
        "accumulated_operating_revenue": 322928503, 
        "long_term_average": 38130172, 
        "date": "2014-09-30", 
        "operating_revenue": 36771622, 
        "short_term_average": 33779930
    }, 
    {
        "accumulated_operating_revenue_yoy": -3.1475313673706937, 
        "accumulated_operating_revenue": 359750240, 
        "long_term_average": 37450306, 
        "date": "2014-10-31", 
        "operating_revenue": 36821737, 
        "short_term_average": 34966262
    }, 
    {
        "accumulated_operating_revenue_yoy": -4.110810538549849, 
        "accumulated_operating_revenue": 398942745, 
        "long_term_average": 36999338, 
        "date": "2014-11-30", 
        "operating_revenue": 39192505, 
        "short_term_average": 37595288
    }, 
    {
        "accumulated_operating_revenue_yoy": -5.513348650931757, 
        "accumulated_operating_revenue": 435673140, 
        "long_term_average": 36306095, 
        "date": "2014-12-31", 
        "operating_revenue": 36730395, 
        "short_term_average": 37581545
    }, 
    {
        "accumulated_operating_revenue_yoy": -29.49999729783505, 
        "accumulated_operating_revenue": 29873270, 
        "long_term_average": 35264414, 
        "date": "2015-01-31", 
        "operating_revenue": 29873270, 
        "short_term_average": 35265390
    }, 
    {
        "accumulated_operating_revenue_yoy": -26.919306208837323, 
        "accumulated_operating_revenue": 55501586, 
        "long_term_average": 34602425, 
        "date": "2015-02-28", 
        "operating_revenue": 25628316, 
        "short_term_average": 30743993
    }, 
    {
        "accumulated_operating_revenue_yoy": -23.46558093522709, 
        "accumulated_operating_revenue": 89303407, 
        "long_term_average": 34024380, 
        "date": "2015-03-31", 
        "operating_revenue": 33801821, 
        "short_term_average": 29767802
    }, 
    {
        "accumulated_operating_revenue_yoy": -20.985375915279544, 
        "accumulated_operating_revenue": 120335863, 
        "long_term_average": 33642776, 
        "date": "2015-04-30", 
        "operating_revenue": 31032456, 
        "short_term_average": 30154197
    }, 
    {
        "accumulated_operating_revenue_yoy": -20.449348226609416, 
        "accumulated_operating_revenue": 148791057, 
        "long_term_average": 33118733, 
        "date": "2015-05-31", 
        "operating_revenue": 28455194, 
        "short_term_average": 31096490
    }, 
    {
        "accumulated_operating_revenue_yoy": -18.7703171450358, 
        "accumulated_operating_revenue": 179995808, 
        "long_term_average": 32840019, 
        "date": "2015-06-30", 
        "operating_revenue": 31204751, 
        "short_term_average": 30230800
    }, 
    {
        "accumulated_operating_revenue_yoy": -16.731940377565515, 
        "accumulated_operating_revenue": 212209859, 
        "long_term_average": 32752628, 
        "date": "2015-07-31", 
        "operating_revenue": 32214051, 
        "short_term_average": 30624665
    }, 
    {
        "accumulated_operating_revenue_yoy": -14.412650800453756, 
        "accumulated_operating_revenue": 244914089, 
        "long_term_average": 32869195, 
        "date": "2015-08-31", 
        "operating_revenue": 32704230, 
        "short_term_average": 32041010
    }
]