[
    {
        "date": "2012-01-31", 
        "operating_revenue": 29541289, 
        "accumulated_operating_revenue": 29541289, 
        "long_term_average": 29541289, 
        "short_term_average": 29541289
    }, 
    {
        "date": "2012-02-29", 
        "operating_revenue": 35334141, 
        "accumulated_operating_revenue": 64875430, 
        "long_term_average": 32437715, 
        "short_term_average": 32437715
    }, 
    {
        "date": "2012-03-31", 
        "operating_revenue": 33675171, 
        "accumulated_operating_revenue": 98550601, 
        "long_term_average": 32850200, 
        "short_term_average": 32850200
    }, 
    {
        "date": "2012-04-30", 
        "operating_revenue": 29689029, 
        "accumulated_operating_revenue": 128239630, 
        "long_term_average": 32059907, 
        "short_term_average": 32899447
    }, 
    {
        "date": "2012-05-31", 
        "operating_revenue": 35838850, 
        "accumulated_operating_revenue": 164078480, 
        "long_term_average": 32815696, 
        "short_term_average": 33067683
    }, 
    {
        "date": "2012-06-30", 
        "operating_revenue": 38244913, 
        "accumulated_operating_revenue": 202323393, 
        "long_term_average": 33720565, 
        "short_term_average": 34590930
    }, 
    {
        "date": "2012-07-31", 
        "operating_revenue": 39308664, 
        "accumulated_operating_revenue": 241632057, 
        "long_term_average": 34518865, 
        "short_term_average": 37797475
    }, 
    {
        "date": "2012-08-31", 
        "operating_revenue": 44716636, 
        "accumulated_operating_revenue": 286348693, 
        "long_term_average": 35793586, 
        "short_term_average": 40756737
    }, 
    {
        "date": "2012-09-30", 
        "operating_revenue": 37249175, 
        "accumulated_operating_revenue": 323597868, 
        "long_term_average": 35955318, 
        "short_term_average": 40424825
    }, 
    {
        "date": "2012-10-31", 
        "operating_revenue": 39429056, 
        "accumulated_operating_revenue": 363026924, 
        "long_term_average": 36302692, 
        "short_term_average": 40464955
    }, 
    {
        "date": "2012-11-30", 
        "operating_revenue": 48114817, 
        "accumulated_operating_revenue": 411141741, 
        "long_term_average": 37376521, 
        "short_term_average": 41597682
    }, 
    {
        "date": "2012-12-31", 
        "operating_revenue": 37542880, 
        "accumulated_operating_revenue": 448684621, 
        "long_term_average": 37390385, 
        "short_term_average": 41695584
    }, 
    {
        "accumulated_operating_revenue_yoy": 35.78233502268638, 
        "accumulated_operating_revenue": 40111852, 
        "long_term_average": 38271265, 
        "date": "2013-01-31", 
        "operating_revenue": 40111852, 
        "short_term_average": 41923183
    }, 
    {
        "accumulated_operating_revenue_yoy": 11.640710512438993, 
        "accumulated_operating_revenue": 72427391, 
        "long_term_average": 38019715, 
        "date": "2013-02-28", 
        "operating_revenue": 32315539, 
        "short_term_average": 36656757
    }, 
    {
        "accumulated_operating_revenue_yoy": 15.716979747287386, 
        "accumulated_operating_revenue": 114039779, 
        "long_term_average": 38681149, 
        "date": "2013-03-31", 
        "operating_revenue": 41612388, 
        "short_term_average": 38013259
    }, 
    {
        "accumulated_operating_revenue_yoy": 14.343417085654412, 
        "accumulated_operating_revenue": 146633575, 
        "long_term_average": 38923213, 
        "date": "2013-04-30", 
        "operating_revenue": 32593796, 
        "short_term_average": 35507241
    }, 
    {
        "accumulated_operating_revenue_yoy": 9.696541557430322, 
        "accumulated_operating_revenue": 179988418, 
        "long_term_average": 38716213, 
        "date": "2013-05-31", 
        "operating_revenue": 33354843, 
        "short_term_average": 35853675
    }, 
    {
        "accumulated_operating_revenue_yoy": 5.658948691118481, 
        "accumulated_operating_revenue": 213772770, 
        "long_term_average": 38344499, 
        "date": "2013-06-30", 
        "operating_revenue": 33784352, 
        "short_term_average": 33244330
    }, 
    {
        "accumulated_operating_revenue_yoy": 3.2822826153402316, 
        "accumulated_operating_revenue": 249563104, 
        "long_term_average": 38051305, 
        "date": "2013-07-31", 
        "operating_revenue": 35790334, 
        "short_term_average": 34309843
    }, 
    {
        "accumulated_operating_revenue_yoy": 1.4360135389198372, 
        "accumulated_operating_revenue": 290460699, 
        "long_term_average": 37733052, 
        "date": "2013-08-31", 
        "operating_revenue": 40897595, 
        "short_term_average": 36824093
    }, 
    {
        "accumulated_operating_revenue_yoy": 2.7764734840589247, 
        "accumulated_operating_revenue": 332582477, 
        "long_term_average": 38139102, 
        "date": "2013-09-30", 
        "operating_revenue": 42121778, 
        "short_term_average": 39603235
    }, 
    {
        "accumulated_operating_revenue_yoy": 3.0513957141096233, 
        "accumulated_operating_revenue": 374104312, 
        "long_term_average": 38313500, 
        "date": "2013-10-31", 
        "operating_revenue": 41521835, 
        "short_term_average": 41513736
    }, 
    {
        "accumulated_operating_revenue_yoy": 2.982092251246268, 
        "accumulated_operating_revenue": 423402367, 
        "long_term_average": 38412103, 
        "date": "2013-11-30", 
        "operating_revenue": 49298055, 
        "short_term_average": 44313889
    }, 
    {
        "accumulated_operating_revenue_yoy": 3.25437608435436, 
        "accumulated_operating_revenue": 463286506, 
        "long_term_average": 38607208, 
        "date": "2013-12-31", 
        "operating_revenue": 39884139, 
        "short_term_average": 43568009
    }, 
    {
        "accumulated_operating_revenue_yoy": -12.508976149991776, 
        "accumulated_operating_revenue": 35094270, 
        "long_term_average": 38189077, 
        "date": "2014-01-31", 
        "operating_revenue": 35094270, 
        "short_term_average": 41425488
    }, 
    {
        "accumulated_operating_revenue_yoy": -0.9947300186472269, 
        "accumulated_operating_revenue": 71706934, 
        "long_term_average": 38547170, 
        "date": "2014-02-28", 
        "operating_revenue": 36612664, 
        "short_term_average": 37197024
    }, 
    {
        "accumulated_operating_revenue_yoy": -3.247796542994002, 
        "accumulated_operating_revenue": 110335999, 
        "long_term_average": 38298560, 
        "date": "2014-03-31", 
        "operating_revenue": 38629065, 
        "short_term_average": 36778666
    }, 
    {
        "accumulated_operating_revenue_yoy": -1.2669172118322833, 
        "accumulated_operating_revenue": 144775849, 
        "long_term_average": 38452398, 
        "date": "2014-04-30", 
        "operating_revenue": 34439850, 
        "short_term_average": 36560526
    }, 
    {
        "accumulated_operating_revenue_yoy": 0.9070366961056349, 
        "accumulated_operating_revenue": 181620979, 
        "long_term_average": 38743255, 
        "date": "2014-05-31", 
        "operating_revenue": 36845130, 
        "short_term_average": 36638015
    }, 
    {
        "accumulated_operating_revenue_yoy": 0.8234495908903646, 
        "accumulated_operating_revenue": 215533081, 
        "long_term_average": 38753901, 
        "date": "2014-06-30", 
        "operating_revenue": 33912102, 
        "short_term_average": 35065694
    }, 
    {
        "accumulated_operating_revenue_yoy": 2.4682915468145485, 
        "accumulated_operating_revenue": 255723049, 
        "long_term_average": 39120537, 
        "date": "2014-07-31", 
        "operating_revenue": 40189968, 
        "short_term_average": 36982400
    }, 
    {
        "accumulated_operating_revenue_yoy": 2.5566901221290528, 
        "accumulated_operating_revenue": 297886879, 
        "long_term_average": 39226057, 
        "date": "2014-08-31", 
        "operating_revenue": 42163830, 
        "short_term_average": 38755300
    }, 
    {
        "accumulated_operating_revenue_yoy": 2.068056640278135, 
        "accumulated_operating_revenue": 339460471, 
        "long_term_average": 39180375, 
        "date": "2014-09-30", 
        "operating_revenue": 41573592, 
        "short_term_average": 41309130
    }, 
    {
        "accumulated_operating_revenue_yoy": 3.1876170943466695, 
        "accumulated_operating_revenue": 386029325, 
        "long_term_average": 39600959, 
        "date": "2014-10-31", 
        "operating_revenue": 46568854, 
        "short_term_average": 43435425
    }, 
    {
        "accumulated_operating_revenue_yoy": 2.7331413100012263, 
        "accumulated_operating_revenue": 434974552, 
        "long_term_average": 39571557, 
        "date": "2014-11-30", 
        "operating_revenue": 48945227, 
        "short_term_average": 45695891
    }, 
    {
        "accumulated_operating_revenue_yoy": 3.0100021950563787, 
        "accumulated_operating_revenue": 477231440, 
        "long_term_average": 39769286, 
        "date": "2014-12-31", 
        "operating_revenue": 42256888, 
        "short_term_average": 45923656
    }, 
    {
        "accumulated_operating_revenue_yoy": -0.3434891222983125, 
        "accumulated_operating_revenue": 34973725, 
        "long_term_average": 39759241, 
        "date": "2015-01-31", 
        "operating_revenue": 34973725, 
        "short_term_average": 42058613
    }, 
    {
        "accumulated_operating_revenue_yoy": -2.7104519627069816, 
        "accumulated_operating_revenue": 69763352, 
        "long_term_average": 39607321, 
        "date": "2015-02-28", 
        "operating_revenue": 34789627, 
        "short_term_average": 37340080
    }, 
    {
        "accumulated_operating_revenue_yoy": 1.4097121647486963, 
        "accumulated_operating_revenue": 111891419, 
        "long_term_average": 39898905, 
        "date": "2015-03-31", 
        "operating_revenue": 42128067, 
        "short_term_average": 37297139
    }, 
    {
        "accumulated_operating_revenue_yoy": 0.10767472688072441, 
        "accumulated_operating_revenue": 144931736, 
        "long_term_average": 39782277, 
        "date": "2015-04-30", 
        "operating_revenue": 33040317, 
        "short_term_average": 36652670
    }, 
    {
        "accumulated_operating_revenue_yoy": -1.655634176490151, 
        "accumulated_operating_revenue": 178614000, 
        "long_term_average": 39518705, 
        "date": "2015-05-31", 
        "operating_revenue": 33682264, 
        "short_term_average": 36283549
    }, 
    {
        "accumulated_operating_revenue_yoy": 2.2089940801245262, 
        "accumulated_operating_revenue": 220294194, 
        "long_term_average": 40166046, 
        "date": "2015-06-30", 
        "operating_revenue": 41680194, 
        "short_term_average": 36134258
    }, 
    {
        "accumulated_operating_revenue_yoy": -0.3449317546655718, 
        "accumulated_operating_revenue": 254840979, 
        "long_term_average": 39695780, 
        "date": "2015-07-31", 
        "operating_revenue": 34546785, 
        "short_term_average": 36636414
    }, 
    {
        "accumulated_operating_revenue_yoy": -0.7443933104552751, 
        "accumulated_operating_revenue": 295669429, 
        "long_term_average": 39584499, 
        "date": "2015-08-31", 
        "operating_revenue": 40828450, 
        "short_term_average": 39018476
    }
]