[
    {
        "date": "2012-01-31", 
        "operating_revenue": 16624, 
        "accumulated_operating_revenue": 16624, 
        "long_term_average": 16624, 
        "short_term_average": 16624
    }, 
    {
        "date": "2012-02-29", 
        "operating_revenue": 14896, 
        "accumulated_operating_revenue": 31520, 
        "long_term_average": 15760, 
        "short_term_average": 15760
    }, 
    {
        "date": "2012-03-31", 
        "operating_revenue": 12107, 
        "accumulated_operating_revenue": 43627, 
        "long_term_average": 14542, 
        "short_term_average": 14542
    }, 
    {
        "date": "2012-04-30", 
        "operating_revenue": 27496, 
        "accumulated_operating_revenue": 71123, 
        "long_term_average": 17780, 
        "short_term_average": 18166
    }, 
    {
        "date": "2012-05-31", 
        "operating_revenue": 48500, 
        "accumulated_operating_revenue": 119623, 
        "long_term_average": 23924, 
        "short_term_average": 29367
    }, 
    {
        "date": "2012-06-30", 
        "operating_revenue": 74149, 
        "accumulated_operating_revenue": 193772, 
        "long_term_average": 32295, 
        "short_term_average": 50048
    }, 
    {
        "date": "2012-07-31", 
        "operating_revenue": 60916, 
        "accumulated_operating_revenue": 254688, 
        "long_term_average": 36384, 
        "short_term_average": 61188
    }, 
    {
        "date": "2012-08-31", 
        "operating_revenue": 55375, 
        "accumulated_operating_revenue": 310063, 
        "long_term_average": 38757, 
        "short_term_average": 63480
    }, 
    {
        "date": "2012-09-30", 
        "operating_revenue": 82113, 
        "accumulated_operating_revenue": 392176, 
        "long_term_average": 43575, 
        "short_term_average": 66134
    }, 
    {
        "date": "2012-10-31", 
        "operating_revenue": 156313, 
        "accumulated_operating_revenue": 548489, 
        "long_term_average": 54848, 
        "short_term_average": 97933
    }, 
    {
        "date": "2012-11-30", 
        "operating_revenue": 168289, 
        "accumulated_operating_revenue": 716778, 
        "long_term_average": 65161, 
        "short_term_average": 135571
    }, 
    {
        "date": "2012-12-31", 
        "operating_revenue": 145205, 
        "accumulated_operating_revenue": 861983, 
        "long_term_average": 71831, 
        "short_term_average": 156602
    }, 
    {
        "accumulated_operating_revenue_yoy": 767.3063041385948, 
        "accumulated_operating_revenue": 144181, 
        "long_term_average": 82461, 
        "date": "2013-01-31", 
        "operating_revenue": 144181, 
        "short_term_average": 152558
    }, 
    {
        "accumulated_operating_revenue_yoy": 592.7823604060914, 
        "accumulated_operating_revenue": 218365, 
        "long_term_average": 87402, 
        "date": "2013-02-28", 
        "operating_revenue": 74184, 
        "short_term_average": 121190
    }, 
    {
        "accumulated_operating_revenue_yoy": 711.5043436404061, 
        "accumulated_operating_revenue": 354035, 
        "long_term_average": 97699, 
        "date": "2013-03-31", 
        "operating_revenue": 135670, 
        "short_term_average": 118011
    }, 
    {
        "accumulated_operating_revenue_yoy": 591.7340382154858, 
        "accumulated_operating_revenue": 491982, 
        "long_term_average": 106903, 
        "date": "2013-04-30", 
        "operating_revenue": 137947, 
        "short_term_average": 115933
    }, 
    {
        "accumulated_operating_revenue_yoy": 448.0166857544118, 
        "accumulated_operating_revenue": 655554, 
        "long_term_average": 116492, 
        "date": "2013-05-31", 
        "operating_revenue": 163572, 
        "short_term_average": 145729
    }, 
    {
        "accumulated_operating_revenue_yoy": 300.8298412567347, 
        "accumulated_operating_revenue": 776696, 
        "long_term_average": 120408, 
        "date": "2013-06-30", 
        "operating_revenue": 121142, 
        "short_term_average": 140887
    }, 
    {
        "accumulated_operating_revenue_yoy": 261.4135726850107, 
        "accumulated_operating_revenue": 920477, 
        "long_term_average": 127314, 
        "date": "2013-07-31", 
        "operating_revenue": 143781, 
        "short_term_average": 142831
    }, 
    {
        "accumulated_operating_revenue_yoy": 233.6444529015071, 
        "accumulated_operating_revenue": 1034508, 
        "long_term_average": 132202, 
        "date": "2013-08-31", 
        "operating_revenue": 114031, 
        "short_term_average": 126318
    }, 
    {
        "accumulated_operating_revenue_yoy": 197.70766186610095, 
        "accumulated_operating_revenue": 1167538, 
        "long_term_average": 136445, 
        "date": "2013-09-30", 
        "operating_revenue": 133030, 
        "short_term_average": 130280
    }, 
    {
        "accumulated_operating_revenue_yoy": 137.2182486795542, 
        "accumulated_operating_revenue": 1301116, 
        "long_term_average": 134550, 
        "date": "2013-10-31", 
        "operating_revenue": 133578, 
        "short_term_average": 126879
    }, 
    {
        "accumulated_operating_revenue_yoy": 99.82867777749875, 
        "accumulated_operating_revenue": 1432328, 
        "long_term_average": 131461, 
        "date": "2013-11-30", 
        "operating_revenue": 131212, 
        "short_term_average": 132606
    }, 
    {
        "accumulated_operating_revenue_yoy": 81.33362258884456, 
        "accumulated_operating_revenue": 1563065, 
        "long_term_average": 130255, 
        "date": "2013-12-31", 
        "operating_revenue": 130737, 
        "short_term_average": 131842
    }, 
    {
        "accumulated_operating_revenue_yoy": -37.653366254915696, 
        "accumulated_operating_revenue": 89892, 
        "long_term_average": 125731, 
        "date": "2014-01-31", 
        "operating_revenue": 89892, 
        "short_term_average": 117280
    }, 
    {
        "accumulated_operating_revenue_yoy": -17.85038811164793, 
        "accumulated_operating_revenue": 179386, 
        "long_term_average": 127007, 
        "date": "2014-02-28", 
        "operating_revenue": 89494, 
        "short_term_average": 103374
    }, 
    {
        "accumulated_operating_revenue_yoy": -9.033287669298232, 
        "accumulated_operating_revenue": 322054, 
        "long_term_average": 127590, 
        "date": "2014-03-31", 
        "operating_revenue": 142668, 
        "short_term_average": 107351
    }, 
    {
        "accumulated_operating_revenue_yoy": 2.2513018768979354, 
        "accumulated_operating_revenue": 503058, 
        "long_term_average": 131178, 
        "date": "2014-04-30", 
        "operating_revenue": 181004, 
        "short_term_average": 137722
    }, 
    {
        "accumulated_operating_revenue_yoy": 4.547604011263755, 
        "accumulated_operating_revenue": 685366, 
        "long_term_average": 132739, 
        "date": "2014-05-31", 
        "operating_revenue": 182308, 
        "short_term_average": 168660
    }, 
    {
        "accumulated_operating_revenue_yoy": 11.5878026924305, 
        "accumulated_operating_revenue": 866698, 
        "long_term_average": 137755, 
        "date": "2014-06-30", 
        "operating_revenue": 181332, 
        "short_term_average": 181548
    }, 
    {
        "accumulated_operating_revenue_yoy": 11.850486215299242, 
        "accumulated_operating_revenue": 1029558, 
        "long_term_average": 139345, 
        "date": "2014-07-31", 
        "operating_revenue": 162860, 
        "short_term_average": 175500
    }, 
    {
        "accumulated_operating_revenue_yoy": 15.218538667656508, 
        "accumulated_operating_revenue": 1191945, 
        "long_term_average": 143375, 
        "date": "2014-08-31", 
        "operating_revenue": 162387, 
        "short_term_average": 168859
    }, 
    {
        "accumulated_operating_revenue_yoy": 15.942607435475335, 
        "accumulated_operating_revenue": 1353674, 
        "long_term_average": 145766, 
        "date": "2014-09-30", 
        "operating_revenue": 161729, 
        "short_term_average": 162325
    }, 
    {
        "accumulated_operating_revenue_yoy": 16.607128034702516, 
        "accumulated_operating_revenue": 1517194, 
        "long_term_average": 148261, 
        "date": "2014-10-31", 
        "operating_revenue": 163520, 
        "short_term_average": 162545
    }, 
    {
        "accumulated_operating_revenue_yoy": 16.851307801006474, 
        "accumulated_operating_revenue": 1673694, 
        "long_term_average": 150369, 
        "date": "2014-11-30", 
        "operating_revenue": 156500, 
        "short_term_average": 160583
    }, 
    {
        "accumulated_operating_revenue_yoy": 16.840566451171256, 
        "accumulated_operating_revenue": 1826294, 
        "long_term_average": 152191, 
        "date": "2014-12-31", 
        "operating_revenue": 152600, 
        "short_term_average": 157540
    }, 
    {
        "accumulated_operating_revenue_yoy": 38.84327860098785, 
        "accumulated_operating_revenue": 124809, 
        "long_term_average": 155100, 
        "date": "2015-01-31", 
        "operating_revenue": 124809, 
        "short_term_average": 144636
    }, 
    {
        "accumulated_operating_revenue_yoy": 19.32926761285719, 
        "accumulated_operating_revenue": 214060, 
        "long_term_average": 155080, 
        "date": "2015-02-28", 
        "operating_revenue": 89251, 
        "short_term_average": 122220
    }, 
    {
        "accumulated_operating_revenue_yoy": 11.015854484030628, 
        "accumulated_operating_revenue": 357531, 
        "long_term_average": 155147, 
        "date": "2015-03-31", 
        "operating_revenue": 143471, 
        "short_term_average": 119177
    }, 
    {
        "accumulated_operating_revenue_yoy": -4.185004512402148, 
        "accumulated_operating_revenue": 482005, 
        "long_term_average": 150436, 
        "date": "2015-04-30", 
        "operating_revenue": 124474, 
        "short_term_average": 119065
    }, 
    {
        "accumulated_operating_revenue_yoy": -13.49921064073794, 
        "accumulated_operating_revenue": 592847, 
        "long_term_average": 144481, 
        "date": "2015-05-31", 
        "operating_revenue": 110842, 
        "short_term_average": 126262
    }, 
    {
        "accumulated_operating_revenue_yoy": -17.06176776685766, 
        "accumulated_operating_revenue": 718824, 
        "long_term_average": 139868, 
        "date": "2015-06-30", 
        "operating_revenue": 125977, 
        "short_term_average": 120431
    }, 
    {
        "accumulated_operating_revenue_yoy": -18.007047684540357, 
        "accumulated_operating_revenue": 844165, 
        "long_term_average": 136741, 
        "date": "2015-07-31", 
        "operating_revenue": 125341, 
        "short_term_average": 120720
    }, 
    {
        "accumulated_operating_revenue_yoy": -19.10281095184761, 
        "accumulated_operating_revenue": 964250, 
        "long_term_average": 133216, 
        "date": "2015-08-31", 
        "operating_revenue": 120085, 
        "short_term_average": 123801
    }, 
    {
        "accumulated_operating_revenue_yoy": -20.0875543151453, 
        "accumulated_operating_revenue": 1081754, 
        "long_term_average": 129531, 
        "date": "2015-09-30", 
        "operating_revenue": 117504, 
        "short_term_average": 120976
    }, 
    {
        "accumulated_operating_revenue_yoy": -19.561835862783532, 
        "accumulated_operating_revenue": 1220403, 
        "long_term_average": 127458, 
        "date": "2015-10-31", 
        "operating_revenue": 138649, 
        "short_term_average": 125412
    }
]