[
    {
        "date": "2012-01-31", 
        "operating_revenue": 303735, 
        "accumulated_operating_revenue": 303735, 
        "long_term_average": 303735, 
        "short_term_average": 303735
    }, 
    {
        "date": "2012-02-29", 
        "operating_revenue": 347200, 
        "accumulated_operating_revenue": 650935, 
        "long_term_average": 325467, 
        "short_term_average": 325467
    }, 
    {
        "date": "2012-03-31", 
        "operating_revenue": 393504, 
        "accumulated_operating_revenue": 1044439, 
        "long_term_average": 348146, 
        "short_term_average": 348146
    }, 
    {
        "date": "2012-04-30", 
        "operating_revenue": 404006, 
        "accumulated_operating_revenue": 1448445, 
        "long_term_average": 362111, 
        "short_term_average": 381570
    }, 
    {
        "date": "2012-05-31", 
        "operating_revenue": 591394, 
        "accumulated_operating_revenue": 2039839, 
        "long_term_average": 407967, 
        "short_term_average": 462968
    }, 
    {
        "date": "2012-06-30", 
        "operating_revenue": 494207, 
        "accumulated_operating_revenue": 2534046, 
        "long_term_average": 422341, 
        "short_term_average": 496535
    }, 
    {
        "date": "2012-07-31", 
        "operating_revenue": 482229, 
        "accumulated_operating_revenue": 3016275, 
        "long_term_average": 430896, 
        "short_term_average": 522610
    }, 
    {
        "date": "2012-08-31", 
        "operating_revenue": 513003, 
        "accumulated_operating_revenue": 3529278, 
        "long_term_average": 441159, 
        "short_term_average": 496479
    }, 
    {
        "date": "2012-09-30", 
        "operating_revenue": 515972, 
        "accumulated_operating_revenue": 4045250, 
        "long_term_average": 449472, 
        "short_term_average": 503734
    }, 
    {
        "date": "2012-10-31", 
        "operating_revenue": 450128, 
        "accumulated_operating_revenue": 4495378, 
        "long_term_average": 449537, 
        "short_term_average": 493034
    }, 
    {
        "date": "2012-11-30", 
        "operating_revenue": 540856, 
        "accumulated_operating_revenue": 5036234, 
        "long_term_average": 457839, 
        "short_term_average": 502318
    }, 
    {
        "date": "2012-12-31", 
        "operating_revenue": 408480, 
        "accumulated_operating_revenue": 5444714, 
        "long_term_average": 453726, 
        "short_term_average": 466488
    }, 
    {
        "accumulated_operating_revenue_yoy": 74.00134986089849, 
        "accumulated_operating_revenue": 528503, 
        "long_term_average": 472456, 
        "date": "2013-01-31", 
        "operating_revenue": 528503, 
        "short_term_average": 492613
    }, 
    {
        "accumulated_operating_revenue_yoy": 27.210858227011915, 
        "accumulated_operating_revenue": 828060, 
        "long_term_average": 468486, 
        "date": "2013-02-28", 
        "operating_revenue": 299557, 
        "short_term_average": 412180
    }, 
    {
        "accumulated_operating_revenue_yoy": 28.17158302208171, 
        "accumulated_operating_revenue": 1338674, 
        "long_term_average": 478245, 
        "date": "2013-03-31", 
        "operating_revenue": 510614, 
        "short_term_average": 446224
    }, 
    {
        "accumulated_operating_revenue_yoy": 29.87873201951058, 
        "accumulated_operating_revenue": 1881222, 
        "long_term_average": 489790, 
        "date": "2013-04-30", 
        "operating_revenue": 542548, 
        "short_term_average": 450906
    }, 
    {
        "accumulated_operating_revenue_yoy": 22.104440595556806, 
        "accumulated_operating_revenue": 2490734, 
        "long_term_average": 491300, 
        "date": "2013-05-31", 
        "operating_revenue": 609512, 
        "short_term_average": 554224
    }, 
    {
        "accumulated_operating_revenue_yoy": 19.27502499954618, 
        "accumulated_operating_revenue": 3022484, 
        "long_term_average": 494429, 
        "date": "2013-06-30", 
        "operating_revenue": 531750, 
        "short_term_average": 561270
    }, 
    {
        "accumulated_operating_revenue_yoy": 17.456962644321226, 
        "accumulated_operating_revenue": 3542825, 
        "long_term_average": 497605, 
        "date": "2013-07-31", 
        "operating_revenue": 520341, 
        "short_term_average": 553867
    }, 
    {
        "accumulated_operating_revenue_yoy": 10.711482631858415, 
        "accumulated_operating_revenue": 3907316, 
        "long_term_average": 485229, 
        "date": "2013-08-31", 
        "operating_revenue": 364491, 
        "short_term_average": 472194
    }, 
    {
        "accumulated_operating_revenue_yoy": 7.840578456214079, 
        "accumulated_operating_revenue": 4362421, 
        "long_term_average": 480157, 
        "date": "2013-09-30", 
        "operating_revenue": 455105, 
        "short_term_average": 446645
    }, 
    {
        "accumulated_operating_revenue_yoy": 5.342576308377183, 
        "accumulated_operating_revenue": 4735547, 
        "long_term_average": 473740, 
        "date": "2013-10-31", 
        "operating_revenue": 373126, 
        "short_term_average": 397574
    }, 
    {
        "accumulated_operating_revenue_yoy": 3.447000278382617, 
        "accumulated_operating_revenue": 5209833, 
        "long_term_average": 468192, 
        "date": "2013-11-30", 
        "operating_revenue": 474286, 
        "short_term_average": 434172
    }, 
    {
        "accumulated_operating_revenue_yoy": 3.9315196353747877, 
        "accumulated_operating_revenue": 5658774, 
        "long_term_average": 471564, 
        "date": "2013-12-31", 
        "operating_revenue": 448941, 
        "short_term_average": 432117
    }, 
    {
        "accumulated_operating_revenue_yoy": 35.41417929510334, 
        "accumulated_operating_revenue": 715668, 
        "long_term_average": 487161, 
        "date": "2014-01-31", 
        "operating_revenue": 715668, 
        "short_term_average": 546298
    }, 
    {
        "accumulated_operating_revenue_yoy": 26.552302973214502, 
        "accumulated_operating_revenue": 1047929, 
        "long_term_average": 489886, 
        "date": "2014-02-28", 
        "operating_revenue": 332261, 
        "short_term_average": 498956
    }, 
    {
        "accumulated_operating_revenue_yoy": 5.9440162429389085, 
        "accumulated_operating_revenue": 1418245, 
        "long_term_average": 478195, 
        "date": "2014-03-31", 
        "operating_revenue": 370316, 
        "short_term_average": 472748
    }, 
    {
        "accumulated_operating_revenue_yoy": -2.8034437190294392, 
        "accumulated_operating_revenue": 1828483, 
        "long_term_average": 467169, 
        "date": "2014-04-30", 
        "operating_revenue": 410238, 
        "short_term_average": 370938
    }, 
    {
        "accumulated_operating_revenue_yoy": -10.445314513713628, 
        "accumulated_operating_revenue": 2230569, 
        "long_term_average": 449884, 
        "date": "2014-05-31", 
        "operating_revenue": 402086, 
        "short_term_average": 394213
    }, 
    {
        "accumulated_operating_revenue_yoy": -15.394986375444834, 
        "accumulated_operating_revenue": 2557173, 
        "long_term_average": 432788, 
        "date": "2014-06-30", 
        "operating_revenue": 326604, 
        "short_term_average": 379642
    }, 
    {
        "accumulated_operating_revenue_yoy": -17.390190031966014, 
        "accumulated_operating_revenue": 2926721, 
        "long_term_average": 420222, 
        "date": "2014-07-31", 
        "operating_revenue": 369548, 
        "short_term_average": 366079
    }, 
    {
        "accumulated_operating_revenue_yoy": -16.10460991637226, 
        "accumulated_operating_revenue": 3278058, 
        "long_term_average": 419126, 
        "date": "2014-08-31", 
        "operating_revenue": 351337, 
        "short_term_average": 349163
    }, 
    {
        "accumulated_operating_revenue_yoy": -13.858176457522095, 
        "accumulated_operating_revenue": 3757869, 
        "long_term_average": 421185, 
        "date": "2014-09-30", 
        "operating_revenue": 479811, 
        "short_term_average": 400232
    }, 
    {
        "accumulated_operating_revenue_yoy": -10.810915824507706, 
        "accumulated_operating_revenue": 4223591, 
        "long_term_average": 428901, 
        "date": "2014-10-31", 
        "operating_revenue": 465722, 
        "short_term_average": 432290
    }, 
    {
        "accumulated_operating_revenue_yoy": -10.224915078851856, 
        "accumulated_operating_revenue": 4677132, 
        "long_term_average": 427172, 
        "date": "2014-11-30", 
        "operating_revenue": 453541, 
        "short_term_average": 466358
    }, 
    {
        "accumulated_operating_revenue_yoy": -8.862449710838426, 
        "accumulated_operating_revenue": 5157268, 
        "long_term_average": 429772, 
        "date": "2014-12-31", 
        "operating_revenue": 480136, 
        "short_term_average": 466466
    }, 
    {
        "accumulated_operating_revenue_yoy": -43.99246578022211, 
        "accumulated_operating_revenue": 400828, 
        "long_term_average": 403535, 
        "date": "2015-01-31", 
        "operating_revenue": 400828, 
        "short_term_average": 444835
    }, 
    {
        "accumulated_operating_revenue_yoy": -14.236174397311268, 
        "accumulated_operating_revenue": 898744, 
        "long_term_average": 417340, 
        "date": "2015-02-28", 
        "operating_revenue": 497916, 
        "short_term_average": 459626
    }, 
    {
        "accumulated_operating_revenue_yoy": -12.391018477061438, 
        "accumulated_operating_revenue": 1242510, 
        "long_term_average": 415127, 
        "date": "2015-03-31", 
        "operating_revenue": 343766, 
        "short_term_average": 414170
    }, 
    {
        "accumulated_operating_revenue_yoy": -10.18259398638106, 
        "accumulated_operating_revenue": 1642296, 
        "long_term_average": 414256, 
        "date": "2015-04-30", 
        "operating_revenue": 399786, 
        "short_term_average": 413822
    }, 
    {
        "accumulated_operating_revenue_yoy": -8.767224865045645, 
        "accumulated_operating_revenue": 2035010, 
        "long_term_average": 413475, 
        "date": "2015-05-31", 
        "operating_revenue": 392714, 
        "short_term_average": 378755
    }, 
    {
        "accumulated_operating_revenue_yoy": -6.342277194386145, 
        "accumulated_operating_revenue": 2394990, 
        "long_term_average": 416257, 
        "date": "2015-06-30", 
        "operating_revenue": 359980, 
        "short_term_average": 384160
    }, 
    {
        "accumulated_operating_revenue_yoy": -6.313652719203504, 
        "accumulated_operating_revenue": 2741938, 
        "long_term_average": 414373, 
        "date": "2015-07-31", 
        "operating_revenue": 346948, 
        "short_term_average": 366547
    }, 
    {
        "accumulated_operating_revenue_yoy": -6.146169469850747, 
        "accumulated_operating_revenue": 3076583, 
        "long_term_average": 412982, 
        "date": "2015-08-31", 
        "operating_revenue": 334645, 
        "short_term_average": 347191
    }, 
    {
        "accumulated_operating_revenue_yoy": -11.126039784782279, 
        "accumulated_operating_revenue": 3339767, 
        "long_term_average": 394930, 
        "date": "2015-09-30", 
        "operating_revenue": 263184, 
        "short_term_average": 314925
    }
]