[
    {
        "date": "2011-09-30", 
        "operating_revenue": 94637, 
        "accumulated_operating_revenue": 94637, 
        "long_term_average": 94637, 
        "short_term_average": 94637
    }, 
    {
        "date": "2011-10-31", 
        "operating_revenue": 181872, 
        "accumulated_operating_revenue": 276509, 
        "long_term_average": 138254, 
        "short_term_average": 138254
    }, 
    {
        "date": "2011-11-30", 
        "operating_revenue": 147271, 
        "accumulated_operating_revenue": 423780, 
        "long_term_average": 141260, 
        "short_term_average": 141260
    }, 
    {
        "date": "2011-12-31", 
        "operating_revenue": 80811, 
        "accumulated_operating_revenue": 504591, 
        "long_term_average": 126147, 
        "short_term_average": 136651
    }, 
    {
        "date": "2012-01-31", 
        "operating_revenue": 86421, 
        "accumulated_operating_revenue": 86421, 
        "long_term_average": 118202, 
        "short_term_average": 104834
    }, 
    {
        "date": "2012-02-29", 
        "operating_revenue": 71271, 
        "accumulated_operating_revenue": 157692, 
        "long_term_average": 110380, 
        "short_term_average": 79501
    }, 
    {
        "date": "2012-03-31", 
        "operating_revenue": 102614, 
        "accumulated_operating_revenue": 260306, 
        "long_term_average": 109271, 
        "short_term_average": 86768
    }, 
    {
        "date": "2012-04-30", 
        "operating_revenue": 32637, 
        "accumulated_operating_revenue": 292943, 
        "long_term_average": 99691, 
        "short_term_average": 68840
    }, 
    {
        "date": "2012-05-31", 
        "operating_revenue": 46026, 
        "accumulated_operating_revenue": 338969, 
        "long_term_average": 93728, 
        "short_term_average": 60425
    }, 
    {
        "date": "2012-06-30", 
        "operating_revenue": 71476, 
        "accumulated_operating_revenue": 410445, 
        "long_term_average": 91503, 
        "short_term_average": 50046
    }, 
    {
        "date": "2012-07-31", 
        "operating_revenue": 31504, 
        "accumulated_operating_revenue": 441949, 
        "long_term_average": 86049, 
        "short_term_average": 49668
    }, 
    {
        "date": "2012-08-31", 
        "operating_revenue": 52061, 
        "accumulated_operating_revenue": 494010, 
        "long_term_average": 83216, 
        "short_term_average": 51680
    }, 
    {
        "accumulated_operating_revenue_yoy": 485.33343195578897, 
        "accumulated_operating_revenue": 553942, 
        "long_term_average": 80324, 
        "date": "2012-09-30", 
        "operating_revenue": 59932, 
        "short_term_average": 47832
    }, 
    {
        "accumulated_operating_revenue_yoy": 118.36034270132257, 
        "accumulated_operating_revenue": 603786, 
        "long_term_average": 69322, 
        "date": "2012-10-31", 
        "operating_revenue": 49844, 
        "short_term_average": 53945
    }, 
    {
        "accumulated_operating_revenue_yoy": 46.758931521072256, 
        "accumulated_operating_revenue": 621935, 
        "long_term_average": 58562, 
        "date": "2012-11-30", 
        "operating_revenue": 18149, 
        "short_term_average": 42641
    }, 
    {
        "accumulated_operating_revenue_yoy": 28.464439516360773, 
        "accumulated_operating_revenue": 648220, 
        "long_term_average": 54018, 
        "date": "2012-12-31", 
        "operating_revenue": 26285, 
        "short_term_average": 31426
    }, 
    {
        "accumulated_operating_revenue_yoy": -81.98123141366102, 
        "accumulated_operating_revenue": 15572, 
        "long_term_average": 48114, 
        "date": "2013-01-31", 
        "operating_revenue": 15572, 
        "short_term_average": 20002
    }, 
    {
        "accumulated_operating_revenue_yoy": -82.05298937168658, 
        "accumulated_operating_revenue": 28301, 
        "long_term_average": 43235, 
        "date": "2013-02-28", 
        "operating_revenue": 12729, 
        "short_term_average": 18195
    }, 
    {
        "accumulated_operating_revenue_yoy": -78.93402380275522, 
        "accumulated_operating_revenue": 54836, 
        "long_term_average": 36895, 
        "date": "2013-03-31", 
        "operating_revenue": 26535, 
        "short_term_average": 18278
    }, 
    {
        "accumulated_operating_revenue_yoy": -75.69493041308377, 
        "accumulated_operating_revenue": 71200, 
        "long_term_average": 35539, 
        "date": "2013-04-30", 
        "operating_revenue": 16364, 
        "short_term_average": 18542
    }, 
    {
        "accumulated_operating_revenue_yoy": -68.4593576403742, 
        "accumulated_operating_revenue": 106913, 
        "long_term_average": 34680, 
        "date": "2013-05-31", 
        "operating_revenue": 35713, 
        "short_term_average": 26204
    }, 
    {
        "accumulated_operating_revenue_yoy": -67.82102352324915, 
        "accumulated_operating_revenue": 132077, 
        "long_term_average": 30821, 
        "date": "2013-06-30", 
        "operating_revenue": 25164, 
        "short_term_average": 25747
    }, 
    {
        "accumulated_operating_revenue_yoy": -64.74118054345637, 
        "accumulated_operating_revenue": 155826, 
        "long_term_average": 30174, 
        "date": "2013-07-31", 
        "operating_revenue": 23749, 
        "short_term_average": 28208
    }, 
    {
        "accumulated_operating_revenue_yoy": -65.59624299103257, 
        "accumulated_operating_revenue": 169958, 
        "long_term_average": 27014, 
        "date": "2013-08-31", 
        "operating_revenue": 14132, 
        "short_term_average": 21015
    }, 
    {
        "accumulated_operating_revenue_yoy": -64.14119167710699, 
        "accumulated_operating_revenue": 198637, 
        "long_term_average": 24409, 
        "date": "2013-09-30", 
        "operating_revenue": 28679, 
        "short_term_average": 22186
    }, 
    {
        "accumulated_operating_revenue_yoy": -62.515692646069965, 
        "accumulated_operating_revenue": 226325, 
        "long_term_average": 22563, 
        "date": "2013-10-31", 
        "operating_revenue": 27688, 
        "short_term_average": 23499
    }, 
    {
        "accumulated_operating_revenue_yoy": -58.956000225103914, 
        "accumulated_operating_revenue": 255267, 
        "long_term_average": 23462, 
        "date": "2013-11-30", 
        "operating_revenue": 28942, 
        "short_term_average": 28436
    }, 
    {
        "accumulated_operating_revenue_yoy": -55.64468853167135, 
        "accumulated_operating_revenue": 287520, 
        "long_term_average": 23960, 
        "date": "2013-12-31", 
        "operating_revenue": 32253, 
        "short_term_average": 29627
    }, 
    {
        "accumulated_operating_revenue_yoy": 39.37837143591061, 
        "accumulated_operating_revenue": 21704, 
        "long_term_average": 24471, 
        "date": "2014-01-31", 
        "operating_revenue": 21704, 
        "short_term_average": 27633
    }, 
    {
        "accumulated_operating_revenue_yoy": 14.395251051199603, 
        "accumulated_operating_revenue": 32375, 
        "long_term_average": 24299, 
        "date": "2014-02-28", 
        "operating_revenue": 10671, 
        "short_term_average": 21542
    }, 
    {
        "accumulated_operating_revenue_yoy": -2.363410897950252, 
        "accumulated_operating_revenue": 53540, 
        "long_term_average": 23852, 
        "date": "2014-03-31", 
        "operating_revenue": 21165, 
        "short_term_average": 17846
    }, 
    {
        "accumulated_operating_revenue_yoy": -0.5084269662921349, 
        "accumulated_operating_revenue": 70838, 
        "long_term_average": 23929, 
        "date": "2014-04-30", 
        "operating_revenue": 17298, 
        "short_term_average": 16378
    }, 
    {
        "accumulated_operating_revenue_yoy": -22.54356345813886, 
        "accumulated_operating_revenue": 82811, 
        "long_term_average": 21951, 
        "date": "2014-05-31", 
        "operating_revenue": 11973, 
        "short_term_average": 16812
    }, 
    {
        "accumulated_operating_revenue_yoy": -20.855258674863904, 
        "accumulated_operating_revenue": 104532, 
        "long_term_average": 21664, 
        "date": "2014-06-30", 
        "operating_revenue": 21721, 
        "short_term_average": 16997
    }, 
    {
        "accumulated_operating_revenue_yoy": -24.73399817745434, 
        "accumulated_operating_revenue": 117284, 
        "long_term_average": 20748, 
        "date": "2014-07-31", 
        "operating_revenue": 12752, 
        "short_term_average": 15482
    }, 
    {
        "accumulated_operating_revenue_yoy": -20.61509314065828, 
        "accumulated_operating_revenue": 134921, 
        "long_term_average": 21040, 
        "date": "2014-08-31", 
        "operating_revenue": 17637, 
        "short_term_average": 17370
    }, 
    {
        "accumulated_operating_revenue_yoy": -20.564648076642317, 
        "accumulated_operating_revenue": 157788, 
        "long_term_average": 20555, 
        "date": "2014-09-30", 
        "operating_revenue": 22867, 
        "short_term_average": 17752
    }, 
    {
        "accumulated_operating_revenue_yoy": -26.997901248205014, 
        "accumulated_operating_revenue": 165222, 
        "long_term_average": 18868, 
        "date": "2014-10-31", 
        "operating_revenue": 7434, 
        "short_term_average": 15979
    }, 
    {
        "accumulated_operating_revenue_yoy": -29.358279761974714, 
        "accumulated_operating_revenue": 180325, 
        "long_term_average": 17714, 
        "date": "2014-11-30", 
        "operating_revenue": 15103, 
        "short_term_average": 15134
    }, 
    {
        "accumulated_operating_revenue_yoy": -32.217584863661656, 
        "accumulated_operating_revenue": 194888, 
        "long_term_average": 16240, 
        "date": "2014-12-31", 
        "operating_revenue": 14563, 
        "short_term_average": 12366
    }, 
    {
        "accumulated_operating_revenue_yoy": -24.235164025064503, 
        "accumulated_operating_revenue": 16444, 
        "long_term_average": 15802, 
        "date": "2015-01-31", 
        "operating_revenue": 16444, 
        "short_term_average": 15370
    }, 
    {
        "accumulated_operating_revenue_yoy": -3.83011583011583, 
        "accumulated_operating_revenue": 31135, 
        "long_term_average": 16137, 
        "date": "2015-02-28", 
        "operating_revenue": 14691, 
        "short_term_average": 15232
    }, 
    {
        "accumulated_operating_revenue_yoy": 0.48188270451998505, 
        "accumulated_operating_revenue": 53798, 
        "long_term_average": 16262, 
        "date": "2015-03-31", 
        "operating_revenue": 22663, 
        "short_term_average": 17932
    }, 
    {
        "accumulated_operating_revenue_yoy": -1.900110110392727, 
        "accumulated_operating_revenue": 69492, 
        "long_term_average": 16128, 
        "date": "2015-04-30", 
        "operating_revenue": 15694, 
        "short_term_average": 17682
    }, 
    {
        "accumulated_operating_revenue_yoy": 11.906630761613796, 
        "accumulated_operating_revenue": 92671, 
        "long_term_average": 17062, 
        "date": "2015-05-31", 
        "operating_revenue": 23179, 
        "short_term_average": 20512
    }, 
    {
        "accumulated_operating_revenue_yoy": 10.197834156047909, 
        "accumulated_operating_revenue": 115192, 
        "long_term_average": 17129, 
        "date": "2015-06-30", 
        "operating_revenue": 22521, 
        "short_term_average": 20464
    }, 
    {
        "accumulated_operating_revenue_yoy": 15.728488114320793, 
        "accumulated_operating_revenue": 135731, 
        "long_term_average": 17777, 
        "date": "2015-07-31", 
        "operating_revenue": 20539, 
        "short_term_average": 22079
    }, 
    {
        "accumulated_operating_revenue_yoy": 10.646971190548543, 
        "accumulated_operating_revenue": 149286, 
        "long_term_average": 17437, 
        "date": "2015-08-31", 
        "operating_revenue": 13555, 
        "short_term_average": 18871
    }
]