[
    {
        "date": "2012-01-31", 
        "operating_revenue": 1218945, 
        "accumulated_operating_revenue": 1218945, 
        "long_term_average": 1218945, 
        "short_term_average": 1218945
    }, 
    {
        "date": "2012-02-29", 
        "operating_revenue": 1359698, 
        "accumulated_operating_revenue": 2578643, 
        "long_term_average": 1289321, 
        "short_term_average": 1289321
    }, 
    {
        "date": "2012-03-31", 
        "operating_revenue": 1349705, 
        "accumulated_operating_revenue": 3928348, 
        "long_term_average": 1309449, 
        "short_term_average": 1309449
    }, 
    {
        "date": "2012-04-30", 
        "operating_revenue": 1663193, 
        "accumulated_operating_revenue": 5591541, 
        "long_term_average": 1397885, 
        "short_term_average": 1457532
    }, 
    {
        "date": "2012-05-31", 
        "operating_revenue": 1616319, 
        "accumulated_operating_revenue": 7207860, 
        "long_term_average": 1441572, 
        "short_term_average": 1543072
    }, 
    {
        "date": "2012-06-30", 
        "operating_revenue": 1554354, 
        "accumulated_operating_revenue": 8762214, 
        "long_term_average": 1460369, 
        "short_term_average": 1611288
    }, 
    {
        "date": "2012-07-31", 
        "operating_revenue": 1621353, 
        "accumulated_operating_revenue": 10383567, 
        "long_term_average": 1483366, 
        "short_term_average": 1597342
    }, 
    {
        "date": "2012-08-31", 
        "operating_revenue": 1566398, 
        "accumulated_operating_revenue": 11949965, 
        "long_term_average": 1493745, 
        "short_term_average": 1580701
    }, 
    {
        "date": "2012-09-30", 
        "operating_revenue": 1669389, 
        "accumulated_operating_revenue": 13619354, 
        "long_term_average": 1513261, 
        "short_term_average": 1619046
    }, 
    {
        "date": "2012-10-31", 
        "operating_revenue": 1594024, 
        "accumulated_operating_revenue": 15213378, 
        "long_term_average": 1521337, 
        "short_term_average": 1609937
    }, 
    {
        "date": "2012-11-30", 
        "operating_revenue": 1496224, 
        "accumulated_operating_revenue": 16709602, 
        "long_term_average": 1519054, 
        "short_term_average": 1586545
    }, 
    {
        "date": "2012-12-31", 
        "operating_revenue": 1425969, 
        "accumulated_operating_revenue": 18135571, 
        "long_term_average": 1511297, 
        "short_term_average": 1505405
    }, 
    {
        "accumulated_operating_revenue_yoy": 28.46125132799265, 
        "accumulated_operating_revenue": 1565872, 
        "long_term_average": 1540208, 
        "date": "2013-01-31", 
        "operating_revenue": 1565872, 
        "short_term_average": 1496021
    }, 
    {
        "accumulated_operating_revenue_yoy": 16.503525303812896, 
        "accumulated_operating_revenue": 3004210, 
        "long_term_average": 1546761, 
        "date": "2013-02-28", 
        "operating_revenue": 1438338, 
        "short_term_average": 1476726
    }, 
    {
        "accumulated_operating_revenue_yoy": 16.199710412621286, 
        "accumulated_operating_revenue": 4564729, 
        "long_term_average": 1564329, 
        "date": "2013-03-31", 
        "operating_revenue": 1560519, 
        "short_term_average": 1521576
    }, 
    {
        "accumulated_operating_revenue_yoy": 6.785678581271245, 
        "accumulated_operating_revenue": 5970965, 
        "long_term_average": 1542916, 
        "date": "2013-04-30", 
        "operating_revenue": 1406236, 
        "short_term_average": 1468364
    }, 
    {
        "accumulated_operating_revenue_yoy": 1.2044906532590811, 
        "accumulated_operating_revenue": 7294678, 
        "long_term_average": 1518532, 
        "date": "2013-05-31", 
        "operating_revenue": 1323713, 
        "short_term_average": 1430156
    }, 
    {
        "accumulated_operating_revenue_yoy": -0.592304638987361, 
        "accumulated_operating_revenue": 8710315, 
        "long_term_average": 1506972, 
        "date": "2013-06-30", 
        "operating_revenue": 1415637, 
        "short_term_average": 1381862
    }, 
    {
        "accumulated_operating_revenue_yoy": -3.1393739742807067, 
        "accumulated_operating_revenue": 10057588, 
        "long_term_average": 1484132, 
        "date": "2013-07-31", 
        "operating_revenue": 1347273, 
        "short_term_average": 1362207
    }, 
    {
        "accumulated_operating_revenue_yoy": -4.1350246632521515, 
        "accumulated_operating_revenue": 11455831, 
        "long_term_average": 1470119, 
        "date": "2013-08-31", 
        "operating_revenue": 1398243, 
        "short_term_average": 1387051
    }, 
    {
        "accumulated_operating_revenue_yoy": -3.7533645134710505, 
        "accumulated_operating_revenue": 13108170, 
        "long_term_average": 1468698, 
        "date": "2013-09-30", 
        "operating_revenue": 1652339, 
        "short_term_average": 1465951
    }, 
    {
        "accumulated_operating_revenue_yoy": -3.9035709229074564, 
        "accumulated_operating_revenue": 14619513, 
        "long_term_average": 1461808, 
        "date": "2013-10-31", 
        "operating_revenue": 1511343, 
        "short_term_average": 1520641
    }, 
    {
        "accumulated_operating_revenue_yoy": -3.4843199736295336, 
        "accumulated_operating_revenue": 16127386, 
        "long_term_average": 1462779, 
        "date": "2013-11-30", 
        "operating_revenue": 1507873, 
        "short_term_average": 1557185
    }, 
    {
        "accumulated_operating_revenue_yoy": -0.815099783734408, 
        "accumulated_operating_revenue": 17987748, 
        "long_term_average": 1498979, 
        "date": "2013-12-31", 
        "operating_revenue": 1860362, 
        "short_term_average": 1626526
    }, 
    {
        "accumulated_operating_revenue_yoy": 12.854115789796355, 
        "accumulated_operating_revenue": 1767151, 
        "long_term_average": 1515752, 
        "date": "2014-01-31", 
        "operating_revenue": 1767151, 
        "short_term_average": 1711795
    }, 
    {
        "accumulated_operating_revenue_yoy": 9.89145232856558, 
        "accumulated_operating_revenue": 3301370, 
        "long_term_average": 1523742, 
        "date": "2014-02-28", 
        "operating_revenue": 1534219, 
        "short_term_average": 1720577
    }, 
    {
        "accumulated_operating_revenue_yoy": 9.946789831335003, 
        "accumulated_operating_revenue": 5018773, 
        "long_term_average": 1536816, 
        "date": "2014-03-31", 
        "operating_revenue": 1717403, 
        "short_term_average": 1672924
    }, 
    {
        "accumulated_operating_revenue_yoy": 12.44708351162668, 
        "accumulated_operating_revenue": 6714176, 
        "long_term_average": 1560913, 
        "date": "2014-04-30", 
        "operating_revenue": 1695403, 
        "short_term_average": 1649008
    }, 
    {
        "accumulated_operating_revenue_yoy": 14.80898814176582, 
        "accumulated_operating_revenue": 8374946, 
        "long_term_average": 1589001, 
        "date": "2014-05-31", 
        "operating_revenue": 1660770, 
        "short_term_average": 1691192
    }, 
    {
        "accumulated_operating_revenue_yoy": 15.358583472583941, 
        "accumulated_operating_revenue": 10048096, 
        "long_term_average": 1610460, 
        "date": "2014-06-30", 
        "operating_revenue": 1673150, 
        "short_term_average": 1676441
    }, 
    {
        "accumulated_operating_revenue_yoy": 14.384780923617074, 
        "accumulated_operating_revenue": 11504350, 
        "long_term_average": 1619542, 
        "date": "2014-07-31", 
        "operating_revenue": 1456254, 
        "short_term_average": 1596724
    }, 
    {
        "accumulated_operating_revenue_yoy": 11.424749544576907, 
        "accumulated_operating_revenue": 12764631, 
        "long_term_average": 1608045, 
        "date": "2014-08-31", 
        "operating_revenue": 1260281, 
        "short_term_average": 1463228
    }, 
    {
        "accumulated_operating_revenue_yoy": 7.234907694971914, 
        "accumulated_operating_revenue": 14056534, 
        "long_term_average": 1578009, 
        "date": "2014-09-30", 
        "operating_revenue": 1291903, 
        "short_term_average": 1336146
    }, 
    {
        "accumulated_operating_revenue_yoy": 6.331407892998898, 
        "accumulated_operating_revenue": 15545134, 
        "long_term_average": 1576114, 
        "date": "2014-10-31", 
        "operating_revenue": 1488600, 
        "short_term_average": 1346928
    }, 
    {
        "accumulated_operating_revenue_yoy": 8.486018750961872, 
        "accumulated_operating_revenue": 17495959, 
        "long_term_average": 1613026, 
        "date": "2014-11-30", 
        "operating_revenue": 1950825, 
        "short_term_average": 1577109
    }, 
    {
        "accumulated_operating_revenue_yoy": 5.731784768165531, 
        "accumulated_operating_revenue": 19018767, 
        "long_term_average": 1584897, 
        "date": "2014-12-31", 
        "operating_revenue": 1522808, 
        "short_term_average": 1654077
    }, 
    {
        "accumulated_operating_revenue_yoy": -5.4536369557553375, 
        "accumulated_operating_revenue": 1670777, 
        "long_term_average": 1576866, 
        "date": "2015-01-31", 
        "operating_revenue": 1670777, 
        "short_term_average": 1714803
    }, 
    {
        "accumulated_operating_revenue_yoy": -5.221468663009599, 
        "accumulated_operating_revenue": 3128990, 
        "long_term_average": 1570532, 
        "date": "2015-02-28", 
        "operating_revenue": 1458213, 
        "short_term_average": 1550599
    }, 
    {
        "accumulated_operating_revenue_yoy": -2.479948784294488, 
        "accumulated_operating_revenue": 4894310, 
        "long_term_average": 1574525, 
        "date": "2015-03-31", 
        "operating_revenue": 1765320, 
        "short_term_average": 1631436
    }, 
    {
        "accumulated_operating_revenue_yoy": -5.209455337482962, 
        "accumulated_operating_revenue": 6364404, 
        "long_term_average": 1555749, 
        "date": "2015-04-30", 
        "operating_revenue": 1470094, 
        "short_term_average": 1564542
    }, 
    {
        "accumulated_operating_revenue_yoy": -8.169700437471478, 
        "accumulated_operating_revenue": 7690738, 
        "long_term_average": 1527879, 
        "date": "2015-05-31", 
        "operating_revenue": 1326334, 
        "short_term_average": 1520582
    }, 
    {
        "accumulated_operating_revenue_yoy": -10.654038337213338, 
        "accumulated_operating_revenue": 8977568, 
        "long_term_average": 1495686, 
        "date": "2015-06-30", 
        "operating_revenue": 1286830, 
        "short_term_average": 1361086
    }, 
    {
        "accumulated_operating_revenue_yoy": -10.115556289577421, 
        "accumulated_operating_revenue": 10340621, 
        "long_term_average": 1487919, 
        "date": "2015-07-31", 
        "operating_revenue": 1363053, 
        "short_term_average": 1325405
    }, 
    {
        "accumulated_operating_revenue_yoy": -7.08140329320918, 
        "accumulated_operating_revenue": 11860716, 
        "long_term_average": 1509571, 
        "date": "2015-08-31", 
        "operating_revenue": 1520095, 
        "short_term_average": 1389992
    }, 
    {
        "accumulated_operating_revenue_yoy": -1.615184795910571, 
        "accumulated_operating_revenue": 13829495, 
        "long_term_average": 1565977, 
        "date": "2015-09-30", 
        "operating_revenue": 1968779, 
        "short_term_average": 1617309
    }
]