[
    {
        "date": "2012-01-31", 
        "operating_revenue": 35389, 
        "accumulated_operating_revenue": 35389, 
        "long_term_average": 35389, 
        "short_term_average": 35389
    }, 
    {
        "date": "2012-02-29", 
        "operating_revenue": 30946, 
        "accumulated_operating_revenue": 66335, 
        "long_term_average": 33167, 
        "short_term_average": 33167
    }, 
    {
        "date": "2012-03-31", 
        "operating_revenue": 57186, 
        "accumulated_operating_revenue": 123521, 
        "long_term_average": 41173, 
        "short_term_average": 41173
    }, 
    {
        "date": "2012-04-30", 
        "operating_revenue": 72501, 
        "accumulated_operating_revenue": 196022, 
        "long_term_average": 49005, 
        "short_term_average": 53544
    }, 
    {
        "date": "2012-05-31", 
        "operating_revenue": 27969, 
        "accumulated_operating_revenue": 223991, 
        "long_term_average": 44798, 
        "short_term_average": 52552
    }, 
    {
        "date": "2012-06-30", 
        "operating_revenue": 29928, 
        "accumulated_operating_revenue": 253919, 
        "long_term_average": 42319, 
        "short_term_average": 43466
    }, 
    {
        "date": "2012-07-31", 
        "operating_revenue": 45938, 
        "accumulated_operating_revenue": 299857, 
        "long_term_average": 42836, 
        "short_term_average": 34611
    }, 
    {
        "date": "2012-08-31", 
        "operating_revenue": 52483, 
        "accumulated_operating_revenue": 352340, 
        "long_term_average": 44042, 
        "short_term_average": 42783
    }, 
    {
        "date": "2012-09-30", 
        "operating_revenue": 96342, 
        "accumulated_operating_revenue": 448682, 
        "long_term_average": 49853, 
        "short_term_average": 64921
    }, 
    {
        "date": "2012-10-31", 
        "operating_revenue": 61438, 
        "accumulated_operating_revenue": 510120, 
        "long_term_average": 51012, 
        "short_term_average": 70087
    }, 
    {
        "date": "2012-11-30", 
        "operating_revenue": 45341, 
        "accumulated_operating_revenue": 555461, 
        "long_term_average": 50496, 
        "short_term_average": 67707
    }, 
    {
        "date": "2012-12-31", 
        "operating_revenue": 38797, 
        "accumulated_operating_revenue": 594258, 
        "long_term_average": 49521, 
        "short_term_average": 48525
    }, 
    {
        "accumulated_operating_revenue_yoy": 4.939387945406764, 
        "accumulated_operating_revenue": 37137, 
        "long_term_average": 49667, 
        "date": "2013-01-31", 
        "operating_revenue": 37137, 
        "short_term_average": 40425
    }, 
    {
        "accumulated_operating_revenue_yoy": -5.87171176603603, 
        "accumulated_operating_revenue": 62440, 
        "long_term_average": 49196, 
        "date": "2013-02-28", 
        "operating_revenue": 25303, 
        "short_term_average": 33745
    }, 
    {
        "accumulated_operating_revenue_yoy": -9.543316521077386, 
        "accumulated_operating_revenue": 111733, 
        "long_term_average": 48539, 
        "date": "2013-03-31", 
        "operating_revenue": 49293, 
        "short_term_average": 37244
    }, 
    {
        "accumulated_operating_revenue_yoy": -16.073195865770167, 
        "accumulated_operating_revenue": 164515, 
        "long_term_average": 46895, 
        "date": "2013-04-30", 
        "operating_revenue": 52782, 
        "short_term_average": 42459
    }, 
    {
        "accumulated_operating_revenue_yoy": -3.4787111982177854, 
        "accumulated_operating_revenue": 216199, 
        "long_term_average": 48872, 
        "date": "2013-05-31", 
        "operating_revenue": 51684, 
        "short_term_average": 51253
    }, 
    {
        "accumulated_operating_revenue_yoy": -10.226095723439364, 
        "accumulated_operating_revenue": 227953, 
        "long_term_average": 47357, 
        "date": "2013-06-30", 
        "operating_revenue": 11754, 
        "short_term_average": 38740
    }, 
    {
        "accumulated_operating_revenue_yoy": -11.349409885378698, 
        "accumulated_operating_revenue": 265825, 
        "long_term_average": 46685, 
        "date": "2013-07-31", 
        "operating_revenue": 37872, 
        "short_term_average": 33770
    }, 
    {
        "accumulated_operating_revenue_yoy": -11.966850201509907, 
        "accumulated_operating_revenue": 310176, 
        "long_term_average": 46007, 
        "date": "2013-08-31", 
        "operating_revenue": 44351, 
        "short_term_average": 31325
    }, 
    {
        "accumulated_operating_revenue_yoy": -20.770835469218735, 
        "accumulated_operating_revenue": 355487, 
        "long_term_average": 41755, 
        "date": "2013-09-30", 
        "operating_revenue": 45311, 
        "short_term_average": 42511
    }, 
    {
        "accumulated_operating_revenue_yoy": -22.31455343840665, 
        "accumulated_operating_revenue": 396289, 
        "long_term_average": 40035, 
        "date": "2013-10-31", 
        "operating_revenue": 40802, 
        "short_term_average": 43488
    }, 
    {
        "accumulated_operating_revenue_yoy": -23.17840496452496, 
        "accumulated_operating_revenue": 426714, 
        "long_term_average": 38792, 
        "date": "2013-11-30", 
        "operating_revenue": 30425, 
        "short_term_average": 38846
    }, 
    {
        "accumulated_operating_revenue_yoy": -24.149780061858653, 
        "accumulated_operating_revenue": 450746, 
        "long_term_average": 37562, 
        "date": "2013-12-31", 
        "operating_revenue": 24032, 
        "short_term_average": 31753
    }, 
    {
        "accumulated_operating_revenue_yoy": -37.26472251393489, 
        "accumulated_operating_revenue": 23298, 
        "long_term_average": 36408, 
        "date": "2014-01-31", 
        "operating_revenue": 23298, 
        "short_term_average": 25918
    }, 
    {
        "accumulated_operating_revenue_yoy": -25.200192184497116, 
        "accumulated_operating_revenue": 46705, 
        "long_term_average": 36250, 
        "date": "2014-02-28", 
        "operating_revenue": 23407, 
        "short_term_average": 23579
    }, 
    {
        "accumulated_operating_revenue_yoy": -30.409995256549095, 
        "accumulated_operating_revenue": 77755, 
        "long_term_average": 34730, 
        "date": "2014-03-31", 
        "operating_revenue": 31050, 
        "short_term_average": 25918
    }, 
    {
        "accumulated_operating_revenue_yoy": -18.23906634653375, 
        "accumulated_operating_revenue": 134509, 
        "long_term_average": 35061, 
        "date": "2014-04-30", 
        "operating_revenue": 56754, 
        "short_term_average": 37070
    }, 
    {
        "accumulated_operating_revenue_yoy": -10.563878648837413, 
        "accumulated_operating_revenue": 193360, 
        "long_term_average": 35658, 
        "date": "2014-05-31", 
        "operating_revenue": 58851, 
        "short_term_average": 48885
    }, 
    {
        "accumulated_operating_revenue_yoy": 7.54980193285458, 
        "accumulated_operating_revenue": 245163, 
        "long_term_average": 38996, 
        "date": "2014-06-30", 
        "operating_revenue": 51803, 
        "short_term_average": 55802
    }, 
    {
        "accumulated_operating_revenue_yoy": 7.288629737609329, 
        "accumulated_operating_revenue": 285200, 
        "long_term_average": 39176, 
        "date": "2014-07-31", 
        "operating_revenue": 40037, 
        "short_term_average": 50230
    }, 
    {
        "accumulated_operating_revenue_yoy": 3.5682967089652324, 
        "accumulated_operating_revenue": 321244, 
        "long_term_average": 38484, 
        "date": "2014-08-31", 
        "operating_revenue": 36044, 
        "short_term_average": 42628
    }, 
    {
        "accumulated_operating_revenue_yoy": 1.6594137057051312, 
        "accumulated_operating_revenue": 361386, 
        "long_term_average": 38053, 
        "date": "2014-09-30", 
        "operating_revenue": 40142, 
        "short_term_average": 38741
    }, 
    {
        "accumulated_operating_revenue_yoy": -2.6965169358725576, 
        "accumulated_operating_revenue": 385603, 
        "long_term_average": 36671, 
        "date": "2014-10-31", 
        "operating_revenue": 24217, 
        "short_term_average": 33467
    }, 
    {
        "accumulated_operating_revenue_yoy": -3.7559114535731193, 
        "accumulated_operating_revenue": 410687, 
        "long_term_average": 36226, 
        "date": "2014-11-30", 
        "operating_revenue": 25084, 
        "short_term_average": 29814
    }, 
    {
        "accumulated_operating_revenue_yoy": -4.0870024359617165, 
        "accumulated_operating_revenue": 432324, 
        "long_term_average": 36027, 
        "date": "2014-12-31", 
        "operating_revenue": 21637, 
        "short_term_average": 23646
    }, 
    {
        "accumulated_operating_revenue_yoy": -9.468623916215984, 
        "accumulated_operating_revenue": 21092, 
        "long_term_average": 35843, 
        "date": "2015-01-31", 
        "operating_revenue": 21092, 
        "short_term_average": 22604
    }, 
    {
        "accumulated_operating_revenue_yoy": -29.53645219997859, 
        "accumulated_operating_revenue": 32910, 
        "long_term_average": 34877, 
        "date": "2015-02-28", 
        "operating_revenue": 11818, 
        "short_term_average": 18182
    }, 
    {
        "accumulated_operating_revenue_yoy": -36.15458812938075, 
        "accumulated_operating_revenue": 49643, 
        "long_term_average": 33684, 
        "date": "2015-03-31", 
        "operating_revenue": 16733, 
        "short_term_average": 16547
    }, 
    {
        "accumulated_operating_revenue_yoy": -44.475090886111715, 
        "accumulated_operating_revenue": 74686, 
        "long_term_average": 31041, 
        "date": "2015-04-30", 
        "operating_revenue": 25043, 
        "short_term_average": 17864
    }, 
    {
        "accumulated_operating_revenue_yoy": -49.76106743897393, 
        "accumulated_operating_revenue": 97142, 
        "long_term_average": 28008, 
        "date": "2015-05-31", 
        "operating_revenue": 22456, 
        "short_term_average": 21410
    }, 
    {
        "accumulated_operating_revenue_yoy": -54.280213572194825, 
        "accumulated_operating_revenue": 112088, 
        "long_term_average": 24937, 
        "date": "2015-06-30", 
        "operating_revenue": 14946, 
        "short_term_average": 20815
    }, 
    {
        "accumulated_operating_revenue_yoy": -56.25876577840112, 
        "accumulated_operating_revenue": 124750, 
        "long_term_average": 22656, 
        "date": "2015-07-31", 
        "operating_revenue": 12662, 
        "short_term_average": 16688
    }, 
    {
        "accumulated_operating_revenue_yoy": -55.69255768201118, 
        "accumulated_operating_revenue": 142335, 
        "long_term_average": 21117, 
        "date": "2015-08-31", 
        "operating_revenue": 17585, 
        "short_term_average": 15064
    }
]