[
    {
        "date": "2012-01-31", 
        "operating_revenue": 115047, 
        "accumulated_operating_revenue": 115047, 
        "long_term_average": 115047, 
        "short_term_average": 115047
    }, 
    {
        "date": "2012-02-29", 
        "operating_revenue": 116101, 
        "accumulated_operating_revenue": 231148, 
        "long_term_average": 115574, 
        "short_term_average": 115574
    }, 
    {
        "date": "2012-03-31", 
        "operating_revenue": 166386, 
        "accumulated_operating_revenue": 397534, 
        "long_term_average": 132511, 
        "short_term_average": 132511
    }, 
    {
        "date": "2012-04-30", 
        "operating_revenue": 104946, 
        "accumulated_operating_revenue": 502480, 
        "long_term_average": 125620, 
        "short_term_average": 129144
    }, 
    {
        "date": "2012-05-31", 
        "operating_revenue": 110282, 
        "accumulated_operating_revenue": 612762, 
        "long_term_average": 122552, 
        "short_term_average": 127204
    }, 
    {
        "date": "2012-06-30", 
        "operating_revenue": 101495, 
        "accumulated_operating_revenue": 714257, 
        "long_term_average": 119042, 
        "short_term_average": 105574
    }, 
    {
        "date": "2012-07-31", 
        "operating_revenue": 145471, 
        "accumulated_operating_revenue": 859728, 
        "long_term_average": 122818, 
        "short_term_average": 119082
    }, 
    {
        "date": "2012-08-31", 
        "operating_revenue": 127425, 
        "accumulated_operating_revenue": 987153, 
        "long_term_average": 123394, 
        "short_term_average": 124797
    }, 
    {
        "date": "2012-09-30", 
        "operating_revenue": 111053, 
        "accumulated_operating_revenue": 1098206, 
        "long_term_average": 122022, 
        "short_term_average": 127983
    }, 
    {
        "date": "2012-10-31", 
        "operating_revenue": 89331, 
        "accumulated_operating_revenue": 1187537, 
        "long_term_average": 118753, 
        "short_term_average": 109269
    }, 
    {
        "date": "2012-11-30", 
        "operating_revenue": 94723, 
        "accumulated_operating_revenue": 1282260, 
        "long_term_average": 116569, 
        "short_term_average": 98369
    }, 
    {
        "date": "2012-12-31", 
        "operating_revenue": 72454, 
        "accumulated_operating_revenue": 1354714, 
        "long_term_average": 112892, 
        "short_term_average": 85502
    }, 
    {
        "accumulated_operating_revenue_yoy": -49.822246560101526, 
        "accumulated_operating_revenue": 57728, 
        "long_term_average": 108116, 
        "date": "2013-01-31", 
        "operating_revenue": 57728, 
        "short_term_average": 74968
    }, 
    {
        "accumulated_operating_revenue_yoy": -57.19495734334712, 
        "accumulated_operating_revenue": 98943, 
        "long_term_average": 101875, 
        "date": "2013-02-28", 
        "operating_revenue": 41215, 
        "short_term_average": 57132
    }, 
    {
        "accumulated_operating_revenue_yoy": -57.423767526802735, 
        "accumulated_operating_revenue": 169255, 
        "long_term_average": 93869, 
        "date": "2013-03-31", 
        "operating_revenue": 70312, 
        "short_term_average": 56418
    }, 
    {
        "accumulated_operating_revenue_yoy": -49.436793504219075, 
        "accumulated_operating_revenue": 254070, 
        "long_term_average": 92192, 
        "date": "2013-04-30", 
        "operating_revenue": 84815, 
        "short_term_average": 65447
    }, 
    {
        "accumulated_operating_revenue_yoy": -46.19134345798205, 
        "accumulated_operating_revenue": 329719, 
        "long_term_average": 89305, 
        "date": "2013-05-31", 
        "operating_revenue": 75649, 
        "short_term_average": 76925
    }, 
    {
        "accumulated_operating_revenue_yoy": -43.53755020951842, 
        "accumulated_operating_revenue": 403287, 
        "long_term_average": 86978, 
        "date": "2013-06-30", 
        "operating_revenue": 73568, 
        "short_term_average": 78010
    }, 
    {
        "accumulated_operating_revenue_yoy": -39.27649209982692, 
        "accumulated_operating_revenue": 522057, 
        "long_term_average": 84753, 
        "date": "2013-07-31", 
        "operating_revenue": 118770, 
        "short_term_average": 89329
    }, 
    {
        "accumulated_operating_revenue_yoy": -37.421453411983755, 
        "accumulated_operating_revenue": 617746, 
        "long_term_average": 82108, 
        "date": "2013-08-31", 
        "operating_revenue": 95689, 
        "short_term_average": 96009
    }, 
    {
        "accumulated_operating_revenue_yoy": -37.69593318557721, 
        "accumulated_operating_revenue": 684227, 
        "long_term_average": 78394, 
        "date": "2013-09-30", 
        "operating_revenue": 66481, 
        "short_term_average": 93646
    }, 
    {
        "accumulated_operating_revenue_yoy": -35.689751140385525, 
        "accumulated_operating_revenue": 763708, 
        "long_term_average": 77573, 
        "date": "2013-10-31", 
        "operating_revenue": 79481, 
        "short_term_average": 80550
    }, 
    {
        "accumulated_operating_revenue_yoy": -33.91847207274656, 
        "accumulated_operating_revenue": 847337, 
        "long_term_average": 76649, 
        "date": "2013-11-30", 
        "operating_revenue": 83629, 
        "short_term_average": 76530
    }, 
    {
        "accumulated_operating_revenue_yoy": -32.6837251257461, 
        "accumulated_operating_revenue": 911943, 
        "long_term_average": 75995, 
        "date": "2013-12-31", 
        "operating_revenue": 64606, 
        "short_term_average": 75905
    }, 
    {
        "accumulated_operating_revenue_yoy": 3.9686114190687363, 
        "accumulated_operating_revenue": 60019, 
        "long_term_average": 76186, 
        "date": "2014-01-31", 
        "operating_revenue": 60019, 
        "short_term_average": 69418
    }, 
    {
        "accumulated_operating_revenue_yoy": 20.354143294624176, 
        "accumulated_operating_revenue": 119082, 
        "long_term_average": 77673, 
        "date": "2014-02-28", 
        "operating_revenue": 59063, 
        "short_term_average": 61229
    }, 
    {
        "accumulated_operating_revenue_yoy": 10.939706360225696, 
        "accumulated_operating_revenue": 187771, 
        "long_term_average": 77538, 
        "date": "2014-03-31", 
        "operating_revenue": 68689, 
        "short_term_average": 62590
    }, 
    {
        "accumulated_operating_revenue_yoy": 8.207186995709844, 
        "accumulated_operating_revenue": 274922, 
        "long_term_average": 77732, 
        "date": "2014-04-30", 
        "operating_revenue": 87151, 
        "short_term_average": 71634
    }, 
    {
        "accumulated_operating_revenue_yoy": 7.740227284445239, 
        "accumulated_operating_revenue": 355240, 
        "long_term_average": 78122, 
        "date": "2014-05-31", 
        "operating_revenue": 80318, 
        "short_term_average": 78719
    }, 
    {
        "accumulated_operating_revenue_yoy": 3.4280797546164394, 
        "accumulated_operating_revenue": 417112, 
        "long_term_average": 77147, 
        "date": "2014-06-30", 
        "operating_revenue": 61872, 
        "short_term_average": 76447
    }, 
    {
        "accumulated_operating_revenue_yoy": -7.428882286800101, 
        "accumulated_operating_revenue": 483274, 
        "long_term_average": 72763, 
        "date": "2014-07-31", 
        "operating_revenue": 66162, 
        "short_term_average": 69450
    }, 
    {
        "accumulated_operating_revenue_yoy": -10.832121940085408, 
        "accumulated_operating_revenue": 550831, 
        "long_term_average": 70419, 
        "date": "2014-08-31", 
        "operating_revenue": 67557, 
        "short_term_average": 65197
    }, 
    {
        "accumulated_operating_revenue_yoy": -8.101989544405583, 
        "accumulated_operating_revenue": 628791, 
        "long_term_average": 71375, 
        "date": "2014-09-30", 
        "operating_revenue": 77960, 
        "short_term_average": 70559
    }, 
    {
        "accumulated_operating_revenue_yoy": -7.414221142111907, 
        "accumulated_operating_revenue": 707085, 
        "long_term_average": 71276, 
        "date": "2014-10-31", 
        "operating_revenue": 78294, 
        "short_term_average": 74603
    }, 
    {
        "accumulated_operating_revenue_yoy": -9.670886553992094, 
        "accumulated_operating_revenue": 765392, 
        "long_term_average": 69166, 
        "date": "2014-11-30", 
        "operating_revenue": 58307, 
        "short_term_average": 71520
    }, 
    {
        "accumulated_operating_revenue_yoy": -6.677062053220431, 
        "accumulated_operating_revenue": 851052, 
        "long_term_average": 70921, 
        "date": "2014-12-31", 
        "operating_revenue": 85660, 
        "short_term_average": 74087
    }, 
    {
        "accumulated_operating_revenue_yoy": -6.867825188690248, 
        "accumulated_operating_revenue": 55897, 
        "long_term_average": 70577, 
        "date": "2015-01-31", 
        "operating_revenue": 55897, 
        "short_term_average": 66621
    }, 
    {
        "accumulated_operating_revenue_yoy": -13.326951176500227, 
        "accumulated_operating_revenue": 103212, 
        "long_term_average": 69598, 
        "date": "2015-02-28", 
        "operating_revenue": 47315, 
        "short_term_average": 62957
    }, 
    {
        "accumulated_operating_revenue_yoy": -10.44463735081562, 
        "accumulated_operating_revenue": 168159, 
        "long_term_average": 69286, 
        "date": "2015-03-31", 
        "operating_revenue": 64947, 
        "short_term_average": 56053
    }, 
    {
        "accumulated_operating_revenue_yoy": -18.448141654723884, 
        "accumulated_operating_revenue": 224204, 
        "long_term_average": 66694, 
        "date": "2015-04-30", 
        "operating_revenue": 56045, 
        "short_term_average": 56102
    }, 
    {
        "accumulated_operating_revenue_yoy": -20.44505123296926, 
        "accumulated_operating_revenue": 282611, 
        "long_term_average": 64868, 
        "date": "2015-05-31", 
        "operating_revenue": 58407, 
        "short_term_average": 59799
    }, 
    {
        "accumulated_operating_revenue_yoy": -16.016321755307928, 
        "accumulated_operating_revenue": 350306, 
        "long_term_average": 65353, 
        "date": "2015-06-30", 
        "operating_revenue": 67695, 
        "short_term_average": 60715
    }, 
    {
        "accumulated_operating_revenue_yoy": -14.874584604178995, 
        "accumulated_operating_revenue": 411389, 
        "long_term_average": 64930, 
        "date": "2015-07-31", 
        "operating_revenue": 61083, 
        "short_term_average": 62395
    }, 
    {
        "accumulated_operating_revenue_yoy": -15.211380623094925, 
        "accumulated_operating_revenue": 467042, 
        "long_term_average": 63938, 
        "date": "2015-08-31", 
        "operating_revenue": 55653, 
        "short_term_average": 61477
    }, 
    {
        "accumulated_operating_revenue_yoy": -15.485908672356953, 
        "accumulated_operating_revenue": 531417, 
        "long_term_average": 62806, 
        "date": "2015-09-30", 
        "operating_revenue": 64375, 
        "short_term_average": 60370
    }
]