[
    {
        "date": "2011-09-30", 
        "operating_revenue": 849486, 
        "accumulated_operating_revenue": 849486, 
        "long_term_average": 849486, 
        "short_term_average": 849486
    }, 
    {
        "date": "2011-10-31", 
        "operating_revenue": 801755, 
        "accumulated_operating_revenue": 1651241, 
        "long_term_average": 825620, 
        "short_term_average": 825620
    }, 
    {
        "date": "2011-11-30", 
        "operating_revenue": 710352, 
        "accumulated_operating_revenue": 2361593, 
        "long_term_average": 787197, 
        "short_term_average": 787197
    }, 
    {
        "date": "2011-12-31", 
        "operating_revenue": 656707, 
        "accumulated_operating_revenue": 3018300, 
        "long_term_average": 754575, 
        "short_term_average": 722938
    }, 
    {
        "date": "2012-01-31", 
        "operating_revenue": 632611, 
        "accumulated_operating_revenue": 632611, 
        "long_term_average": 730182, 
        "short_term_average": 666556
    }, 
    {
        "date": "2012-02-29", 
        "operating_revenue": 532903, 
        "accumulated_operating_revenue": 1165514, 
        "long_term_average": 697302, 
        "short_term_average": 607407
    }, 
    {
        "date": "2012-03-31", 
        "operating_revenue": 659690, 
        "accumulated_operating_revenue": 1825204, 
        "long_term_average": 691929, 
        "short_term_average": 608401
    }, 
    {
        "date": "2012-04-30", 
        "operating_revenue": 698415, 
        "accumulated_operating_revenue": 2523619, 
        "long_term_average": 692739, 
        "short_term_average": 630336
    }, 
    {
        "date": "2012-05-31", 
        "operating_revenue": 782689, 
        "accumulated_operating_revenue": 3306308, 
        "long_term_average": 702734, 
        "short_term_average": 713598
    }, 
    {
        "date": "2012-06-30", 
        "operating_revenue": 747804, 
        "accumulated_operating_revenue": 4054112, 
        "long_term_average": 707241, 
        "short_term_average": 742969
    }, 
    {
        "date": "2012-07-31", 
        "operating_revenue": 674855, 
        "accumulated_operating_revenue": 4728967, 
        "long_term_average": 704297, 
        "short_term_average": 735116
    }, 
    {
        "date": "2012-08-31", 
        "operating_revenue": 731194, 
        "accumulated_operating_revenue": 5460161, 
        "long_term_average": 706538, 
        "short_term_average": 717951
    }, 
    {
        "accumulated_operating_revenue_yoy": 636.141855192434, 
        "accumulated_operating_revenue": 6253422, 
        "long_term_average": 701853, 
        "date": "2012-09-30", 
        "operating_revenue": 793261, 
        "short_term_average": 733103
    }, 
    {
        "accumulated_operating_revenue_yoy": 320.461216745466, 
        "accumulated_operating_revenue": 6942828, 
        "long_term_average": 692490, 
        "date": "2012-10-31", 
        "operating_revenue": 689406, 
        "short_term_average": 737953
    }, 
    {
        "accumulated_operating_revenue_yoy": 223.83361569923355, 
        "accumulated_operating_revenue": 7647632, 
        "long_term_average": 692028, 
        "date": "2012-11-30", 
        "operating_revenue": 704804, 
        "short_term_average": 729157
    }, 
    {
        "accumulated_operating_revenue_yoy": 173.21608190040752, 
        "accumulated_operating_revenue": 8246481, 
        "long_term_average": 687206, 
        "date": "2012-12-31", 
        "operating_revenue": 598849, 
        "short_term_average": 664353
    }, 
    {
        "accumulated_operating_revenue_yoy": 11.352474111262687, 
        "accumulated_operating_revenue": 704428, 
        "long_term_average": 693191, 
        "date": "2013-01-31", 
        "operating_revenue": 704428, 
        "short_term_average": 669360
    }, 
    {
        "accumulated_operating_revenue_yoy": 1.5548504779865364, 
        "accumulated_operating_revenue": 1183636, 
        "long_term_average": 688716, 
        "date": "2013-02-28", 
        "operating_revenue": 479208, 
        "short_term_average": 594161
    }, 
    {
        "accumulated_operating_revenue_yoy": 4.002292346499351, 
        "accumulated_operating_revenue": 1898254, 
        "long_term_average": 693294, 
        "date": "2013-03-31", 
        "operating_revenue": 714618, 
        "short_term_average": 632751
    }, 
    {
        "accumulated_operating_revenue_yoy": 4.662946348081862, 
        "accumulated_operating_revenue": 2641294, 
        "long_term_average": 697013, 
        "date": "2013-04-30", 
        "operating_revenue": 743040, 
        "short_term_average": 645622
    }, 
    {
        "accumulated_operating_revenue_yoy": 4.81618772358776, 
        "accumulated_operating_revenue": 3465546, 
        "long_term_average": 700476, 
        "date": "2013-05-31", 
        "operating_revenue": 824252, 
        "short_term_average": 760636
    }, 
    {
        "accumulated_operating_revenue_yoy": 3.8725619815140777, 
        "accumulated_operating_revenue": 4211110, 
        "long_term_average": 700289, 
        "date": "2013-06-30", 
        "operating_revenue": 745564, 
        "short_term_average": 770952
    }, 
    {
        "accumulated_operating_revenue_yoy": 3.5909956656496016, 
        "accumulated_operating_revenue": 4898784, 
        "long_term_average": 701358, 
        "date": "2013-07-31", 
        "operating_revenue": 687674, 
        "short_term_average": 752496
    }, 
    {
        "accumulated_operating_revenue_yoy": 2.987622526148954, 
        "accumulated_operating_revenue": 5623290, 
        "long_term_average": 700800, 
        "date": "2013-08-31", 
        "operating_revenue": 724506, 
        "short_term_average": 719248
    }, 
    {
        "accumulated_operating_revenue_yoy": 4.0086211997207295, 
        "accumulated_operating_revenue": 6504098, 
        "long_term_average": 708096, 
        "date": "2013-09-30", 
        "operating_revenue": 880808, 
        "short_term_average": 764329
    }, 
    {
        "accumulated_operating_revenue_yoy": 4.672778873392803, 
        "accumulated_operating_revenue": 7267251, 
        "long_term_average": 714242, 
        "date": "2013-10-31", 
        "operating_revenue": 763153, 
        "short_term_average": 789489
    }, 
    {
        "accumulated_operating_revenue_yoy": 5.955399004554613, 
        "accumulated_operating_revenue": 8103079, 
        "long_term_average": 725160, 
        "date": "2013-11-30", 
        "operating_revenue": 835828, 
        "short_term_average": 826596
    }, 
    {
        "accumulated_operating_revenue_yoy": 6.312316732434113, 
        "accumulated_operating_revenue": 8767025, 
        "long_term_average": 730585, 
        "date": "2013-12-31", 
        "operating_revenue": 663946, 
        "short_term_average": 754309
    }, 
    {
        "accumulated_operating_revenue_yoy": 1.2561965168902998, 
        "accumulated_operating_revenue": 713277, 
        "long_term_average": 731322, 
        "date": "2014-01-31", 
        "operating_revenue": 713277, 
        "short_term_average": 737683
    }, 
    {
        "accumulated_operating_revenue_yoy": 2.0158224318962925, 
        "accumulated_operating_revenue": 1207496, 
        "long_term_average": 732573, 
        "date": "2014-02-28", 
        "operating_revenue": 494219, 
        "short_term_average": 623814
    }, 
    {
        "accumulated_operating_revenue_yoy": 0.40057863700010643, 
        "accumulated_operating_revenue": 1905858, 
        "long_term_average": 731219, 
        "date": "2014-03-31", 
        "operating_revenue": 698362, 
        "short_term_average": 635286
    }, 
    {
        "accumulated_operating_revenue_yoy": -5.221380126559179, 
        "accumulated_operating_revenue": 2503382, 
        "long_term_average": 719092, 
        "date": "2014-04-30", 
        "operating_revenue": 597524, 
        "short_term_average": 596701
    }, 
    {
        "accumulated_operating_revenue_yoy": -8.212962690438967, 
        "accumulated_operating_revenue": 3180922, 
        "long_term_average": 706866, 
        "date": "2014-05-31", 
        "operating_revenue": 677540, 
        "short_term_average": 657808
    }, 
    {
        "accumulated_operating_revenue_yoy": -11.701380396142584, 
        "accumulated_operating_revenue": 3718352, 
        "long_term_average": 689522, 
        "date": "2014-06-30", 
        "operating_revenue": 537430, 
        "short_term_average": 604164
    }, 
    {
        "accumulated_operating_revenue_yoy": -11.760081685577482, 
        "accumulated_operating_revenue": 4322683, 
        "long_term_average": 682577, 
        "date": "2014-07-31", 
        "operating_revenue": 604331, 
        "short_term_average": 606433
    }, 
    {
        "accumulated_operating_revenue_yoy": -11.721927910529246, 
        "accumulated_operating_revenue": 4964132, 
        "long_term_average": 675655, 
        "date": "2014-08-31", 
        "operating_revenue": 641449, 
        "short_term_average": 594403
    }, 
    {
        "accumulated_operating_revenue_yoy": -12.591738316366083, 
        "accumulated_operating_revenue": 5685119, 
        "long_term_average": 662337, 
        "date": "2014-09-30", 
        "operating_revenue": 720987, 
        "short_term_average": 655589
    }, 
    {
        "accumulated_operating_revenue_yoy": -12.772394953745234, 
        "accumulated_operating_revenue": 6339049, 
        "long_term_average": 653235, 
        "date": "2014-10-31", 
        "operating_revenue": 653930, 
        "short_term_average": 672122
    }, 
    {
        "accumulated_operating_revenue_yoy": -13.796224867115328, 
        "accumulated_operating_revenue": 6985160, 
        "long_term_average": 637425, 
        "date": "2014-11-30", 
        "operating_revenue": 646111, 
        "short_term_average": 673676
    }, 
    {
        "accumulated_operating_revenue_yoy": -13.319307290671578, 
        "accumulated_operating_revenue": 7599318, 
        "long_term_average": 633276, 
        "date": "2014-12-31", 
        "operating_revenue": 614158, 
        "short_term_average": 638066
    }, 
    {
        "accumulated_operating_revenue_yoy": -18.42285675831409, 
        "accumulated_operating_revenue": 581871, 
        "long_term_average": 622326, 
        "date": "2015-01-31", 
        "operating_revenue": 581871, 
        "short_term_average": 614046
    }, 
    {
        "accumulated_operating_revenue_yoy": -14.139425720664914, 
        "accumulated_operating_revenue": 1036763, 
        "long_term_average": 619048, 
        "date": "2015-02-28", 
        "operating_revenue": 454892, 
        "short_term_average": 550307
    }, 
    {
        "accumulated_operating_revenue_yoy": -19.45685355362257, 
        "accumulated_operating_revenue": 1535038, 
        "long_term_average": 602374, 
        "date": "2015-03-31", 
        "operating_revenue": 498275, 
        "short_term_average": 511679
    }, 
    {
        "accumulated_operating_revenue_yoy": -16.800312537199677, 
        "accumulated_operating_revenue": 2082806, 
        "long_term_average": 598228, 
        "date": "2015-04-30", 
        "operating_revenue": 547768, 
        "short_term_average": 500311
    }, 
    {
        "accumulated_operating_revenue_yoy": -19.703092373846324, 
        "accumulated_operating_revenue": 2554182, 
        "long_term_average": 581048, 
        "date": "2015-05-31", 
        "operating_revenue": 471376, 
        "short_term_average": 505806
    }, 
    {
        "accumulated_operating_revenue_yoy": -16.726092634586507, 
        "accumulated_operating_revenue": 3096417, 
        "long_term_average": 581448, 
        "date": "2015-06-30", 
        "operating_revenue": 542235, 
        "short_term_average": 520459
    }, 
    {
        "accumulated_operating_revenue_yoy": -19.697835811693803, 
        "accumulated_operating_revenue": 3471208, 
        "long_term_average": 562320, 
        "date": "2015-07-31", 
        "operating_revenue": 374791, 
        "short_term_average": 462800
    }, 
    {
        "accumulated_operating_revenue_yoy": -19.657152549529304, 
        "accumulated_operating_revenue": 3988325, 
        "long_term_average": 551959, 
        "date": "2015-08-31", 
        "operating_revenue": 517117, 
        "short_term_average": 478047
    }
]