[
    {
        "date": "2011-09-30", 
        "operating_revenue": 1336977, 
        "accumulated_operating_revenue": 1336977, 
        "long_term_average": 1336977, 
        "short_term_average": 1336977
    }, 
    {
        "date": "2011-10-31", 
        "operating_revenue": 1285494, 
        "accumulated_operating_revenue": 2622471, 
        "long_term_average": 1311235, 
        "short_term_average": 1311235
    }, 
    {
        "date": "2011-11-30", 
        "operating_revenue": 1171469, 
        "accumulated_operating_revenue": 3793940, 
        "long_term_average": 1264646, 
        "short_term_average": 1264646
    }, 
    {
        "date": "2011-12-31", 
        "operating_revenue": 916443, 
        "accumulated_operating_revenue": 4710383, 
        "long_term_average": 1177595, 
        "short_term_average": 1124468
    }, 
    {
        "date": "2012-01-31", 
        "operating_revenue": 852563, 
        "accumulated_operating_revenue": 852563, 
        "long_term_average": 1112589, 
        "short_term_average": 980158
    }, 
    {
        "date": "2012-02-29", 
        "operating_revenue": 903548, 
        "accumulated_operating_revenue": 1756111, 
        "long_term_average": 1077749, 
        "short_term_average": 890851
    }, 
    {
        "date": "2012-03-31", 
        "operating_revenue": 1058065, 
        "accumulated_operating_revenue": 2814176, 
        "long_term_average": 1074937, 
        "short_term_average": 938058
    }, 
    {
        "date": "2012-04-30", 
        "operating_revenue": 1057809, 
        "accumulated_operating_revenue": 3871985, 
        "long_term_average": 1072796, 
        "short_term_average": 1006474
    }, 
    {
        "date": "2012-05-31", 
        "operating_revenue": 1012479, 
        "accumulated_operating_revenue": 4884464, 
        "long_term_average": 1066094, 
        "short_term_average": 1042784
    }, 
    {
        "date": "2012-06-30", 
        "operating_revenue": 911981, 
        "accumulated_operating_revenue": 5796445, 
        "long_term_average": 1050682, 
        "short_term_average": 994089
    }, 
    {
        "date": "2012-07-31", 
        "operating_revenue": 897331, 
        "accumulated_operating_revenue": 6693776, 
        "long_term_average": 1036741, 
        "short_term_average": 940597
    }, 
    {
        "date": "2012-08-31", 
        "operating_revenue": 914218, 
        "accumulated_operating_revenue": 7607994, 
        "long_term_average": 1026531, 
        "short_term_average": 907843
    }, 
    {
        "accumulated_operating_revenue_yoy": 537.6823236300999, 
        "accumulated_operating_revenue": 8525666, 
        "long_term_average": 991589, 
        "date": "2012-09-30", 
        "operating_revenue": 917672, 
        "short_term_average": 909740
    }, 
    {
        "accumulated_operating_revenue_yoy": 267.0138964358424, 
        "accumulated_operating_revenue": 9624833, 
        "long_term_average": 976062, 
        "date": "2012-10-31", 
        "operating_revenue": 1099167, 
        "short_term_average": 977019
    }, 
    {
        "accumulated_operating_revenue_yoy": 185.83780977031793, 
        "accumulated_operating_revenue": 10844515, 
        "long_term_average": 980079, 
        "date": "2012-11-30", 
        "operating_revenue": 1219682, 
        "short_term_average": 1078840
    }, 
    {
        "accumulated_operating_revenue_yoy": 150.7194213294333, 
        "accumulated_operating_revenue": 11809845, 
        "long_term_average": 984153, 
        "date": "2012-12-31", 
        "operating_revenue": 965330, 
        "short_term_average": 1094726
    }, 
    {
        "accumulated_operating_revenue_yoy": 24.0547619354816, 
        "accumulated_operating_revenue": 1057645, 
        "long_term_average": 1001243, 
        "date": "2013-01-31", 
        "operating_revenue": 1057645, 
        "short_term_average": 1080885
    }, 
    {
        "accumulated_operating_revenue_yoy": 8.642278307009068, 
        "accumulated_operating_revenue": 1907879, 
        "long_term_average": 996801, 
        "date": "2013-02-28", 
        "operating_revenue": 850234, 
        "short_term_average": 957736
    }, 
    {
        "accumulated_operating_revenue_yoy": 6.162194546467599, 
        "accumulated_operating_revenue": 2987591, 
        "long_term_average": 998605, 
        "date": "2013-03-31", 
        "operating_revenue": 1079712, 
        "short_term_average": 995863
    }, 
    {
        "accumulated_operating_revenue_yoy": 7.776398927165265, 
        "accumulated_operating_revenue": 4173086, 
        "long_term_average": 1009245, 
        "date": "2013-04-30", 
        "operating_revenue": 1185495, 
        "short_term_average": 1038480
    }, 
    {
        "accumulated_operating_revenue_yoy": 8.837366802171129, 
        "accumulated_operating_revenue": 5316122, 
        "long_term_average": 1020125, 
        "date": "2013-05-31", 
        "operating_revenue": 1143036, 
        "short_term_average": 1136081
    }, 
    {
        "accumulated_operating_revenue_yoy": 10.158899118338912, 
        "accumulated_operating_revenue": 6385300, 
        "long_term_average": 1033225, 
        "date": "2013-06-30", 
        "operating_revenue": 1069178, 
        "short_term_average": 1132569
    }, 
    {
        "accumulated_operating_revenue_yoy": 13.967811292161555, 
        "accumulated_operating_revenue": 7628750, 
        "long_term_average": 1062068, 
        "date": "2013-07-31", 
        "operating_revenue": 1243450, 
        "short_term_average": 1151888
    }, 
    {
        "accumulated_operating_revenue_yoy": 16.708136205154737, 
        "accumulated_operating_revenue": 8879148, 
        "long_term_average": 1090083, 
        "date": "2013-08-31", 
        "operating_revenue": 1250398, 
        "short_term_average": 1187675
    }, 
    {
        "accumulated_operating_revenue_yoy": 18.218905127177162, 
        "accumulated_operating_revenue": 10078949, 
        "long_term_average": 1113594, 
        "date": "2013-09-30", 
        "operating_revenue": 1199801, 
        "short_term_average": 1231216
    }, 
    {
        "accumulated_operating_revenue_yoy": 15.860181677957424, 
        "accumulated_operating_revenue": 11151349, 
        "long_term_average": 1111363, 
        "date": "2013-10-31", 
        "operating_revenue": 1072400, 
        "short_term_average": 1174199
    }, 
    {
        "accumulated_operating_revenue_yoy": 13.066734658027585, 
        "accumulated_operating_revenue": 12261539, 
        "long_term_average": 1102239, 
        "date": "2013-11-30", 
        "operating_revenue": 1110190, 
        "short_term_average": 1127463
    }, 
    {
        "accumulated_operating_revenue_yoy": 12.342507458819316, 
        "accumulated_operating_revenue": 13267476, 
        "long_term_average": 1105623, 
        "date": "2013-12-31", 
        "operating_revenue": 1005937, 
        "short_term_average": 1062842
    }, 
    {
        "accumulated_operating_revenue_yoy": -17.59087406454907, 
        "accumulated_operating_revenue": 871596, 
        "long_term_average": 1090118, 
        "date": "2014-01-31", 
        "operating_revenue": 871596, 
        "short_term_average": 995907
    }, 
    {
        "accumulated_operating_revenue_yoy": -15.071605694071794, 
        "accumulated_operating_revenue": 1620331, 
        "long_term_average": 1081660, 
        "date": "2014-02-28", 
        "operating_revenue": 748735, 
        "short_term_average": 875422
    }, 
    {
        "accumulated_operating_revenue_yoy": -9.687771853643955, 
        "accumulated_operating_revenue": 2698160, 
        "long_term_average": 1081503, 
        "date": "2014-03-31", 
        "operating_revenue": 1077829, 
        "short_term_average": 899386
    }, 
    {
        "accumulated_operating_revenue_yoy": -7.092017753767835, 
        "accumulated_operating_revenue": 3877130, 
        "long_term_average": 1080960, 
        "date": "2014-04-30", 
        "operating_revenue": 1178970, 
        "short_term_average": 1001844
    }, 
    {
        "accumulated_operating_revenue_yoy": -4.64377980791261, 
        "accumulated_operating_revenue": 5069253, 
        "long_term_average": 1085050, 
        "date": "2014-05-31", 
        "operating_revenue": 1192123, 
        "short_term_average": 1149640
    }, 
    {
        "accumulated_operating_revenue_yoy": -3.6226958795984525, 
        "accumulated_operating_revenue": 6153980, 
        "long_term_average": 1086346, 
        "date": "2014-06-30", 
        "operating_revenue": 1084727, 
        "short_term_average": 1151940
    }, 
    {
        "accumulated_operating_revenue_yoy": -4.315281009339669, 
        "accumulated_operating_revenue": 7299548, 
        "long_term_average": 1078189, 
        "date": "2014-07-31", 
        "operating_revenue": 1145568, 
        "short_term_average": 1140806
    }, 
    {
        "accumulated_operating_revenue_yoy": -3.4605797763479105, 
        "accumulated_operating_revenue": 8571878, 
        "long_term_average": 1080017, 
        "date": "2014-08-31", 
        "operating_revenue": 1272330, 
        "short_term_average": 1167541
    }, 
    {
        "accumulated_operating_revenue_yoy": -0.9201058562752922, 
        "accumulated_operating_revenue": 9986212, 
        "long_term_average": 1097894, 
        "date": "2014-09-30", 
        "operating_revenue": 1414334, 
        "short_term_average": 1277410
    }, 
    {
        "accumulated_operating_revenue_yoy": 1.7827529207452837, 
        "accumulated_operating_revenue": 11350150, 
        "long_term_average": 1122189, 
        "date": "2014-10-31", 
        "operating_revenue": 1363938, 
        "short_term_average": 1350200
    }, 
    {
        "accumulated_operating_revenue_yoy": 2.558496123529028, 
        "accumulated_operating_revenue": 12575250, 
        "long_term_average": 1131765, 
        "date": "2014-11-30", 
        "operating_revenue": 1225100, 
        "short_term_average": 1334457
    }, 
    {
        "accumulated_operating_revenue_yoy": 4.593496155561163, 
        "accumulated_operating_revenue": 13876917, 
        "long_term_average": 1156409, 
        "date": "2014-12-31", 
        "operating_revenue": 1301667, 
        "short_term_average": 1296901
    }, 
    {
        "accumulated_operating_revenue_yoy": 45.773730030885865, 
        "accumulated_operating_revenue": 1270558, 
        "long_term_average": 1189656, 
        "date": "2015-01-31", 
        "operating_revenue": 1270558, 
        "short_term_average": 1265775
    }, 
    {
        "accumulated_operating_revenue_yoy": 41.25249717495993, 
        "accumulated_operating_revenue": 2288758, 
        "long_term_average": 1212112, 
        "date": "2015-02-28", 
        "operating_revenue": 1018200, 
        "short_term_average": 1196808
    }, 
    {
        "accumulated_operating_revenue_yoy": 26.850520354612033, 
        "accumulated_operating_revenue": 3422630, 
        "long_term_average": 1216782, 
        "date": "2015-03-31", 
        "operating_revenue": 1133872, 
        "short_term_average": 1140876
    }, 
    {
        "accumulated_operating_revenue_yoy": 14.203599053939383, 
        "accumulated_operating_revenue": 4427822, 
        "long_term_average": 1202300, 
        "date": "2015-04-30", 
        "operating_revenue": 1005192, 
        "short_term_average": 1052421
    }, 
    {
        "accumulated_operating_revenue_yoy": 5.23199374740223, 
        "accumulated_operating_revenue": 5334476, 
        "long_term_average": 1178511, 
        "date": "2015-05-31", 
        "operating_revenue": 906654, 
        "short_term_average": 1015239
    }, 
    {
        "accumulated_operating_revenue_yoy": 5.141193179048355, 
        "accumulated_operating_revenue": 6470368, 
        "long_term_average": 1182775, 
        "date": "2015-06-30", 
        "operating_revenue": 1135892, 
        "short_term_average": 1015912
    }, 
    {
        "accumulated_operating_revenue_yoy": 5.318795081558474, 
        "accumulated_operating_revenue": 7687796, 
        "long_term_average": 1188763, 
        "date": "2015-07-31", 
        "operating_revenue": 1217428, 
        "short_term_average": 1086658
    }, 
    {
        "accumulated_operating_revenue_yoy": 2.469727170638686, 
        "accumulated_operating_revenue": 8783580, 
        "long_term_average": 1174051, 
        "date": "2015-08-31", 
        "operating_revenue": 1095784, 
        "short_term_average": 1149701
    }, 
    {
        "accumulated_operating_revenue_yoy": 0.5989558403126231, 
        "accumulated_operating_revenue": 10046025, 
        "long_term_average": 1161394, 
        "date": "2015-09-30", 
        "operating_revenue": 1262445, 
        "short_term_average": 1191885
    }
]