[
    {
        "date": "2011-09-30", 
        "operating_revenue": 1475150, 
        "accumulated_operating_revenue": 1475150, 
        "long_term_average": 1475150, 
        "short_term_average": 1475150
    }, 
    {
        "date": "2011-10-31", 
        "operating_revenue": 1503938, 
        "accumulated_operating_revenue": 2979088, 
        "long_term_average": 1489544, 
        "short_term_average": 1489544
    }, 
    {
        "date": "2011-11-30", 
        "operating_revenue": 1559590, 
        "accumulated_operating_revenue": 4538678, 
        "long_term_average": 1512892, 
        "short_term_average": 1512892
    }, 
    {
        "date": "2011-12-31", 
        "operating_revenue": 1302480, 
        "accumulated_operating_revenue": 5841158, 
        "long_term_average": 1460289, 
        "short_term_average": 1455336
    }, 
    {
        "date": "2012-01-31", 
        "operating_revenue": 1115733, 
        "accumulated_operating_revenue": 1115733, 
        "long_term_average": 1391378, 
        "short_term_average": 1325934
    }, 
    {
        "date": "2012-02-29", 
        "operating_revenue": 1261165, 
        "accumulated_operating_revenue": 2376898, 
        "long_term_average": 1369676, 
        "short_term_average": 1226459
    }, 
    {
        "date": "2012-03-31", 
        "operating_revenue": 1404587, 
        "accumulated_operating_revenue": 3781485, 
        "long_term_average": 1374663, 
        "short_term_average": 1260495
    }, 
    {
        "date": "2012-04-30", 
        "operating_revenue": 1285190, 
        "accumulated_operating_revenue": 5066675, 
        "long_term_average": 1363479, 
        "short_term_average": 1316980
    }, 
    {
        "date": "2012-05-31", 
        "operating_revenue": 1117815, 
        "accumulated_operating_revenue": 6184490, 
        "long_term_average": 1336183, 
        "short_term_average": 1269197
    }, 
    {
        "date": "2012-06-30", 
        "operating_revenue": 1132900, 
        "accumulated_operating_revenue": 7317390, 
        "long_term_average": 1315854, 
        "short_term_average": 1178635
    }, 
    {
        "date": "2012-07-31", 
        "operating_revenue": 1195342, 
        "accumulated_operating_revenue": 8512732, 
        "long_term_average": 1304899, 
        "short_term_average": 1148685
    }, 
    {
        "date": "2012-08-31", 
        "operating_revenue": 1297312, 
        "accumulated_operating_revenue": 9810044, 
        "long_term_average": 1304266, 
        "short_term_average": 1208518
    }, 
    {
        "accumulated_operating_revenue_yoy": 650.7685320136935, 
        "accumulated_operating_revenue": 11074962, 
        "long_term_average": 1286747, 
        "date": "2012-09-30", 
        "operating_revenue": 1264918, 
        "short_term_average": 1252524
    }, 
    {
        "accumulated_operating_revenue_yoy": 312.9243916258936, 
        "accumulated_operating_revenue": 12301381, 
        "long_term_average": 1263620, 
        "date": "2012-10-31", 
        "operating_revenue": 1226419, 
        "short_term_average": 1262883
    }, 
    {
        "accumulated_operating_revenue_yoy": 200.45660873055988, 
        "accumulated_operating_revenue": 13636758, 
        "long_term_average": 1244936, 
        "date": "2012-11-30", 
        "operating_revenue": 1335377, 
        "short_term_average": 1275571
    }, 
    {
        "accumulated_operating_revenue_yoy": 158.43367017293488, 
        "accumulated_operating_revenue": 15095519, 
        "long_term_average": 1257959, 
        "date": "2012-12-31", 
        "operating_revenue": 1458761, 
        "short_term_average": 1340185
    }, 
    {
        "accumulated_operating_revenue_yoy": 27.926394576480217, 
        "accumulated_operating_revenue": 1427317, 
        "long_term_average": 1283925, 
        "date": "2013-01-31", 
        "operating_revenue": 1427317, 
        "short_term_average": 1407151
    }, 
    {
        "accumulated_operating_revenue_yoy": 6.114902700915226, 
        "accumulated_operating_revenue": 2522243, 
        "long_term_average": 1270072, 
        "date": "2013-02-28", 
        "operating_revenue": 1094926, 
        "short_term_average": 1327001
    }, 
    {
        "accumulated_operating_revenue_yoy": 4.636220955524086, 
        "accumulated_operating_revenue": 3956803, 
        "long_term_average": 1272569, 
        "date": "2013-03-31", 
        "operating_revenue": 1434560, 
        "short_term_average": 1318934
    }, 
    {
        "accumulated_operating_revenue_yoy": 9.741358978027996, 
        "accumulated_operating_revenue": 5560238, 
        "long_term_average": 1299090, 
        "date": "2013-04-30", 
        "operating_revenue": 1603435, 
        "short_term_average": 1377640
    }, 
    {
        "accumulated_operating_revenue_yoy": 15.09951507723353, 
        "accumulated_operating_revenue": 7118318, 
        "long_term_average": 1335778, 
        "date": "2013-05-31", 
        "operating_revenue": 1558080, 
        "short_term_average": 1532025
    }, 
    {
        "accumulated_operating_revenue_yoy": 14.897265281746632, 
        "accumulated_operating_revenue": 8407481, 
        "long_term_average": 1348800, 
        "date": "2013-06-30", 
        "operating_revenue": 1289163, 
        "short_term_average": 1483559
    }, 
    {
        "accumulated_operating_revenue_yoy": 15.967094934975046, 
        "accumulated_operating_revenue": 9871968, 
        "long_term_average": 1371229, 
        "date": "2013-07-31", 
        "operating_revenue": 1464487, 
        "short_term_average": 1437243
    }, 
    {
        "accumulated_operating_revenue_yoy": 16.82617325671526, 
        "accumulated_operating_revenue": 11460699, 
        "long_term_average": 1395514, 
        "date": "2013-08-31", 
        "operating_revenue": 1588731, 
        "short_term_average": 1447460
    }, 
    {
        "accumulated_operating_revenue_yoy": 18.951884439874377, 
        "accumulated_operating_revenue": 13173876, 
        "long_term_average": 1432869, 
        "date": "2013-09-30", 
        "operating_revenue": 1713177, 
        "short_term_average": 1588798
    }, 
    {
        "accumulated_operating_revenue_yoy": 19.83394384744282, 
        "accumulated_operating_revenue": 14741230, 
        "long_term_average": 1461280, 
        "date": "2013-10-31", 
        "operating_revenue": 1567354, 
        "short_term_average": 1623087
    }, 
    {
        "accumulated_operating_revenue_yoy": 18.924835360428045, 
        "accumulated_operating_revenue": 16217492, 
        "long_term_average": 1473021, 
        "date": "2013-11-30", 
        "operating_revenue": 1476262, 
        "short_term_average": 1585597
    }, 
    {
        "accumulated_operating_revenue_yoy": 17.850621763981746, 
        "accumulated_operating_revenue": 17790163, 
        "long_term_average": 1482513, 
        "date": "2013-12-31", 
        "operating_revenue": 1572671, 
        "short_term_average": 1538762
    }, 
    {
        "accumulated_operating_revenue_yoy": 3.8880641090941954, 
        "accumulated_operating_revenue": 1482812, 
        "long_term_average": 1487138, 
        "date": "2014-01-31", 
        "operating_revenue": 1482812, 
        "short_term_average": 1510581
    }, 
    {
        "accumulated_operating_revenue_yoy": 6.388599353829112, 
        "accumulated_operating_revenue": 2683379, 
        "long_term_average": 1495941, 
        "date": "2014-02-28", 
        "operating_revenue": 1200567, 
        "short_term_average": 1418683
    }, 
    {
        "accumulated_operating_revenue_yoy": 2.2446404331982155, 
        "accumulated_operating_revenue": 4045619, 
        "long_term_average": 1489914, 
        "date": "2014-03-31", 
        "operating_revenue": 1362240, 
        "short_term_average": 1348539
    }, 
    {
        "accumulated_operating_revenue_yoy": 0.6477420570846067, 
        "accumulated_operating_revenue": 5596254, 
        "long_term_average": 1485514, 
        "date": "2014-04-30", 
        "operating_revenue": 1550635, 
        "short_term_average": 1371147
    }, 
    {
        "accumulated_operating_revenue_yoy": 0.2790827833204417, 
        "accumulated_operating_revenue": 7138184, 
        "long_term_average": 1484169, 
        "date": "2014-05-31", 
        "operating_revenue": 1541930, 
        "short_term_average": 1484935
    }, 
    {
        "accumulated_operating_revenue_yoy": 3.7187476248831253, 
        "accumulated_operating_revenue": 8720134, 
        "long_term_average": 1508568, 
        "date": "2014-06-30", 
        "operating_revenue": 1581950, 
        "short_term_average": 1558171
    }, 
    {
        "accumulated_operating_revenue_yoy": 6.362946071137994, 
        "accumulated_operating_revenue": 10500116, 
        "long_term_average": 1534859, 
        "date": "2014-07-31", 
        "operating_revenue": 1779982, 
        "short_term_average": 1634620
    }, 
    {
        "accumulated_operating_revenue_yoy": 7.2412162643831754, 
        "accumulated_operating_revenue": 12290593, 
        "long_term_average": 1551671, 
        "date": "2014-08-31", 
        "operating_revenue": 1790477, 
        "short_term_average": 1717469
    }, 
    {
        "accumulated_operating_revenue_yoy": 7.93511340170501, 
        "accumulated_operating_revenue": 14219238, 
        "long_term_average": 1569627, 
        "date": "2014-09-30", 
        "operating_revenue": 1928645, 
        "short_term_average": 1833034
    }, 
    {
        "accumulated_operating_revenue_yoy": 9.44085398572575, 
        "accumulated_operating_revenue": 16132928, 
        "long_term_average": 1598488, 
        "date": "2014-10-31", 
        "operating_revenue": 1913690, 
        "short_term_average": 1877604
    }, 
    {
        "accumulated_operating_revenue_yoy": 11.066883831359373, 
        "accumulated_operating_revenue": 18012263, 
        "long_term_average": 1632077, 
        "date": "2014-11-30", 
        "operating_revenue": 1879335, 
        "short_term_average": 1907223
    }, 
    {
        "accumulated_operating_revenue_yoy": 13.107148034562696, 
        "accumulated_operating_revenue": 20121946, 
        "long_term_average": 1676828, 
        "date": "2014-12-31", 
        "operating_revenue": 2109683, 
        "short_term_average": 1967569
    }, 
    {
        "accumulated_operating_revenue_yoy": 34.8754933194498, 
        "accumulated_operating_revenue": 1999950, 
        "long_term_average": 1719923, 
        "date": "2015-01-31", 
        "operating_revenue": 1999950, 
        "short_term_average": 1996322
    }, 
    {
        "accumulated_operating_revenue_yoy": 33.86972172026389, 
        "accumulated_operating_revenue": 3592232, 
        "long_term_average": 1752566, 
        "date": "2015-02-28", 
        "operating_revenue": 1592282, 
        "short_term_average": 1900638
    }, 
    {
        "accumulated_operating_revenue_yoy": 29.947456742713534, 
        "accumulated_operating_revenue": 5257179, 
        "long_term_average": 1777792, 
        "date": "2015-03-31", 
        "operating_revenue": 1664947, 
        "short_term_average": 1752393
    }, 
    {
        "accumulated_operating_revenue_yoy": 22.668502894972246, 
        "accumulated_operating_revenue": 6864841, 
        "long_term_average": 1782544, 
        "date": "2015-04-30", 
        "operating_revenue": 1607662, 
        "short_term_average": 1621630
    }, 
    {
        "accumulated_operating_revenue_yoy": 16.185727350261637, 
        "accumulated_operating_revenue": 8293551, 
        "long_term_average": 1773109, 
        "date": "2015-05-31", 
        "operating_revenue": 1428710, 
        "short_term_average": 1567106
    }, 
    {
        "accumulated_operating_revenue_yoy": 12.909297036031786, 
        "accumulated_operating_revenue": 9845842, 
        "long_term_average": 1770637, 
        "date": "2015-06-30", 
        "operating_revenue": 1552291, 
        "short_term_average": 1529554
    }, 
    {
        "accumulated_operating_revenue_yoy": 8.864844921713246, 
        "accumulated_operating_revenue": 11430935, 
        "long_term_average": 1754397, 
        "date": "2015-07-31", 
        "operating_revenue": 1585093, 
        "short_term_average": 1522031
    }, 
    {
        "accumulated_operating_revenue_yoy": 6.110705968377604, 
        "accumulated_operating_revenue": 13041635, 
        "long_term_average": 1739415, 
        "date": "2015-08-31", 
        "operating_revenue": 1610700, 
        "short_term_average": 1582694
    }, 
    {
        "accumulated_operating_revenue_yoy": 3.2780026609020823, 
        "accumulated_operating_revenue": 14685345, 
        "long_term_average": 1715671, 
        "date": "2015-09-30", 
        "operating_revenue": 1643710, 
        "short_term_average": 1613167
    }
]