[
    {
        "date": "2012-01-31", 
        "operating_revenue": 400842, 
        "accumulated_operating_revenue": 400842, 
        "long_term_average": 400842, 
        "short_term_average": 400842
    }, 
    {
        "date": "2012-02-29", 
        "operating_revenue": 458847, 
        "accumulated_operating_revenue": 859689, 
        "long_term_average": 429844, 
        "short_term_average": 429844
    }, 
    {
        "date": "2012-03-31", 
        "operating_revenue": 548042, 
        "accumulated_operating_revenue": 1407731, 
        "long_term_average": 469243, 
        "short_term_average": 469243
    }, 
    {
        "date": "2012-04-30", 
        "operating_revenue": 594218, 
        "accumulated_operating_revenue": 2001949, 
        "long_term_average": 500487, 
        "short_term_average": 533702
    }, 
    {
        "date": "2012-05-31", 
        "operating_revenue": 632576, 
        "accumulated_operating_revenue": 2634525, 
        "long_term_average": 526905, 
        "short_term_average": 591612
    }, 
    {
        "date": "2012-06-30", 
        "operating_revenue": 566476, 
        "accumulated_operating_revenue": 3201001, 
        "long_term_average": 533500, 
        "short_term_average": 597756
    }, 
    {
        "date": "2012-07-31", 
        "operating_revenue": 595347, 
        "accumulated_operating_revenue": 3796348, 
        "long_term_average": 542335, 
        "short_term_average": 598133
    }, 
    {
        "date": "2012-08-31", 
        "operating_revenue": 553085, 
        "accumulated_operating_revenue": 4349433, 
        "long_term_average": 543679, 
        "short_term_average": 571636
    }, 
    {
        "date": "2012-09-30", 
        "operating_revenue": 517056, 
        "accumulated_operating_revenue": 4866489, 
        "long_term_average": 540721, 
        "short_term_average": 555162
    }, 
    {
        "date": "2012-10-31", 
        "operating_revenue": 518272, 
        "accumulated_operating_revenue": 5384761, 
        "long_term_average": 538476, 
        "short_term_average": 529471
    }, 
    {
        "date": "2012-11-30", 
        "operating_revenue": 501231, 
        "accumulated_operating_revenue": 5885992, 
        "long_term_average": 535090, 
        "short_term_average": 512186
    }, 
    {
        "date": "2012-12-31", 
        "operating_revenue": 466566, 
        "accumulated_operating_revenue": 6352558, 
        "long_term_average": 529379, 
        "short_term_average": 495356
    }, 
    {
        "accumulated_operating_revenue_yoy": 26.850230265291565, 
        "accumulated_operating_revenue": 508469, 
        "long_term_average": 538348, 
        "date": "2013-01-31", 
        "operating_revenue": 508469, 
        "short_term_average": 492088
    }, 
    {
        "accumulated_operating_revenue_yoy": 3.580015563767828, 
        "accumulated_operating_revenue": 890466, 
        "long_term_average": 531944, 
        "date": "2013-02-28", 
        "operating_revenue": 381997, 
        "short_term_average": 452344
    }, 
    {
        "accumulated_operating_revenue_yoy": 1.6780194511593478, 
        "accumulated_operating_revenue": 1431353, 
        "long_term_average": 531348, 
        "date": "2013-03-31", 
        "operating_revenue": 540887, 
        "short_term_average": 477117
    }, 
    {
        "accumulated_operating_revenue_yoy": -0.5141489618366901, 
        "accumulated_operating_revenue": 1991656, 
        "long_term_average": 528522, 
        "date": "2013-04-30", 
        "operating_revenue": 560303, 
        "short_term_average": 494395
    }, 
    {
        "accumulated_operating_revenue_yoy": -2.6759282982700867, 
        "accumulated_operating_revenue": 2564027, 
        "long_term_average": 523505, 
        "date": "2013-05-31", 
        "operating_revenue": 572371, 
        "short_term_average": 557853
    }, 
    {
        "accumulated_operating_revenue_yoy": -5.194156452934567, 
        "accumulated_operating_revenue": 3034736, 
        "long_term_average": 515524, 
        "date": "2013-06-30", 
        "operating_revenue": 470709, 
        "short_term_average": 534461
    }, 
    {
        "accumulated_operating_revenue_yoy": -6.128863844937292, 
        "accumulated_operating_revenue": 3563675, 
        "long_term_average": 509990, 
        "date": "2013-07-31", 
        "operating_revenue": 528939, 
        "short_term_average": 524006
    }, 
    {
        "accumulated_operating_revenue_yoy": -6.964769890696097, 
        "accumulated_operating_revenue": 4046505, 
        "long_term_average": 504135, 
        "date": "2013-08-31", 
        "operating_revenue": 482830, 
        "short_term_average": 494159
    }, 
    {
        "accumulated_operating_revenue_yoy": -6.998680157296152, 
        "accumulated_operating_revenue": 4525899, 
        "long_term_average": 500997, 
        "date": "2013-09-30", 
        "operating_revenue": 479394, 
        "short_term_average": 497054
    }, 
    {
        "accumulated_operating_revenue_yoy": -6.018577240475483, 
        "accumulated_operating_revenue": 5060675, 
        "long_term_average": 502372, 
        "date": "2013-10-31", 
        "operating_revenue": 534776, 
        "short_term_average": 499000
    }, 
    {
        "accumulated_operating_revenue_yoy": -5.8286521626261125, 
        "accumulated_operating_revenue": 5542918, 
        "long_term_average": 500790, 
        "date": "2013-11-30", 
        "operating_revenue": 482243, 
        "short_term_average": 498804
    }, 
    {
        "accumulated_operating_revenue_yoy": -4.799594116259938, 
        "accumulated_operating_revenue": 6047661, 
        "long_term_average": 503971, 
        "date": "2013-12-31", 
        "operating_revenue": 504743, 
        "short_term_average": 507254
    }, 
    {
        "accumulated_operating_revenue_yoy": -8.178669692744297, 
        "accumulated_operating_revenue": 466883, 
        "long_term_average": 500506, 
        "date": "2014-01-31", 
        "operating_revenue": 466883, 
        "short_term_average": 484623
    }, 
    {
        "accumulated_operating_revenue_yoy": -1.1977998036982884, 
        "accumulated_operating_revenue": 879800, 
        "long_term_average": 503082, 
        "date": "2014-02-28", 
        "operating_revenue": 412917, 
        "short_term_average": 461514
    }, 
    {
        "accumulated_operating_revenue_yoy": -2.558837687139371, 
        "accumulated_operating_revenue": 1394727, 
        "long_term_average": 500919, 
        "date": "2014-03-31", 
        "operating_revenue": 514927, 
        "short_term_average": 464909
    }, 
    {
        "accumulated_operating_revenue_yoy": -4.973248392292645, 
        "accumulated_operating_revenue": 1892606, 
        "long_term_average": 495717, 
        "date": "2014-04-30", 
        "operating_revenue": 497879, 
        "short_term_average": 475241
    }, 
    {
        "accumulated_operating_revenue_yoy": -5.162777147042523, 
        "accumulated_operating_revenue": 2431652, 
        "long_term_average": 492940, 
        "date": "2014-05-31", 
        "operating_revenue": 539046, 
        "short_term_average": 517284
    }, 
    {
        "accumulated_operating_revenue_yoy": -3.084881189006227, 
        "accumulated_operating_revenue": 2941118, 
        "long_term_average": 496170, 
        "date": "2014-06-30", 
        "operating_revenue": 509466, 
        "short_term_average": 515463
    }, 
    {
        "accumulated_operating_revenue_yoy": -2.894792594723144, 
        "accumulated_operating_revenue": 3460514, 
        "long_term_average": 495375, 
        "date": "2014-07-31", 
        "operating_revenue": 519396, 
        "short_term_average": 522636
    }, 
    {
        "accumulated_operating_revenue_yoy": -1.8500409612739883, 
        "accumulated_operating_revenue": 3971643, 
        "long_term_average": 497733, 
        "date": "2014-08-31", 
        "operating_revenue": 511129, 
        "short_term_average": 513330
    }, 
    {
        "accumulated_operating_revenue_yoy": -1.125212913500721, 
        "accumulated_operating_revenue": 4474973, 
        "long_term_average": 499727, 
        "date": "2014-09-30", 
        "operating_revenue": 503330, 
        "short_term_average": 511285
    }, 
    {
        "accumulated_operating_revenue_yoy": -1.3072169226437185, 
        "accumulated_operating_revenue": 4994521, 
        "long_term_average": 498458, 
        "date": "2014-10-31", 
        "operating_revenue": 519548, 
        "short_term_average": 511335
    }, 
    {
        "accumulated_operating_revenue_yoy": -1.8847112657989888, 
        "accumulated_operating_revenue": 5438450, 
        "long_term_average": 495266, 
        "date": "2014-11-30", 
        "operating_revenue": 443929, 
        "short_term_average": 488935
    }, 
    {
        "accumulated_operating_revenue_yoy": -1.8475241915841514, 
        "accumulated_operating_revenue": 5935929, 
        "long_term_average": 494660, 
        "date": "2014-12-31", 
        "operating_revenue": 497479, 
        "short_term_average": 486985
    }, 
    {
        "accumulated_operating_revenue_yoy": 5.346093132540701, 
        "accumulated_operating_revenue": 491843, 
        "long_term_average": 496740, 
        "date": "2015-01-31", 
        "operating_revenue": 491843, 
        "short_term_average": 477750
    }, 
    {
        "accumulated_operating_revenue_yoy": 1.7528983859968175, 
        "accumulated_operating_revenue": 895222, 
        "long_term_average": 495945, 
        "date": "2015-02-28", 
        "operating_revenue": 403379, 
        "short_term_average": 464233
    }, 
    {
        "accumulated_operating_revenue_yoy": 0.5560944901762137, 
        "accumulated_operating_revenue": 1402483, 
        "long_term_average": 495307, 
        "date": "2015-03-31", 
        "operating_revenue": 507261, 
        "short_term_average": 467494
    }, 
    {
        "accumulated_operating_revenue_yoy": -4.032957731297481, 
        "accumulated_operating_revenue": 1816278, 
        "long_term_average": 488300, 
        "date": "2015-04-30", 
        "operating_revenue": 413795, 
        "short_term_average": 441478
    }, 
    {
        "accumulated_operating_revenue_yoy": -5.542199294964904, 
        "accumulated_operating_revenue": 2296885, 
        "long_term_average": 483430, 
        "date": "2015-05-31", 
        "operating_revenue": 480607, 
        "short_term_average": 467221
    }, 
    {
        "accumulated_operating_revenue_yoy": -5.417701703909874, 
        "accumulated_operating_revenue": 2781777, 
        "long_term_average": 481382, 
        "date": "2015-06-30", 
        "operating_revenue": 484892, 
        "short_term_average": 459764
    }, 
    {
        "accumulated_operating_revenue_yoy": -6.706142497906381, 
        "accumulated_operating_revenue": 3228447, 
        "long_term_average": 475321, 
        "date": "2015-07-31", 
        "operating_revenue": 446670, 
        "short_term_average": 470723
    }, 
    {
        "accumulated_operating_revenue_yoy": -7.491886858914561, 
        "accumulated_operating_revenue": 3674092, 
        "long_term_average": 469864, 
        "date": "2015-08-31", 
        "operating_revenue": 445645, 
        "short_term_average": 459069
    }, 
    {
        "accumulated_operating_revenue_yoy": -7.813253845330463, 
        "accumulated_operating_revenue": 4125332, 
        "long_term_average": 465524, 
        "date": "2015-09-30", 
        "operating_revenue": 451240, 
        "short_term_average": 447851
    }
]