[
    {
        "date": "2012-01-31", 
        "operating_revenue": 8785144, 
        "accumulated_operating_revenue": 8785144, 
        "long_term_average": 8785144, 
        "short_term_average": 8785144
    }, 
    {
        "date": "2012-02-29", 
        "operating_revenue": 9225339, 
        "accumulated_operating_revenue": 18010483, 
        "long_term_average": 9005241, 
        "short_term_average": 9005241
    }, 
    {
        "date": "2012-03-31", 
        "operating_revenue": 9805866, 
        "accumulated_operating_revenue": 27816349, 
        "long_term_average": 9272116, 
        "short_term_average": 9272116
    }, 
    {
        "date": "2012-04-30", 
        "operating_revenue": 9111411, 
        "accumulated_operating_revenue": 36927760, 
        "long_term_average": 9231940, 
        "short_term_average": 9380872
    }, 
    {
        "date": "2012-05-31", 
        "operating_revenue": 8142295, 
        "accumulated_operating_revenue": 45070055, 
        "long_term_average": 9014011, 
        "short_term_average": 9019857
    }, 
    {
        "date": "2012-06-30", 
        "operating_revenue": 7065440, 
        "accumulated_operating_revenue": 52135495, 
        "long_term_average": 8689249, 
        "short_term_average": 8106382
    }, 
    {
        "date": "2012-07-31", 
        "operating_revenue": 9947320, 
        "accumulated_operating_revenue": 62082815, 
        "long_term_average": 8868973, 
        "short_term_average": 8385018
    }, 
    {
        "date": "2012-08-31", 
        "operating_revenue": 9763444, 
        "accumulated_operating_revenue": 71846259, 
        "long_term_average": 8980782, 
        "short_term_average": 8925401
    }, 
    {
        "date": "2012-09-30", 
        "operating_revenue": 9775324, 
        "accumulated_operating_revenue": 81621583, 
        "long_term_average": 9069064, 
        "short_term_average": 9828696
    }, 
    {
        "date": "2012-10-31", 
        "operating_revenue": 8608837, 
        "accumulated_operating_revenue": 90230420, 
        "long_term_average": 9023042, 
        "short_term_average": 9382535
    }, 
    {
        "date": "2012-11-30", 
        "operating_revenue": 8032102, 
        "accumulated_operating_revenue": 98262522, 
        "long_term_average": 8932956, 
        "short_term_average": 8805421
    }, 
    {
        "date": "2012-12-31", 
        "operating_revenue": 7836021, 
        "accumulated_operating_revenue": 106098543, 
        "long_term_average": 8841545, 
        "short_term_average": 8158986
    }, 
    {
        "accumulated_operating_revenue_yoy": 5.788351334935432, 
        "accumulated_operating_revenue": 9293659, 
        "long_term_average": 8883921, 
        "date": "2013-01-31", 
        "operating_revenue": 9293659, 
        "short_term_average": 8387260
    }, 
    {
        "accumulated_operating_revenue_yoy": -7.31648895812511, 
        "accumulated_operating_revenue": 16692748, 
        "long_term_average": 8731734, 
        "date": "2013-02-28", 
        "operating_revenue": 7399089, 
        "short_term_average": 8176256
    }, 
    {
        "accumulated_operating_revenue_yoy": -9.024009585154399, 
        "accumulated_operating_revenue": 25306199, 
        "long_term_average": 8632366, 
        "date": "2013-03-31", 
        "operating_revenue": 8613451, 
        "short_term_average": 8435399
    }, 
    {
        "accumulated_operating_revenue_yoy": -7.136501103776672, 
        "accumulated_operating_revenue": 34292410, 
        "long_term_average": 8621932, 
        "date": "2013-04-30", 
        "operating_revenue": 8986211, 
        "short_term_average": 8332917
    }, 
    {
        "accumulated_operating_revenue_yoy": -0.9348801549055131, 
        "accumulated_operating_revenue": 44648704, 
        "long_term_average": 8806432, 
        "date": "2013-05-31", 
        "operating_revenue": 10356294, 
        "short_term_average": 9318652
    }, 
    {
        "accumulated_operating_revenue_yoy": 3.7380540838827754, 
        "accumulated_operating_revenue": 54084348, 
        "long_term_average": 9003949, 
        "date": "2013-06-30", 
        "operating_revenue": 9435644, 
        "short_term_average": 9592716
    }, 
    {
        "accumulated_operating_revenue_yoy": 2.774200879905333, 
        "accumulated_operating_revenue": 63805117, 
        "long_term_average": 8985070, 
        "date": "2013-07-31", 
        "operating_revenue": 9720769, 
        "short_term_average": 9837569
    }, 
    {
        "accumulated_operating_revenue_yoy": 2.4713492737318448, 
        "accumulated_operating_revenue": 73621831, 
        "long_term_average": 8989509, 
        "date": "2013-08-31", 
        "operating_revenue": 9816714, 
        "short_term_average": 9657709
    }, 
    {
        "accumulated_operating_revenue_yoy": 1.9535408912615675, 
        "accumulated_operating_revenue": 83216094, 
        "long_term_average": 8974421, 
        "date": "2013-09-30", 
        "operating_revenue": 9594263, 
        "short_term_average": 9710582
    }, 
    {
        "accumulated_operating_revenue_yoy": 3.3373766851578437, 
        "accumulated_operating_revenue": 93241749, 
        "long_term_average": 9092489, 
        "date": "2013-10-31", 
        "operating_revenue": 10025655, 
        "short_term_average": 9812210
    }, 
    {
        "accumulated_operating_revenue_yoy": 5.0482573610312995, 
        "accumulated_operating_revenue": 103223067, 
        "long_term_average": 9254924, 
        "date": "2013-11-30", 
        "operating_revenue": 9981318, 
        "short_term_average": 9867078
    }, 
    {
        "accumulated_operating_revenue_yoy": 6.435835787113494, 
        "accumulated_operating_revenue": 112926871, 
        "long_term_average": 9410572, 
        "date": "2013-12-31", 
        "operating_revenue": 9703804, 
        "short_term_average": 9903592
    }, 
    {
        "accumulated_operating_revenue_yoy": 0.1545785142321232, 
        "accumulated_operating_revenue": 9308025, 
        "long_term_average": 9411769, 
        "date": "2014-01-31", 
        "operating_revenue": 9308025, 
        "short_term_average": 9664382
    }, 
    {
        "accumulated_operating_revenue_yoy": 6.720127806398324, 
        "accumulated_operating_revenue": 17814522, 
        "long_term_average": 9504053, 
        "date": "2014-02-28", 
        "operating_revenue": 8506497, 
        "short_term_average": 9172775
    }, 
    {
        "accumulated_operating_revenue_yoy": 16.43839124160843, 
        "accumulated_operating_revenue": 29466131, 
        "long_term_average": 9757233, 
        "date": "2014-03-31", 
        "operating_revenue": 11651609, 
        "short_term_average": 9822043
    }, 
    {
        "accumulated_operating_revenue_yoy": 9.96027109205798, 
        "accumulated_operating_revenue": 37708027, 
        "long_term_average": 9695207, 
        "date": "2014-04-30", 
        "operating_revenue": 8241896, 
        "short_term_average": 9466667
    }, 
    {
        "accumulated_operating_revenue_yoy": 3.957799088636481, 
        "accumulated_operating_revenue": 46415810, 
        "long_term_average": 9557831, 
        "date": "2014-05-31", 
        "operating_revenue": 8707783, 
        "short_term_average": 9533762
    }, 
    {
        "accumulated_operating_revenue_yoy": 6.714593286767551, 
        "accumulated_operating_revenue": 57715892, 
        "long_term_average": 9713201, 
        "date": "2014-06-30", 
        "operating_revenue": 11300082, 
        "short_term_average": 9416587
    }, 
    {
        "accumulated_operating_revenue_yoy": 4.056452086750347, 
        "accumulated_operating_revenue": 66393341, 
        "long_term_average": 9626257, 
        "date": "2014-07-31", 
        "operating_revenue": 8677449, 
        "short_term_average": 9561771
    }, 
    {
        "accumulated_operating_revenue_yoy": 1.9149727476894727, 
        "accumulated_operating_revenue": 75031669, 
        "long_term_average": 9528059, 
        "date": "2014-08-31", 
        "operating_revenue": 8638328, 
        "short_term_average": 9538619
    }, 
    {
        "accumulated_operating_revenue_yoy": 1.5930644377516685, 
        "accumulated_operating_revenue": 84541780, 
        "long_term_average": 9521046, 
        "date": "2014-09-30", 
        "operating_revenue": 9510111, 
        "short_term_average": 8941962
    }, 
    {
        "accumulated_operating_revenue_yoy": 0.7983591127189174, 
        "accumulated_operating_revenue": 93986153, 
        "long_term_average": 9472606, 
        "date": "2014-10-31", 
        "operating_revenue": 9444373, 
        "short_term_average": 9197604
    }, 
    {
        "accumulated_operating_revenue_yoy": -0.17622030161146054, 
        "accumulated_operating_revenue": 103041167, 
        "long_term_average": 9395414, 
        "date": "2014-11-30", 
        "operating_revenue": 9055014, 
        "short_term_average": 9336499
    }, 
    {
        "accumulated_operating_revenue_yoy": -0.30938429171565374, 
        "accumulated_operating_revenue": 112577493, 
        "long_term_average": 9381457, 
        "date": "2014-12-31", 
        "operating_revenue": 9536326, 
        "short_term_average": 9345237
    }, 
    {
        "accumulated_operating_revenue_yoy": -0.6811219351043858, 
        "accumulated_operating_revenue": 9244626, 
        "long_term_average": 9376174, 
        "date": "2015-01-31", 
        "operating_revenue": 9244626, 
        "short_term_average": 9278655
    }, 
    {
        "accumulated_operating_revenue_yoy": -7.31425743559103, 
        "accumulated_operating_revenue": 16511522, 
        "long_term_average": 9272874, 
        "date": "2015-02-28", 
        "operating_revenue": 7266896, 
        "short_term_average": 8682616
    }, 
    {
        "accumulated_operating_revenue_yoy": -14.966006225927659, 
        "accumulated_operating_revenue": 25056228, 
        "long_term_average": 9013965, 
        "date": "2015-03-31", 
        "operating_revenue": 8544706, 
        "short_term_average": 8352076
    }, 
    {
        "accumulated_operating_revenue_yoy": -13.031448184759176, 
        "accumulated_operating_revenue": 32794125, 
        "long_term_average": 8971965, 
        "date": "2015-04-30", 
        "operating_revenue": 7737897, 
        "short_term_average": 7849833
    }, 
    {
        "accumulated_operating_revenue_yoy": -13.668961071669331, 
        "accumulated_operating_revenue": 40071251, 
        "long_term_average": 8852744, 
        "date": "2015-05-31", 
        "operating_revenue": 7277126, 
        "short_term_average": 7853243
    }, 
    {
        "accumulated_operating_revenue_yoy": -17.102187383675886, 
        "accumulated_operating_revenue": 47845212, 
        "long_term_average": 8558901, 
        "date": "2015-06-30", 
        "operating_revenue": 7773961, 
        "short_term_average": 7596328
    }, 
    {
        "accumulated_operating_revenue_yoy": -16.93558997128944, 
        "accumulated_operating_revenue": 55149237, 
        "long_term_average": 8444449, 
        "date": "2015-07-31", 
        "operating_revenue": 7304025, 
        "short_term_average": 7451704
    }, 
    {
        "accumulated_operating_revenue_yoy": -15.964036465722229, 
        "accumulated_operating_revenue": 63053586, 
        "long_term_average": 8383284, 
        "date": "2015-08-31", 
        "operating_revenue": 7904349, 
        "short_term_average": 7660778
    }, 
    {
        "accumulated_operating_revenue_yoy": -15.284967976780239, 
        "accumulated_operating_revenue": 71619596, 
        "long_term_average": 8304609, 
        "date": "2015-09-30", 
        "operating_revenue": 8566010, 
        "short_term_average": 7924794
    }
]