[
    {
        "date": "2011-09-30", 
        "operating_revenue": 1117654, 
        "accumulated_operating_revenue": 1117654, 
        "long_term_average": 1117654, 
        "short_term_average": 1117654
    }, 
    {
        "date": "2011-10-31", 
        "operating_revenue": 1065259, 
        "accumulated_operating_revenue": 2182913, 
        "long_term_average": 1091456, 
        "short_term_average": 1091456
    }, 
    {
        "date": "2011-11-30", 
        "operating_revenue": 1189569, 
        "accumulated_operating_revenue": 3372482, 
        "long_term_average": 1124160, 
        "short_term_average": 1124160
    }, 
    {
        "date": "2011-12-31", 
        "operating_revenue": 1262017, 
        "accumulated_operating_revenue": 4634499, 
        "long_term_average": 1158624, 
        "short_term_average": 1172281
    }, 
    {
        "date": "2012-01-31", 
        "operating_revenue": 1014469, 
        "accumulated_operating_revenue": 1014469, 
        "long_term_average": 1129793, 
        "short_term_average": 1155351
    }, 
    {
        "date": "2012-02-29", 
        "operating_revenue": 1098175, 
        "accumulated_operating_revenue": 2112644, 
        "long_term_average": 1124523, 
        "short_term_average": 1124887
    }, 
    {
        "date": "2012-03-31", 
        "operating_revenue": 1208790, 
        "accumulated_operating_revenue": 3321434, 
        "long_term_average": 1136561, 
        "short_term_average": 1107144
    }, 
    {
        "date": "2012-04-30", 
        "operating_revenue": 1165058, 
        "accumulated_operating_revenue": 4486492, 
        "long_term_average": 1140123, 
        "short_term_average": 1157341
    }, 
    {
        "date": "2012-05-31", 
        "operating_revenue": 1070917, 
        "accumulated_operating_revenue": 5557409, 
        "long_term_average": 1132434, 
        "short_term_average": 1148255
    }, 
    {
        "date": "2012-06-30", 
        "operating_revenue": 1085541, 
        "accumulated_operating_revenue": 6642950, 
        "long_term_average": 1127744, 
        "short_term_average": 1107172
    }, 
    {
        "date": "2012-07-31", 
        "operating_revenue": 978907, 
        "accumulated_operating_revenue": 7621857, 
        "long_term_average": 1114214, 
        "short_term_average": 1045121
    }, 
    {
        "date": "2012-08-31", 
        "operating_revenue": 1088937, 
        "accumulated_operating_revenue": 8710794, 
        "long_term_average": 1112107, 
        "short_term_average": 1051128
    }, 
    {
        "accumulated_operating_revenue_yoy": 775.2367011615402, 
        "accumulated_operating_revenue": 9782118, 
        "long_term_average": 1108246, 
        "date": "2012-09-30", 
        "operating_revenue": 1071324, 
        "short_term_average": 1046389
    }, 
    {
        "accumulated_operating_revenue_yoy": 396.29293517423736, 
        "accumulated_operating_revenue": 10833643, 
        "long_term_average": 1107102, 
        "date": "2012-10-31", 
        "operating_revenue": 1051525, 
        "short_term_average": 1070595
    }, 
    {
        "accumulated_operating_revenue_yoy": 247.3610237208086, 
        "accumulated_operating_revenue": 11714688, 
        "long_term_average": 1081392, 
        "date": "2012-11-30", 
        "operating_revenue": 881045, 
        "short_term_average": 1001298
    }, 
    {
        "accumulated_operating_revenue_yoy": 172.66906304219722, 
        "accumulated_operating_revenue": 12636845, 
        "long_term_average": 1053070, 
        "date": "2012-12-31", 
        "operating_revenue": 922157, 
        "short_term_average": 951575
    }, 
    {
        "accumulated_operating_revenue_yoy": -14.865116627516464, 
        "accumulated_operating_revenue": 863667, 
        "long_term_average": 1040503, 
        "date": "2013-01-31", 
        "operating_revenue": 863667, 
        "short_term_average": 888956
    }, 
    {
        "accumulated_operating_revenue_yoy": -25.201832395803553, 
        "accumulated_operating_revenue": 1580219, 
        "long_term_average": 1008701, 
        "date": "2013-02-28", 
        "operating_revenue": 716552, 
        "short_term_average": 834125
    }, 
    {
        "accumulated_operating_revenue_yoy": -25.698779503070057, 
        "accumulated_operating_revenue": 2467866, 
        "long_term_average": 981939, 
        "date": "2013-03-31", 
        "operating_revenue": 887647, 
        "short_term_average": 822622
    }, 
    {
        "accumulated_operating_revenue_yoy": -25.814244180085467, 
        "accumulated_operating_revenue": 3328338, 
        "long_term_average": 956557, 
        "date": "2013-04-30", 
        "operating_revenue": 860472, 
        "short_term_average": 821557
    }, 
    {
        "accumulated_operating_revenue_yoy": -23.932501638803263, 
        "accumulated_operating_revenue": 4227382, 
        "long_term_average": 942234, 
        "date": "2013-05-31", 
        "operating_revenue": 899044, 
        "short_term_average": 882387
    }, 
    {
        "accumulated_operating_revenue_yoy": -22.56550177255587, 
        "accumulated_operating_revenue": 5143935, 
        "long_term_average": 928152, 
        "date": "2013-06-30", 
        "operating_revenue": 916553, 
        "short_term_average": 892023
    }, 
    {
        "accumulated_operating_revenue_yoy": -21.161286547359783, 
        "accumulated_operating_revenue": 6008974, 
        "long_term_average": 918663, 
        "date": "2013-07-31", 
        "operating_revenue": 865039, 
        "short_term_average": 893545
    }, 
    {
        "accumulated_operating_revenue_yoy": -20.911377309577063, 
        "accumulated_operating_revenue": 6889247, 
        "long_term_average": 901274, 
        "date": "2013-08-31", 
        "operating_revenue": 880273, 
        "short_term_average": 887288
    }, 
    {
        "accumulated_operating_revenue_yoy": -19.971840454183848, 
        "accumulated_operating_revenue": 7828449, 
        "long_term_average": 890264, 
        "date": "2013-09-30", 
        "operating_revenue": 939202, 
        "short_term_average": 894838
    }, 
    {
        "accumulated_operating_revenue_yoy": -19.279830431923962, 
        "accumulated_operating_revenue": 8744935, 
        "long_term_average": 879011, 
        "date": "2013-10-31", 
        "operating_revenue": 916486, 
        "short_term_average": 911987
    }, 
    {
        "accumulated_operating_revenue_yoy": -17.065302976912402, 
        "accumulated_operating_revenue": 9715541, 
        "long_term_average": 886474, 
        "date": "2013-11-30", 
        "operating_revenue": 970606, 
        "short_term_average": 942098
    }, 
    {
        "accumulated_operating_revenue_yoy": -15.159828264095983, 
        "accumulated_operating_revenue": 10721121, 
        "long_term_average": 893426, 
        "date": "2013-12-31", 
        "operating_revenue": 1005580, 
        "short_term_average": 964224
    }, 
    {
        "accumulated_operating_revenue_yoy": 6.08683670905569, 
        "accumulated_operating_revenue": 916237, 
        "long_term_average": 897807, 
        "date": "2014-01-31", 
        "operating_revenue": 916237, 
        "short_term_average": 964141
    }, 
    {
        "accumulated_operating_revenue_yoy": 5.047844634193108, 
        "accumulated_operating_revenue": 1659986, 
        "long_term_average": 900074, 
        "date": "2014-02-28", 
        "operating_revenue": 743749, 
        "short_term_average": 888522
    }, 
    {
        "accumulated_operating_revenue_yoy": 3.9921130239648344, 
        "accumulated_operating_revenue": 2566386, 
        "long_term_average": 901636, 
        "date": "2014-03-31", 
        "operating_revenue": 906400, 
        "short_term_average": 855462
    }, 
    {
        "accumulated_operating_revenue_yoy": 5.157529073068901, 
        "accumulated_operating_revenue": 3499998, 
        "long_term_average": 907731, 
        "date": "2014-04-30", 
        "operating_revenue": 933612, 
        "short_term_average": 861253
    }, 
    {
        "accumulated_operating_revenue_yoy": 4.472697286405629, 
        "accumulated_operating_revenue": 4416460, 
        "long_term_average": 909183, 
        "date": "2014-05-31", 
        "operating_revenue": 916462, 
        "short_term_average": 918824
    }, 
    {
        "accumulated_operating_revenue_yoy": 3.855822439435957, 
        "accumulated_operating_revenue": 5342276, 
        "long_term_average": 909955, 
        "date": "2014-06-30", 
        "operating_revenue": 925816, 
        "short_term_average": 925296
    }, 
    {
        "accumulated_operating_revenue_yoy": 3.533015786055989, 
        "accumulated_operating_revenue": 6221272, 
        "long_term_average": 911118, 
        "date": "2014-07-31", 
        "operating_revenue": 878996, 
        "short_term_average": 907091
    }, 
    {
        "accumulated_operating_revenue_yoy": 3.471845326492141, 
        "accumulated_operating_revenue": 7128431, 
        "long_term_average": 913358, 
        "date": "2014-08-31", 
        "operating_revenue": 907159, 
        "short_term_average": 903990
    }, 
    {
        "accumulated_operating_revenue_yoy": 3.5163925830007963, 
        "accumulated_operating_revenue": 8103728, 
        "long_term_average": 916366, 
        "date": "2014-09-30", 
        "operating_revenue": 975297, 
        "short_term_average": 920484
    }, 
    {
        "accumulated_operating_revenue_yoy": 3.160835386426543, 
        "accumulated_operating_revenue": 9021348, 
        "long_term_average": 916461, 
        "date": "2014-10-31", 
        "operating_revenue": 917620, 
        "short_term_average": 933358
    }, 
    {
        "accumulated_operating_revenue_yoy": 2.9510760131628286, 
        "accumulated_operating_revenue": 10002254, 
        "long_term_average": 917319, 
        "date": "2014-11-30", 
        "operating_revenue": 980906, 
        "short_term_average": 957941
    }, 
    {
        "accumulated_operating_revenue_yoy": 3.1186011238936677, 
        "accumulated_operating_revenue": 11055470, 
        "long_term_average": 921289, 
        "date": "2014-12-31", 
        "operating_revenue": 1053216, 
        "short_term_average": 983914
    }, 
    {
        "accumulated_operating_revenue_yoy": 7.547283071956273, 
        "accumulated_operating_revenue": 985388, 
        "long_term_average": 927051, 
        "date": "2015-01-31", 
        "operating_revenue": 985388, 
        "short_term_average": 1006503
    }, 
    {
        "accumulated_operating_revenue_yoy": 6.300535064753558, 
        "accumulated_operating_revenue": 1764574, 
        "long_term_average": 930004, 
        "date": "2015-02-28", 
        "operating_revenue": 779186, 
        "short_term_average": 939263
    }, 
    {
        "accumulated_operating_revenue_yoy": 14.170393697596543, 
        "accumulated_operating_revenue": 2930053, 
        "long_term_average": 951594, 
        "date": "2015-03-31", 
        "operating_revenue": 1165479, 
        "short_term_average": 976684
    }, 
    {
        "accumulated_operating_revenue_yoy": 17.089952622830072, 
        "accumulated_operating_revenue": 4098146, 
        "long_term_average": 971134, 
        "date": "2015-04-30", 
        "operating_revenue": 1168093, 
        "short_term_average": 1037586
    }, 
    {
        "accumulated_operating_revenue_yoy": 18.40804626329685, 
        "accumulated_operating_revenue": 5229444, 
        "long_term_average": 989037, 
        "date": "2015-05-31", 
        "operating_revenue": 1131298, 
        "short_term_average": 1154956
    }, 
    {
        "accumulated_operating_revenue_yoy": 19.466160116025456, 
        "accumulated_operating_revenue": 6382212, 
        "long_term_average": 1007950, 
        "date": "2015-06-30", 
        "operating_revenue": 1152768, 
        "short_term_average": 1150719
    }, 
    {
        "accumulated_operating_revenue_yoy": 20.251887395375093, 
        "accumulated_operating_revenue": 7481197, 
        "long_term_average": 1026282, 
        "date": "2015-07-31", 
        "operating_revenue": 1098985, 
        "short_term_average": 1127683
    }, 
    {
        "accumulated_operating_revenue_yoy": 20.424943441270596, 
        "accumulated_operating_revenue": 8584409, 
        "long_term_average": 1042620, 
        "date": "2015-08-31", 
        "operating_revenue": 1103212, 
        "short_term_average": 1118321
    }
]