[
    {
        "date": "2011-09-30", 
        "operating_revenue": 5205323, 
        "accumulated_operating_revenue": 5205323, 
        "long_term_average": 5205323, 
        "short_term_average": 5205323
    }, 
    {
        "date": "2011-10-31", 
        "operating_revenue": 5861387, 
        "accumulated_operating_revenue": 11066710, 
        "long_term_average": 5533355, 
        "short_term_average": 5533355
    }, 
    {
        "date": "2011-11-30", 
        "operating_revenue": 4857636, 
        "accumulated_operating_revenue": 15924346, 
        "long_term_average": 5308115, 
        "short_term_average": 5308115
    }, 
    {
        "date": "2011-12-31", 
        "operating_revenue": 2111382, 
        "accumulated_operating_revenue": 18035728, 
        "long_term_average": 4508932, 
        "short_term_average": 4276801
    }, 
    {
        "date": "2012-01-31", 
        "operating_revenue": 1836960, 
        "accumulated_operating_revenue": 1836960, 
        "long_term_average": 3974537, 
        "short_term_average": 2935326
    }, 
    {
        "date": "2012-02-29", 
        "operating_revenue": 3890673, 
        "accumulated_operating_revenue": 5727633, 
        "long_term_average": 3960560, 
        "short_term_average": 2613005
    }, 
    {
        "date": "2012-03-31", 
        "operating_revenue": 4317320, 
        "accumulated_operating_revenue": 10044953, 
        "long_term_average": 4011525, 
        "short_term_average": 3348317
    }, 
    {
        "date": "2012-04-30", 
        "operating_revenue": 4183266, 
        "accumulated_operating_revenue": 14228219, 
        "long_term_average": 4032993, 
        "short_term_average": 4130419
    }, 
    {
        "date": "2012-05-31", 
        "operating_revenue": 4209287, 
        "accumulated_operating_revenue": 18437506, 
        "long_term_average": 4052581, 
        "short_term_average": 4236624
    }, 
    {
        "date": "2012-06-30", 
        "operating_revenue": 3386496, 
        "accumulated_operating_revenue": 21824002, 
        "long_term_average": 3985973, 
        "short_term_average": 3926349
    }, 
    {
        "date": "2012-07-31", 
        "operating_revenue": 3274397, 
        "accumulated_operating_revenue": 25098399, 
        "long_term_average": 3921284, 
        "short_term_average": 3623393
    }, 
    {
        "date": "2012-08-31", 
        "operating_revenue": 3819146, 
        "accumulated_operating_revenue": 28917545, 
        "long_term_average": 3912772, 
        "short_term_average": 3493346
    }, 
    {
        "accumulated_operating_revenue_yoy": 537.3536089883376, 
        "accumulated_operating_revenue": 33176314, 
        "long_term_average": 3833893, 
        "date": "2012-09-30", 
        "operating_revenue": 4258769, 
        "short_term_average": 3784104
    }, 
    {
        "accumulated_operating_revenue_yoy": 240.4536036455279, 
        "accumulated_operating_revenue": 37677013, 
        "long_term_average": 3720502, 
        "date": "2012-10-31", 
        "operating_revenue": 4500699, 
        "short_term_average": 4192871
    }, 
    {
        "accumulated_operating_revenue_yoy": 161.79334460580046, 
        "accumulated_operating_revenue": 41688878, 
        "long_term_average": 3650021, 
        "date": "2012-11-30", 
        "operating_revenue": 4011865, 
        "short_term_average": 4257111
    }, 
    {
        "accumulated_operating_revenue_yoy": 140.74758723351783, 
        "accumulated_operating_revenue": 43420580, 
        "long_term_average": 3618381, 
        "date": "2012-12-31", 
        "operating_revenue": 1731702, 
        "short_term_average": 3414755
    }, 
    {
        "accumulated_operating_revenue_yoy": 71.96220930232559, 
        "accumulated_operating_revenue": 3158877, 
        "long_term_average": 3728541, 
        "date": "2013-01-31", 
        "operating_revenue": 3158877, 
        "short_term_average": 2967481
    }, 
    {
        "accumulated_operating_revenue_yoy": -11.055998175860779, 
        "accumulated_operating_revenue": 5094386, 
        "long_term_average": 3565611, 
        "date": "2013-02-28", 
        "operating_revenue": 1935509, 
        "short_term_average": 2275362
    }, 
    {
        "accumulated_operating_revenue_yoy": -29.591407744764957, 
        "accumulated_operating_revenue": 7072510, 
        "long_term_average": 3370678, 
        "date": "2013-03-31", 
        "operating_revenue": 1978124, 
        "short_term_average": 2357503
    }, 
    {
        "accumulated_operating_revenue_yoy": -29.048189376337263, 
        "accumulated_operating_revenue": 10095179, 
        "long_term_average": 3273961, 
        "date": "2013-04-30", 
        "operating_revenue": 3022669, 
        "short_term_average": 2312100
    }, 
    {
        "accumulated_operating_revenue_yoy": -34.61885788674455, 
        "accumulated_operating_revenue": 12054652, 
        "long_term_average": 3086477, 
        "date": "2013-05-31", 
        "operating_revenue": 1959473, 
        "short_term_average": 2320088
    }, 
    {
        "accumulated_operating_revenue_yoy": -37.31731696138957, 
        "accumulated_operating_revenue": 13679870, 
        "long_term_average": 2939704, 
        "date": "2013-06-30", 
        "operating_revenue": 1625218, 
        "short_term_average": 2202453
    }, 
    {
        "accumulated_operating_revenue_yoy": -36.62691393184083, 
        "accumulated_operating_revenue": 15905630, 
        "long_term_average": 2852317, 
        "date": "2013-07-31", 
        "operating_revenue": 2225760, 
        "short_term_average": 1936817
    }, 
    {
        "accumulated_operating_revenue_yoy": -38.03471214447838, 
        "accumulated_operating_revenue": 17918840, 
        "long_term_average": 2701822, 
        "date": "2013-08-31", 
        "operating_revenue": 2013210, 
        "short_term_average": 1954729
    }, 
    {
        "accumulated_operating_revenue_yoy": -39.32715068949492, 
        "accumulated_operating_revenue": 20129015, 
        "long_term_average": 2531106, 
        "date": "2013-09-30", 
        "operating_revenue": 2210175, 
        "short_term_average": 2149715
    }, 
    {
        "accumulated_operating_revenue_yoy": -39.3678129420716, 
        "accumulated_operating_revenue": 22844397, 
        "long_term_average": 2382330, 
        "date": "2013-10-31", 
        "operating_revenue": 2715382, 
        "short_term_average": 2312922
    }, 
    {
        "accumulated_operating_revenue_yoy": -39.618012746709084, 
        "accumulated_operating_revenue": 25172573, 
        "long_term_average": 2242022, 
        "date": "2013-11-30", 
        "operating_revenue": 2328176, 
        "short_term_average": 2417911
    }, 
    {
        "accumulated_operating_revenue_yoy": -38.482998154331426, 
        "accumulated_operating_revenue": 26711039, 
        "long_term_average": 2225919, 
        "date": "2013-12-31", 
        "operating_revenue": 1538466, 
        "short_term_average": 2194008
    }, 
    {
        "accumulated_operating_revenue_yoy": -42.20379584263648, 
        "accumulated_operating_revenue": 1825711, 
        "long_term_average": 2114822, 
        "date": "2014-01-31", 
        "operating_revenue": 1825711, 
        "short_term_average": 1897451
    }, 
    {
        "accumulated_operating_revenue_yoy": -38.07722854137869, 
        "accumulated_operating_revenue": 3154585, 
        "long_term_average": 2064269, 
        "date": "2014-02-28", 
        "operating_revenue": 1328874, 
        "short_term_average": 1564350
    }, 
    {
        "accumulated_operating_revenue_yoy": -27.444867522279925, 
        "accumulated_operating_revenue": 5131469, 
        "long_term_average": 2064166, 
        "date": "2014-03-31", 
        "operating_revenue": 1976884, 
        "short_term_average": 1710489
    }, 
    {
        "accumulated_operating_revenue_yoy": -25.389515133906986, 
        "accumulated_operating_revenue": 7532062, 
        "long_term_average": 2012326, 
        "date": "2014-04-30", 
        "operating_revenue": 2400593, 
        "short_term_average": 1902117
    }, 
    {
        "accumulated_operating_revenue_yoy": -18.904610435871565, 
        "accumulated_operating_revenue": 9775767, 
        "long_term_average": 2036012, 
        "date": "2014-05-31", 
        "operating_revenue": 2243705, 
        "short_term_average": 2207060
    }, 
    {
        "accumulated_operating_revenue_yoy": -13.544405027240755, 
        "accumulated_operating_revenue": 11827013, 
        "long_term_average": 2071515, 
        "date": "2014-06-30", 
        "operating_revenue": 2051246, 
        "short_term_average": 2231848
    }, 
    {
        "accumulated_operating_revenue_yoy": -13.259066129414554, 
        "accumulated_operating_revenue": 13796692, 
        "long_term_average": 2050175, 
        "date": "2014-07-31", 
        "operating_revenue": 1969679, 
        "short_term_average": 2088210
    }, 
    {
        "accumulated_operating_revenue_yoy": -12.643949050273342, 
        "accumulated_operating_revenue": 15653191, 
        "long_term_average": 2037115, 
        "date": "2014-08-31", 
        "operating_revenue": 1856499, 
        "short_term_average": 1959141
    }, 
    {
        "accumulated_operating_revenue_yoy": -11.554941958163377, 
        "accumulated_operating_revenue": 17803119, 
        "long_term_average": 2032095, 
        "date": "2014-09-30", 
        "operating_revenue": 2149928, 
        "short_term_average": 1992035
    }, 
    {
        "accumulated_operating_revenue_yoy": -10.930680288912857, 
        "accumulated_operating_revenue": 20347349, 
        "long_term_average": 2017832, 
        "date": "2014-10-31", 
        "operating_revenue": 2544230, 
        "short_term_average": 2183552
    }, 
    {
        "accumulated_operating_revenue_yoy": -9.510934778101547, 
        "accumulated_operating_revenue": 22778426, 
        "long_term_average": 2026407, 
        "date": "2014-11-30", 
        "operating_revenue": 2431077, 
        "short_term_average": 2375078
    }, 
    {
        "accumulated_operating_revenue_yoy": -9.47079220692239, 
        "accumulated_operating_revenue": 24181292, 
        "long_term_average": 2015107, 
        "date": "2014-12-31", 
        "operating_revenue": 1402866, 
        "short_term_average": 2126057
    }, 
    {
        "accumulated_operating_revenue_yoy": -10.125425108355046, 
        "accumulated_operating_revenue": 1640850, 
        "long_term_average": 1999702, 
        "date": "2015-01-31", 
        "operating_revenue": 1640850, 
        "short_term_average": 1824931
    }, 
    {
        "accumulated_operating_revenue_yoy": -6.24402258934218, 
        "accumulated_operating_revenue": 2957612, 
        "long_term_average": 1998693, 
        "date": "2015-02-28", 
        "operating_revenue": 1316762, 
        "short_term_average": 1453492
    }, 
    {
        "accumulated_operating_revenue_yoy": -9.748378096018898, 
        "accumulated_operating_revenue": 4631234, 
        "long_term_average": 1973421, 
        "date": "2015-03-31", 
        "operating_revenue": 1673622, 
        "short_term_average": 1543744
    }, 
    {
        "accumulated_operating_revenue_yoy": -13.338312934758104, 
        "accumulated_operating_revenue": 6527412, 
        "long_term_average": 1931386, 
        "date": "2015-04-30", 
        "operating_revenue": 1896178, 
        "short_term_average": 1628854
    }, 
    {
        "accumulated_operating_revenue_yoy": -16.81920201248659, 
        "accumulated_operating_revenue": 8131561, 
        "long_term_average": 1878090, 
        "date": "2015-05-31", 
        "operating_revenue": 1604149, 
        "short_term_average": 1724649
    }, 
    {
        "accumulated_operating_revenue_yoy": -19.093620680048293, 
        "accumulated_operating_revenue": 9568808, 
        "long_term_average": 1826923, 
        "date": "2015-06-30", 
        "operating_revenue": 1437247, 
        "short_term_average": 1645858
    }, 
    {
        "accumulated_operating_revenue_yoy": -19.1924629469151, 
        "accumulated_operating_revenue": 11148767, 
        "long_term_average": 1794447, 
        "date": "2015-07-31", 
        "operating_revenue": 1579959, 
        "short_term_average": 1540451
    }, 
    {
        "accumulated_operating_revenue_yoy": -18.593569835057913, 
        "accumulated_operating_revenue": 12742704, 
        "long_term_average": 1772567, 
        "date": "2015-08-31", 
        "operating_revenue": 1593937, 
        "short_term_average": 1537047
    }, 
    {
        "accumulated_operating_revenue_yoy": -18.30168635057711, 
        "accumulated_operating_revenue": 14544848, 
        "long_term_average": 1743585, 
        "date": "2015-09-30", 
        "operating_revenue": 1802144, 
        "short_term_average": 1658680
    }
]