[
    {
        "date": "2011-09-30", 
        "operating_revenue": 158666, 
        "accumulated_operating_revenue": 158666, 
        "long_term_average": 158666, 
        "short_term_average": 158666
    }, 
    {
        "date": "2011-10-31", 
        "operating_revenue": 159300, 
        "accumulated_operating_revenue": 317966, 
        "long_term_average": 158983, 
        "short_term_average": 158983
    }, 
    {
        "date": "2011-11-30", 
        "operating_revenue": 168707, 
        "accumulated_operating_revenue": 486673, 
        "long_term_average": 162224, 
        "short_term_average": 162224
    }, 
    {
        "date": "2011-12-31", 
        "operating_revenue": 164702, 
        "accumulated_operating_revenue": 651375, 
        "long_term_average": 162843, 
        "short_term_average": 164236
    }, 
    {
        "date": "2012-01-31", 
        "operating_revenue": 113469, 
        "accumulated_operating_revenue": 113469, 
        "long_term_average": 152968, 
        "short_term_average": 148959
    }, 
    {
        "date": "2012-02-29", 
        "operating_revenue": 125939, 
        "accumulated_operating_revenue": 239408, 
        "long_term_average": 148463, 
        "short_term_average": 134703
    }, 
    {
        "date": "2012-03-31", 
        "operating_revenue": 159113, 
        "accumulated_operating_revenue": 398521, 
        "long_term_average": 149985, 
        "short_term_average": 132840
    }, 
    {
        "date": "2012-04-30", 
        "operating_revenue": 157528, 
        "accumulated_operating_revenue": 556049, 
        "long_term_average": 150928, 
        "short_term_average": 147526
    }, 
    {
        "date": "2012-05-31", 
        "operating_revenue": 150689, 
        "accumulated_operating_revenue": 706738, 
        "long_term_average": 150901, 
        "short_term_average": 155776
    }, 
    {
        "date": "2012-06-30", 
        "operating_revenue": 139990, 
        "accumulated_operating_revenue": 846728, 
        "long_term_average": 149810, 
        "short_term_average": 149402
    }, 
    {
        "date": "2012-07-31", 
        "operating_revenue": 138921, 
        "accumulated_operating_revenue": 985649, 
        "long_term_average": 148820, 
        "short_term_average": 143200
    }, 
    {
        "date": "2012-08-31", 
        "operating_revenue": 140406, 
        "accumulated_operating_revenue": 1126055, 
        "long_term_average": 148119, 
        "short_term_average": 139772
    }, 
    {
        "accumulated_operating_revenue_yoy": 700.6094563422536, 
        "accumulated_operating_revenue": 1270295, 
        "long_term_average": 146917, 
        "date": "2012-09-30", 
        "operating_revenue": 144240, 
        "short_term_average": 141189
    }, 
    {
        "accumulated_operating_revenue_yoy": 340.5118786285326, 
        "accumulated_operating_revenue": 1400678, 
        "long_term_average": 144507, 
        "date": "2012-10-31", 
        "operating_revenue": 130383, 
        "short_term_average": 138343
    }, 
    {
        "accumulated_operating_revenue_yoy": 216.57005833485726, 
        "accumulated_operating_revenue": 1540661, 
        "long_term_average": 142113, 
        "date": "2012-11-30", 
        "operating_revenue": 139983, 
        "short_term_average": 138202
    }, 
    {
        "accumulated_operating_revenue_yoy": 157.79773555939357, 
        "accumulated_operating_revenue": 1679230, 
        "long_term_average": 139935, 
        "date": "2012-12-31", 
        "operating_revenue": 138569, 
        "short_term_average": 136311
    }, 
    {
        "accumulated_operating_revenue_yoy": 36.8550000440649, 
        "accumulated_operating_revenue": 155288, 
        "long_term_average": 143420, 
        "date": "2013-01-31", 
        "operating_revenue": 155288, 
        "short_term_average": 144613
    }, 
    {
        "accumulated_operating_revenue_yoy": 9.160930294726993, 
        "accumulated_operating_revenue": 261340, 
        "long_term_average": 141763, 
        "date": "2013-02-28", 
        "operating_revenue": 106052, 
        "short_term_average": 133303
    }, 
    {
        "accumulated_operating_revenue_yoy": 4.825592628744784, 
        "accumulated_operating_revenue": 417752, 
        "long_term_average": 141538, 
        "date": "2013-03-31", 
        "operating_revenue": 156412, 
        "short_term_average": 139250
    }, 
    {
        "accumulated_operating_revenue_yoy": 4.371737023176015, 
        "accumulated_operating_revenue": 580358, 
        "long_term_average": 141961, 
        "date": "2013-04-30", 
        "operating_revenue": 162606, 
        "short_term_average": 141690
    }, 
    {
        "accumulated_operating_revenue_yoy": 7.9255678907883835, 
        "accumulated_operating_revenue": 762751, 
        "long_term_average": 144603, 
        "date": "2013-05-31", 
        "operating_revenue": 182393, 
        "short_term_average": 167137
    }, 
    {
        "accumulated_operating_revenue_yoy": 7.725149044321198, 
        "accumulated_operating_revenue": 912139, 
        "long_term_average": 145386, 
        "date": "2013-06-30", 
        "operating_revenue": 149388, 
        "short_term_average": 164795
    }, 
    {
        "accumulated_operating_revenue_yoy": 7.428912320714574, 
        "accumulated_operating_revenue": 1058872, 
        "long_term_average": 146037, 
        "date": "2013-07-31", 
        "operating_revenue": 146733, 
        "short_term_average": 159504
    }, 
    {
        "accumulated_operating_revenue_yoy": 6.731553964948427, 
        "accumulated_operating_revenue": 1201856, 
        "long_term_average": 146252, 
        "date": "2013-08-31", 
        "operating_revenue": 142984, 
        "short_term_average": 146368
    }, 
    {
        "accumulated_operating_revenue_yoy": 4.602238062812181, 
        "accumulated_operating_revenue": 1328757, 
        "long_term_average": 144807, 
        "date": "2013-09-30", 
        "operating_revenue": 126901, 
        "short_term_average": 138872
    }, 
    {
        "accumulated_operating_revenue_yoy": 4.2098183879521205, 
        "accumulated_operating_revenue": 1459644, 
        "long_term_average": 144849, 
        "date": "2013-10-31", 
        "operating_revenue": 130887, 
        "short_term_average": 133590
    }, 
    {
        "accumulated_operating_revenue_yoy": 4.191772232827338, 
        "accumulated_operating_revenue": 1605242, 
        "long_term_average": 145317, 
        "date": "2013-11-30", 
        "operating_revenue": 145598, 
        "short_term_average": 134462
    }, 
    {
        "accumulated_operating_revenue_yoy": 4.258618533494518, 
        "accumulated_operating_revenue": 1750742, 
        "long_term_average": 145895, 
        "date": "2013-12-31", 
        "operating_revenue": 145500, 
        "short_term_average": 140661
    }, 
    {
        "accumulated_operating_revenue_yoy": -7.21562516099119, 
        "accumulated_operating_revenue": 144083, 
        "long_term_average": 144961, 
        "date": "2014-01-31", 
        "operating_revenue": 144083, 
        "short_term_average": 145060
    }, 
    {
        "accumulated_operating_revenue_yoy": 0.47983469809443635, 
        "accumulated_operating_revenue": 262594, 
        "long_term_average": 145999, 
        "date": "2014-02-28", 
        "operating_revenue": 118511, 
        "short_term_average": 136031
    }, 
    {
        "accumulated_operating_revenue_yoy": -1.3084317968555506, 
        "accumulated_operating_revenue": 412286, 
        "long_term_average": 145439, 
        "date": "2014-03-31", 
        "operating_revenue": 149692, 
        "short_term_average": 137428
    }, 
    {
        "accumulated_operating_revenue_yoy": -3.8691635163123452, 
        "accumulated_operating_revenue": 557903, 
        "long_term_average": 144023, 
        "date": "2014-04-30", 
        "operating_revenue": 145617, 
        "short_term_average": 137940
    }, 
    {
        "accumulated_operating_revenue_yoy": -7.035454558564984, 
        "accumulated_operating_revenue": 709088, 
        "long_term_average": 141423, 
        "date": "2014-05-31", 
        "operating_revenue": 151185, 
        "short_term_average": 148831
    }, 
    {
        "accumulated_operating_revenue_yoy": -8.302681937730982, 
        "accumulated_operating_revenue": 836407, 
        "long_term_average": 139584, 
        "date": "2014-06-30", 
        "operating_revenue": 127319, 
        "short_term_average": 141373
    }, 
    {
        "accumulated_operating_revenue_yoy": -8.02844914210594, 
        "accumulated_operating_revenue": 973861, 
        "long_term_average": 138810, 
        "date": "2014-07-31", 
        "operating_revenue": 137454, 
        "short_term_average": 138652
    }, 
    {
        "accumulated_operating_revenue_yoy": -7.9062716332073055, 
        "accumulated_operating_revenue": 1106834, 
        "long_term_average": 137976, 
        "date": "2014-08-31", 
        "operating_revenue": 132973, 
        "short_term_average": 132582
    }, 
    {
        "accumulated_operating_revenue_yoy": -6.288885025629217, 
        "accumulated_operating_revenue": 1245193, 
        "long_term_average": 138931, 
        "date": "2014-09-30", 
        "operating_revenue": 138359, 
        "short_term_average": 136262
    }, 
    {
        "accumulated_operating_revenue_yoy": -6.532894322177188, 
        "accumulated_operating_revenue": 1364287, 
        "long_term_average": 137948, 
        "date": "2014-10-31", 
        "operating_revenue": 119094, 
        "short_term_average": 130142
    }, 
    {
        "accumulated_operating_revenue_yoy": -6.839778675115653, 
        "accumulated_operating_revenue": 1495447, 
        "long_term_average": 136745, 
        "date": "2014-11-30", 
        "operating_revenue": 131160, 
        "short_term_average": 129537
    }, 
    {
        "accumulated_operating_revenue_yoy": -6.764617516458736, 
        "accumulated_operating_revenue": 1632311, 
        "long_term_average": 136025, 
        "date": "2014-12-31", 
        "operating_revenue": 136864, 
        "short_term_average": 129039
    }, 
    {
        "accumulated_operating_revenue_yoy": -3.059347737068218, 
        "accumulated_operating_revenue": 139675, 
        "long_term_average": 135658, 
        "date": "2015-01-31", 
        "operating_revenue": 139675, 
        "short_term_average": 135899
    }, 
    {
        "accumulated_operating_revenue_yoy": -16.931460734060945, 
        "accumulated_operating_revenue": 218133, 
        "long_term_average": 132320, 
        "date": "2015-02-28", 
        "operating_revenue": 78458, 
        "short_term_average": 118332
    }, 
    {
        "accumulated_operating_revenue_yoy": -17.150230665120812, 
        "accumulated_operating_revenue": 341578, 
        "long_term_average": 130133, 
        "date": "2015-03-31", 
        "operating_revenue": 123445, 
        "short_term_average": 113859
    }, 
    {
        "accumulated_operating_revenue_yoy": -16.27433442731084, 
        "accumulated_operating_revenue": 467108, 
        "long_term_average": 128459, 
        "date": "2015-04-30", 
        "operating_revenue": 125530, 
        "short_term_average": 109144
    }, 
    {
        "accumulated_operating_revenue_yoy": -18.71883320546956, 
        "accumulated_operating_revenue": 576355, 
        "long_term_average": 124964, 
        "date": "2015-05-31", 
        "operating_revenue": 109247, 
        "short_term_average": 119407
    }, 
    {
        "accumulated_operating_revenue_yoy": -17.9399502873601, 
        "accumulated_operating_revenue": 686356, 
        "long_term_average": 123521, 
        "date": "2015-06-30", 
        "operating_revenue": 110001, 
        "short_term_average": 114926
    }, 
    {
        "accumulated_operating_revenue_yoy": -16.71213859062022, 
        "accumulated_operating_revenue": 811108, 
        "long_term_average": 122463, 
        "date": "2015-07-31", 
        "operating_revenue": 124752, 
        "short_term_average": 114666
    }, 
    {
        "accumulated_operating_revenue_yoy": -14.993034185794798, 
        "accumulated_operating_revenue": 940886, 
        "long_term_average": 122196, 
        "date": "2015-08-31", 
        "operating_revenue": 129778, 
        "short_term_average": 121510
    }, 
    {
        "accumulated_operating_revenue_yoy": -13.483371654032746, 
        "accumulated_operating_revenue": 1077299, 
        "long_term_average": 122034, 
        "date": "2015-09-30", 
        "operating_revenue": 136413, 
        "short_term_average": 130314
    }, 
    {
        "accumulated_operating_revenue_yoy": -11.202115097483155, 
        "accumulated_operating_revenue": 1211458, 
        "long_term_average": 123290, 
        "date": "2015-10-31", 
        "operating_revenue": 134159, 
        "short_term_average": 133450
    }
]