[
    {
        "date": "2012-01-31", 
        "operating_revenue": 3190535, 
        "accumulated_operating_revenue": 3190535, 
        "long_term_average": 3190535, 
        "short_term_average": 3190535
    }, 
    {
        "date": "2012-02-29", 
        "operating_revenue": 3439891, 
        "accumulated_operating_revenue": 6630426, 
        "long_term_average": 3315213, 
        "short_term_average": 3315213
    }, 
    {
        "date": "2012-03-31", 
        "operating_revenue": 4069577, 
        "accumulated_operating_revenue": 10700003, 
        "long_term_average": 3566667, 
        "short_term_average": 3566667
    }, 
    {
        "date": "2012-04-30", 
        "operating_revenue": 2986898, 
        "accumulated_operating_revenue": 13686901, 
        "long_term_average": 3421725, 
        "short_term_average": 3498788
    }, 
    {
        "date": "2012-05-31", 
        "operating_revenue": 3660078, 
        "accumulated_operating_revenue": 17346979, 
        "long_term_average": 3469395, 
        "short_term_average": 3572184
    }, 
    {
        "date": "2012-06-30", 
        "operating_revenue": 3594653, 
        "accumulated_operating_revenue": 20941632, 
        "long_term_average": 3490272, 
        "short_term_average": 3413876
    }, 
    {
        "date": "2012-07-31", 
        "operating_revenue": 4567878, 
        "accumulated_operating_revenue": 25509510, 
        "long_term_average": 3644215, 
        "short_term_average": 3940869
    }, 
    {
        "date": "2012-08-31", 
        "operating_revenue": 4427206, 
        "accumulated_operating_revenue": 29936716, 
        "long_term_average": 3742089, 
        "short_term_average": 4196579
    }, 
    {
        "date": "2012-09-30", 
        "operating_revenue": 4491800, 
        "accumulated_operating_revenue": 34428516, 
        "long_term_average": 3825390, 
        "short_term_average": 4495628
    }, 
    {
        "date": "2012-10-31", 
        "operating_revenue": 3846131, 
        "accumulated_operating_revenue": 38274647, 
        "long_term_average": 3827464, 
        "short_term_average": 4255045
    }, 
    {
        "date": "2012-11-30", 
        "operating_revenue": 4085054, 
        "accumulated_operating_revenue": 42359701, 
        "long_term_average": 3850881, 
        "short_term_average": 4140995
    }, 
    {
        "date": "2012-12-31", 
        "operating_revenue": 3437958, 
        "accumulated_operating_revenue": 45797659, 
        "long_term_average": 3816471, 
        "short_term_average": 3789714
    }, 
    {
        "accumulated_operating_revenue_yoy": 43.031309796006, 
        "accumulated_operating_revenue": 4563464, 
        "long_term_average": 3930882, 
        "date": "2013-01-31", 
        "operating_revenue": 4563464, 
        "short_term_average": 4028825
    }, 
    {
        "accumulated_operating_revenue_yoy": 20.158674570834513, 
        "accumulated_operating_revenue": 7967032, 
        "long_term_average": 3927855, 
        "date": "2013-02-28", 
        "operating_revenue": 3403568, 
        "short_term_average": 3801663
    }, 
    {
        "accumulated_operating_revenue_yoy": 15.82797687066069, 
        "accumulated_operating_revenue": 12393597, 
        "long_term_average": 3957604, 
        "date": "2013-03-31", 
        "operating_revenue": 4426565, 
        "short_term_average": 4131199
    }, 
    {
        "accumulated_operating_revenue_yoy": 15.880914167494891, 
        "accumulated_operating_revenue": 15860506, 
        "long_term_average": 3997605, 
        "date": "2013-04-30", 
        "operating_revenue": 3466909, 
        "short_term_average": 3765680
    }, 
    {
        "accumulated_operating_revenue_yoy": 14.476267020326707, 
        "accumulated_operating_revenue": 19858174, 
        "long_term_average": 4025737, 
        "date": "2013-05-31", 
        "operating_revenue": 3997668, 
        "short_term_average": 3963714
    }, 
    {
        "accumulated_operating_revenue_yoy": 14.341150680138014, 
        "accumulated_operating_revenue": 23944903, 
        "long_term_average": 4066744, 
        "date": "2013-06-30", 
        "operating_revenue": 4086729, 
        "short_term_average": 3850435
    }, 
    {
        "accumulated_operating_revenue_yoy": 12.354902152177756, 
        "accumulated_operating_revenue": 28661185, 
        "long_term_average": 4079111, 
        "date": "2013-07-31", 
        "operating_revenue": 4716282, 
        "short_term_average": 4266893
    }, 
    {
        "accumulated_operating_revenue_yoy": 9.913448756369938, 
        "accumulated_operating_revenue": 32904477, 
        "long_term_average": 4063785, 
        "date": "2013-08-31", 
        "operating_revenue": 4243292, 
        "short_term_average": 4348767
    }, 
    {
        "accumulated_operating_revenue_yoy": 10.490016473553492, 
        "accumulated_operating_revenue": 38040073, 
        "long_term_average": 4117434, 
        "date": "2013-09-30", 
        "operating_revenue": 5135596, 
        "short_term_average": 4698390
    }, 
    {
        "accumulated_operating_revenue_yoy": 11.040995361759967, 
        "accumulated_operating_revenue": 42500549, 
        "long_term_average": 4168630, 
        "date": "2013-10-31", 
        "operating_revenue": 4460476, 
        "short_term_average": 4613121
    }, 
    {
        "accumulated_operating_revenue_yoy": 11.093421079624711, 
        "accumulated_operating_revenue": 47058841, 
        "long_term_average": 4208066, 
        "date": "2013-11-30", 
        "operating_revenue": 4558292, 
        "short_term_average": 4718121
    }, 
    {
        "accumulated_operating_revenue_yoy": 11.610652413478165, 
        "accumulated_operating_revenue": 51115066, 
        "long_term_average": 4259588, 
        "date": "2013-12-31", 
        "operating_revenue": 4056225, 
        "short_term_average": 4358331
    }, 
    {
        "accumulated_operating_revenue_yoy": 32.65190653415914, 
        "accumulated_operating_revenue": 6053522, 
        "long_term_average": 4383760, 
        "date": "2014-01-31", 
        "operating_revenue": 6053522, 
        "short_term_average": 4889346
    }, 
    {
        "accumulated_operating_revenue_yoy": 31.097452602173558, 
        "accumulated_operating_revenue": 10444576, 
        "long_term_average": 4466050, 
        "date": "2014-02-28", 
        "operating_revenue": 4391054, 
        "short_term_average": 4833600
    }, 
    {
        "accumulated_operating_revenue_yoy": 23.39541942504666, 
        "accumulated_operating_revenue": 15293131, 
        "long_term_average": 4501216, 
        "date": "2014-03-31", 
        "operating_revenue": 4848555, 
        "short_term_average": 5097710
    }, 
    {
        "accumulated_operating_revenue_yoy": 22.802923185426746, 
        "accumulated_operating_revenue": 19477165, 
        "long_term_average": 4560977, 
        "date": "2014-04-30", 
        "operating_revenue": 4184034, 
        "short_term_average": 4474547
    }, 
    {
        "accumulated_operating_revenue_yoy": 19.690078251907753, 
        "accumulated_operating_revenue": 23768264, 
        "long_term_average": 4585429, 
        "date": "2014-05-31", 
        "operating_revenue": 4291099, 
        "short_term_average": 4441229
    }, 
    {
        "accumulated_operating_revenue_yoy": 15.938293840655776, 
        "accumulated_operating_revenue": 27761312, 
        "long_term_average": 4577622, 
        "date": "2014-06-30", 
        "operating_revenue": 3993048, 
        "short_term_average": 4156060
    }, 
    {
        "accumulated_operating_revenue_yoy": 13.293637370541378, 
        "accumulated_operating_revenue": 32471299, 
        "long_term_average": 4577098, 
        "date": "2014-07-31", 
        "operating_revenue": 4709987, 
        "short_term_average": 4331378
    }, 
    {
        "accumulated_operating_revenue_yoy": 10.541492575615166, 
        "accumulated_operating_revenue": 36373100, 
        "long_term_average": 4548640, 
        "date": "2014-08-31", 
        "operating_revenue": 3901801, 
        "short_term_average": 4201612
    }, 
    {
        "accumulated_operating_revenue_yoy": 9.060574095112804, 
        "accumulated_operating_revenue": 41486722, 
        "long_term_average": 4546809, 
        "date": "2014-09-30", 
        "operating_revenue": 5113622, 
        "short_term_average": 4575136
    }, 
    {
        "accumulated_operating_revenue_yoy": 8.31707373944746, 
        "accumulated_operating_revenue": 46035351, 
        "long_term_average": 4554155, 
        "date": "2014-10-31", 
        "operating_revenue": 4548629, 
        "short_term_average": 4521350
    }, 
    {
        "accumulated_operating_revenue_yoy": 8.073745377622028, 
        "accumulated_operating_revenue": 50858252, 
        "long_term_average": 4576206, 
        "date": "2014-11-30", 
        "operating_revenue": 4822901, 
        "short_term_average": 4828384
    }, 
    {
        "accumulated_operating_revenue_yoy": 6.707953776289753, 
        "accumulated_operating_revenue": 54543841, 
        "long_term_average": 4545320, 
        "date": "2014-12-31", 
        "operating_revenue": 3685589, 
        "short_term_average": 4352373
    }, 
    {
        "accumulated_operating_revenue_yoy": -12.46119201350883, 
        "accumulated_operating_revenue": 5299181, 
        "long_term_average": 4482458, 
        "date": "2015-01-31", 
        "operating_revenue": 5299181, 
        "short_term_average": 4602557
    }, 
    {
        "accumulated_operating_revenue_yoy": -18.47019926897942, 
        "accumulated_operating_revenue": 8515442, 
        "long_term_average": 4384558, 
        "date": "2015-02-28", 
        "operating_revenue": 3216261, 
        "short_term_average": 4067010
    }, 
    {
        "accumulated_operating_revenue_yoy": -15.577084901711755, 
        "accumulated_operating_revenue": 12910907, 
        "long_term_average": 4346801, 
        "date": "2015-03-31", 
        "operating_revenue": 4395465, 
        "short_term_average": 4303635
    }, 
    {
        "accumulated_operating_revenue_yoy": -14.190843482611562, 
        "accumulated_operating_revenue": 16713191, 
        "long_term_average": 4314988, 
        "date": "2015-04-30", 
        "operating_revenue": 3802284, 
        "short_term_average": 3804670
    }, 
    {
        "accumulated_operating_revenue_yoy": -13.493017411789099, 
        "accumulated_operating_revenue": 20561208, 
        "long_term_average": 4278065, 
        "date": "2015-05-31", 
        "operating_revenue": 3848017, 
        "short_term_average": 4015255
    }, 
    {
        "accumulated_operating_revenue_yoy": -11.378421163956515, 
        "accumulated_operating_revenue": 24602513, 
        "long_term_average": 4282086, 
        "date": "2015-06-30", 
        "operating_revenue": 4041305, 
        "short_term_average": 3897202
    }, 
    {
        "accumulated_operating_revenue_yoy": -10.497159352941193, 
        "accumulated_operating_revenue": 29062735, 
        "long_term_average": 4261273, 
        "date": "2015-07-31", 
        "operating_revenue": 4460222, 
        "short_term_average": 4116514
    }, 
    {
        "accumulated_operating_revenue_yoy": -7.637680043768609, 
        "accumulated_operating_revenue": 33595039, 
        "long_term_average": 4313815, 
        "date": "2015-08-31", 
        "operating_revenue": 4532304, 
        "short_term_average": 4344610
    }, 
    {
        "accumulated_operating_revenue_yoy": -6.936959251685394, 
        "accumulated_operating_revenue": 38608805, 
        "long_term_average": 4305493, 
        "date": "2015-09-30", 
        "operating_revenue": 5013766, 
        "short_term_average": 4668764
    }
]