[
    {
        "date": "2012-01-31", 
        "operating_revenue": 4772167, 
        "accumulated_operating_revenue": 4772167, 
        "long_term_average": 4772167, 
        "short_term_average": 4772167
    }, 
    {
        "date": "2012-02-29", 
        "operating_revenue": 5391972, 
        "accumulated_operating_revenue": 10164139, 
        "long_term_average": 5082069, 
        "short_term_average": 5082069
    }, 
    {
        "date": "2012-03-31", 
        "operating_revenue": 5641864, 
        "accumulated_operating_revenue": 15806003, 
        "long_term_average": 5268667, 
        "short_term_average": 5268667
    }, 
    {
        "date": "2012-04-30", 
        "operating_revenue": 5281014, 
        "accumulated_operating_revenue": 21087017, 
        "long_term_average": 5271754, 
        "short_term_average": 5438283
    }, 
    {
        "date": "2012-05-31", 
        "operating_revenue": 6461725, 
        "accumulated_operating_revenue": 27548742, 
        "long_term_average": 5509748, 
        "short_term_average": 5794867
    }, 
    {
        "date": "2012-06-30", 
        "operating_revenue": 5595601, 
        "accumulated_operating_revenue": 33144343, 
        "long_term_average": 5524057, 
        "short_term_average": 5779446
    }, 
    {
        "date": "2012-07-31", 
        "operating_revenue": 5441381, 
        "accumulated_operating_revenue": 38585724, 
        "long_term_average": 5512246, 
        "short_term_average": 5832902
    }, 
    {
        "date": "2012-08-31", 
        "operating_revenue": 6514878, 
        "accumulated_operating_revenue": 45100602, 
        "long_term_average": 5637575, 
        "short_term_average": 5850620
    }, 
    {
        "date": "2012-09-30", 
        "operating_revenue": 5576318, 
        "accumulated_operating_revenue": 50676920, 
        "long_term_average": 5630768, 
        "short_term_average": 5844192
    }, 
    {
        "date": "2012-10-31", 
        "operating_revenue": 5974857, 
        "accumulated_operating_revenue": 56651777, 
        "long_term_average": 5665177, 
        "short_term_average": 6022017
    }, 
    {
        "date": "2012-11-30", 
        "operating_revenue": 5933565, 
        "accumulated_operating_revenue": 62585342, 
        "long_term_average": 5689576, 
        "short_term_average": 5828246
    }, 
    {
        "date": "2012-12-31", 
        "operating_revenue": 4983123, 
        "accumulated_operating_revenue": 67568465, 
        "long_term_average": 5630705, 
        "short_term_average": 5630515
    }, 
    {
        "accumulated_operating_revenue_yoy": 24.302376677094493, 
        "accumulated_operating_revenue": 5931917, 
        "long_term_average": 5727351, 
        "date": "2013-01-31", 
        "operating_revenue": 5931917, 
        "short_term_average": 5616201
    }, 
    {
        "accumulated_operating_revenue_yoy": 1.6257058271241667, 
        "accumulated_operating_revenue": 10329378, 
        "long_term_average": 5644475, 
        "date": "2013-02-28", 
        "operating_revenue": 4397461, 
        "short_term_average": 5104167
    }, 
    {
        "accumulated_operating_revenue_yoy": 2.3191505151555396, 
        "accumulated_operating_revenue": 16172568, 
        "long_term_average": 5661252, 
        "date": "2013-03-31", 
        "operating_revenue": 5843190, 
        "short_term_average": 5390856
    }, 
    {
        "accumulated_operating_revenue_yoy": 1.3971060961348873, 
        "accumulated_operating_revenue": 21381625, 
        "long_term_average": 5655256, 
        "date": "2013-04-30", 
        "operating_revenue": 5209057, 
        "short_term_average": 5149902
    }, 
    {
        "accumulated_operating_revenue_yoy": -2.147876661663897, 
        "accumulated_operating_revenue": 26957029, 
        "long_term_average": 5581396, 
        "date": "2013-05-31", 
        "operating_revenue": 5575404, 
        "short_term_average": 5542550
    }, 
    {
        "accumulated_operating_revenue_yoy": -1.4790276579022852, 
        "accumulated_operating_revenue": 32654129, 
        "long_term_average": 5589854, 
        "date": "2013-06-30", 
        "operating_revenue": 5697100, 
        "short_term_average": 5493853
    }, 
    {
        "accumulated_operating_revenue_yoy": -0.12445794719311215, 
        "accumulated_operating_revenue": 38537701, 
        "long_term_average": 5626703, 
        "date": "2013-07-31", 
        "operating_revenue": 5883572, 
        "short_term_average": 5718692
    }, 
    {
        "accumulated_operating_revenue_yoy": -0.8891499940510772, 
        "accumulated_operating_revenue": 44699590, 
        "long_term_average": 5597287, 
        "date": "2013-08-31", 
        "operating_revenue": 6161889, 
        "short_term_average": 5914187
    }, 
    {
        "accumulated_operating_revenue_yoy": 0.9451363658249159, 
        "accumulated_operating_revenue": 51155886, 
        "long_term_average": 5670619, 
        "date": "2013-09-30", 
        "operating_revenue": 6456296, 
        "short_term_average": 6167252
    }, 
    {
        "accumulated_operating_revenue_yoy": 2.0403843642892263, 
        "accumulated_operating_revenue": 57807691, 
        "long_term_average": 5727031, 
        "date": "2013-10-31", 
        "operating_revenue": 6651805, 
        "short_term_average": 6423330
    }, 
    {
        "accumulated_operating_revenue_yoy": 3.5597760255108932, 
        "accumulated_operating_revenue": 64813240, 
        "long_term_average": 5816363, 
        "date": "2013-11-30", 
        "operating_revenue": 7005549, 
        "short_term_average": 6704550
    }, 
    {
        "accumulated_operating_revenue_yoy": 6.372444601190807, 
        "accumulated_operating_revenue": 71874228, 
        "long_term_average": 5989519, 
        "date": "2013-12-31", 
        "operating_revenue": 7060988, 
        "short_term_average": 6906114
    }, 
    {
        "accumulated_operating_revenue_yoy": 15.495378644036995, 
        "accumulated_operating_revenue": 6851090, 
        "long_term_average": 6066116, 
        "date": "2014-01-31", 
        "operating_revenue": 6851090, 
        "short_term_average": 6972542
    }, 
    {
        "accumulated_operating_revenue_yoy": 25.947535272695028, 
        "accumulated_operating_revenue": 13009597, 
        "long_term_average": 6212870, 
        "date": "2014-02-28", 
        "operating_revenue": 6158507, 
        "short_term_average": 6690195
    }, 
    {
        "accumulated_operating_revenue_yoy": 27.35399844972054, 
        "accumulated_operating_revenue": 20596412, 
        "long_term_average": 6358172, 
        "date": "2014-03-31", 
        "operating_revenue": 7586815, 
        "short_term_average": 6865470
    }, 
    {
        "accumulated_operating_revenue_yoy": 30.49821517307501, 
        "accumulated_operating_revenue": 27902639, 
        "long_term_average": 6532936, 
        "date": "2014-04-30", 
        "operating_revenue": 7306227, 
        "short_term_average": 7017183
    }, 
    {
        "accumulated_operating_revenue_yoy": 29.740873892297255, 
        "accumulated_operating_revenue": 34974285, 
        "long_term_average": 6657623, 
        "date": "2014-05-31", 
        "operating_revenue": 7071646, 
        "short_term_average": 7321562
    }, 
    {
        "accumulated_operating_revenue_yoy": 27.08449519507931, 
        "accumulated_operating_revenue": 41498335, 
        "long_term_average": 6726536, 
        "date": "2014-06-30", 
        "operating_revenue": 6524050, 
        "short_term_average": 6967307
    }, 
    {
        "accumulated_operating_revenue_yoy": 25.175142129002452, 
        "accumulated_operating_revenue": 48239622, 
        "long_term_average": 6798012, 
        "date": "2014-07-31", 
        "operating_revenue": 6741287, 
        "short_term_average": 6778994
    }, 
    {
        "accumulated_operating_revenue_yoy": 23.030468512127293, 
        "accumulated_operating_revenue": 54994115, 
        "long_term_average": 6847396, 
        "date": "2014-08-31", 
        "operating_revenue": 6754493, 
        "short_term_average": 6673276
    }, 
    {
        "accumulated_operating_revenue_yoy": 23.528940540683823, 
        "accumulated_operating_revenue": 63192324, 
        "long_term_average": 6992555, 
        "date": "2014-09-30", 
        "operating_revenue": 8198209, 
        "short_term_average": 7231329
    }, 
    {
        "accumulated_operating_revenue_yoy": 22.139749536095465, 
        "accumulated_operating_revenue": 70606169, 
        "long_term_average": 7056058, 
        "date": "2014-10-31", 
        "operating_revenue": 7413845, 
        "short_term_average": 7455515
    }, 
    {
        "accumulated_operating_revenue_yoy": 20.506789970691173, 
        "accumulated_operating_revenue": 78104355, 
        "long_term_average": 7097111, 
        "date": "2014-11-30", 
        "operating_revenue": 7498186, 
        "short_term_average": 7703413
    }, 
    {
        "accumulated_operating_revenue_yoy": 18.124813806695776, 
        "accumulated_operating_revenue": 84901298, 
        "long_term_average": 7075108, 
        "date": "2014-12-31", 
        "operating_revenue": 6796943, 
        "short_term_average": 7236324
    }, 
    {
        "accumulated_operating_revenue_yoy": 12.791161698357486, 
        "accumulated_operating_revenue": 7727424, 
        "long_term_average": 7148136, 
        "date": "2015-01-31", 
        "operating_revenue": 7727424, 
        "short_term_average": 7340851
    }, 
    {
        "accumulated_operating_revenue_yoy": 3.1064759346503967, 
        "accumulated_operating_revenue": 13413737, 
        "long_term_average": 7108786, 
        "date": "2015-02-28", 
        "operating_revenue": 5686313, 
        "short_term_average": 6736893
    }, 
    {
        "accumulated_operating_revenue_yoy": -1.7423471622144673, 
        "accumulated_operating_revenue": 20237551, 
        "long_term_average": 7045203, 
        "date": "2015-03-31", 
        "operating_revenue": 6823814, 
        "short_term_average": 6745850
    }, 
    {
        "accumulated_operating_revenue_yoy": -6.455952069623236, 
        "accumulated_operating_revenue": 26101258, 
        "long_term_average": 6924993, 
        "date": "2015-04-30", 
        "operating_revenue": 5863707, 
        "short_term_average": 6124611
    }, 
    {
        "accumulated_operating_revenue_yoy": -9.296753314613866, 
        "accumulated_operating_revenue": 31722812, 
        "long_term_average": 6804152, 
        "date": "2015-05-31", 
        "operating_revenue": 5621554, 
        "short_term_average": 6103025
    }, 
    {
        "accumulated_operating_revenue_yoy": -6.8268184735604445, 
        "accumulated_operating_revenue": 38665319, 
        "long_term_average": 6839023, 
        "date": "2015-06-30", 
        "operating_revenue": 6942507, 
        "short_term_average": 6142589
    }, 
    {
        "accumulated_operating_revenue_yoy": -6.156685887795721, 
        "accumulated_operating_revenue": 45269660, 
        "long_term_average": 6827611, 
        "date": "2015-07-31", 
        "operating_revenue": 6604341, 
        "short_term_average": 6389467
    }, 
    {
        "accumulated_operating_revenue_yoy": -4.329721462014617, 
        "accumulated_operating_revenue": 52613023, 
        "long_term_average": 6876683, 
        "date": "2015-08-31", 
        "operating_revenue": 7343363, 
        "short_term_average": 6963403
    }, 
    {
        "accumulated_operating_revenue_yoy": -3.1391154406664965, 
        "accumulated_operating_revenue": 61208644, 
        "long_term_average": 6909801, 
        "date": "2015-09-30", 
        "operating_revenue": 8595621, 
        "short_term_average": 7514441
    }
]