[
    {
        "date": "2012-01-31", 
        "operating_revenue": 1552789, 
        "accumulated_operating_revenue": 1552789, 
        "long_term_average": 1552789, 
        "short_term_average": 1552789
    }, 
    {
        "date": "2012-02-29", 
        "operating_revenue": 1649903, 
        "accumulated_operating_revenue": 3202692, 
        "long_term_average": 1601346, 
        "short_term_average": 1601346
    }, 
    {
        "date": "2012-03-31", 
        "operating_revenue": 2129782, 
        "accumulated_operating_revenue": 5332474, 
        "long_term_average": 1777491, 
        "short_term_average": 1777491
    }, 
    {
        "date": "2012-04-30", 
        "operating_revenue": 2271958, 
        "accumulated_operating_revenue": 7604432, 
        "long_term_average": 1901108, 
        "short_term_average": 2017214
    }, 
    {
        "date": "2012-05-31", 
        "operating_revenue": 2335405, 
        "accumulated_operating_revenue": 9939837, 
        "long_term_average": 1987967, 
        "short_term_average": 2245715
    }, 
    {
        "date": "2012-06-30", 
        "operating_revenue": 1996080, 
        "accumulated_operating_revenue": 11935917, 
        "long_term_average": 1989319, 
        "short_term_average": 2201147
    }, 
    {
        "date": "2012-07-31", 
        "operating_revenue": 2006813, 
        "accumulated_operating_revenue": 13942730, 
        "long_term_average": 1991818, 
        "short_term_average": 2112766
    }, 
    {
        "date": "2012-08-31", 
        "operating_revenue": 2162743, 
        "accumulated_operating_revenue": 16105473, 
        "long_term_average": 2013184, 
        "short_term_average": 2055212
    }, 
    {
        "date": "2012-09-30", 
        "operating_revenue": 2330642, 
        "accumulated_operating_revenue": 18436115, 
        "long_term_average": 2048457, 
        "short_term_average": 2166732
    }, 
    {
        "date": "2012-10-31", 
        "operating_revenue": 2147577, 
        "accumulated_operating_revenue": 20583692, 
        "long_term_average": 2058369, 
        "short_term_average": 2213654
    }, 
    {
        "date": "2012-11-30", 
        "operating_revenue": 2123402, 
        "accumulated_operating_revenue": 22707094, 
        "long_term_average": 2064281, 
        "short_term_average": 2200540
    }, 
    {
        "date": "2012-12-31", 
        "operating_revenue": 1906442, 
        "accumulated_operating_revenue": 24613536, 
        "long_term_average": 2051128, 
        "short_term_average": 2059140
    }, 
    {
        "accumulated_operating_revenue_yoy": 63.06227053385876, 
        "accumulated_operating_revenue": 2532013, 
        "long_term_average": 2132730, 
        "date": "2013-01-31", 
        "operating_revenue": 2532013, 
        "short_term_average": 2187285
    }, 
    {
        "accumulated_operating_revenue_yoy": 36.7626671562548, 
        "accumulated_operating_revenue": 4380087, 
        "long_term_average": 2149244, 
        "date": "2013-02-28", 
        "operating_revenue": 1848074, 
        "short_term_average": 2095509
    }, 
    {
        "accumulated_operating_revenue_yoy": 26.464526596847914, 
        "accumulated_operating_revenue": 6743688, 
        "long_term_average": 2168729, 
        "date": "2013-03-31", 
        "operating_revenue": 2363601, 
        "short_term_average": 2247896
    }, 
    {
        "accumulated_operating_revenue_yoy": 22.704457085026206, 
        "accumulated_operating_revenue": 9330977, 
        "long_term_average": 2195006, 
        "date": "2013-04-30", 
        "operating_revenue": 2587289, 
        "short_term_average": 2266321
    }, 
    {
        "accumulated_operating_revenue_yoy": 17.27173192075484, 
        "accumulated_operating_revenue": 11656619, 
        "long_term_average": 2194193, 
        "date": "2013-05-31", 
        "operating_revenue": 2325642, 
        "short_term_average": 2425510
    }, 
    {
        "accumulated_operating_revenue_yoy": 14.778353435266013, 
        "accumulated_operating_revenue": 13699849, 
        "long_term_average": 2198122, 
        "date": "2013-06-30", 
        "operating_revenue": 2043230, 
        "short_term_average": 2318720
    }, 
    {
        "accumulated_operating_revenue_yoy": 14.697910667423095, 
        "accumulated_operating_revenue": 15992020, 
        "long_term_average": 2221902, 
        "date": "2013-07-31", 
        "operating_revenue": 2292171, 
        "short_term_average": 2220347
    }, 
    {
        "accumulated_operating_revenue_yoy": 13.8502669247901, 
        "accumulated_operating_revenue": 18336124, 
        "long_term_average": 2237015, 
        "date": "2013-08-31", 
        "operating_revenue": 2344104, 
        "short_term_average": 2226501
    }, 
    {
        "accumulated_operating_revenue_yoy": 13.238418180836906, 
        "accumulated_operating_revenue": 20876765, 
        "long_term_average": 2254515, 
        "date": "2013-09-30", 
        "operating_revenue": 2540641, 
        "short_term_average": 2392305
    }, 
    {
        "accumulated_operating_revenue_yoy": 12.030961209485644, 
        "accumulated_operating_revenue": 23060108, 
        "long_term_average": 2257496, 
        "date": "2013-10-31", 
        "operating_revenue": 2183343, 
        "short_term_average": 2356029
    }, 
    {
        "accumulated_operating_revenue_yoy": 12.91688403632803, 
        "accumulated_operating_revenue": 25640143, 
        "long_term_average": 2295548, 
        "date": "2013-11-30", 
        "operating_revenue": 2580035, 
        "short_term_average": 2434673
    }, 
    {
        "accumulated_operating_revenue_yoy": 14.48988475284494, 
        "accumulated_operating_revenue": 28180009, 
        "long_term_average": 2348334, 
        "date": "2013-12-31", 
        "operating_revenue": 2539866, 
        "short_term_average": 2434414
    }, 
    {
        "accumulated_operating_revenue_yoy": 2.160849885051933, 
        "accumulated_operating_revenue": 2586726, 
        "long_term_average": 2352893, 
        "date": "2014-01-31", 
        "operating_revenue": 2586726, 
        "short_term_average": 2568875
    }, 
    {
        "accumulated_operating_revenue_yoy": 10.356027174802692, 
        "accumulated_operating_revenue": 4833690, 
        "long_term_average": 2386134, 
        "date": "2014-02-28", 
        "operating_revenue": 2246964, 
        "short_term_average": 2457852
    }, 
    {
        "accumulated_operating_revenue_yoy": 8.627608513323867, 
        "accumulated_operating_revenue": 7325507, 
        "long_term_average": 2396819, 
        "date": "2014-03-31", 
        "operating_revenue": 2491817, 
        "short_term_average": 2441835
    }, 
    {
        "accumulated_operating_revenue_yoy": 7.437270502327892, 
        "accumulated_operating_revenue": 10024947, 
        "long_term_average": 2406164, 
        "date": "2014-04-30", 
        "operating_revenue": 2699440, 
        "short_term_average": 2479407
    }, 
    {
        "accumulated_operating_revenue_yoy": 9.417825185845055, 
        "accumulated_operating_revenue": 12754419, 
        "long_term_average": 2439817, 
        "date": "2014-05-31", 
        "operating_revenue": 2729472, 
        "short_term_average": 2640243
    }, 
    {
        "accumulated_operating_revenue_yoy": 12.413720764367548, 
        "accumulated_operating_revenue": 15400510, 
        "long_term_average": 2490055, 
        "date": "2014-06-30", 
        "operating_revenue": 2646091, 
        "short_term_average": 2691667
    }, 
    {
        "accumulated_operating_revenue_yoy": 12.95485498392323, 
        "accumulated_operating_revenue": 18063763, 
        "long_term_average": 2520979, 
        "date": "2014-07-31", 
        "operating_revenue": 2663253, 
        "short_term_average": 2679605
    }, 
    {
        "accumulated_operating_revenue_yoy": 13.704652084595415, 
        "accumulated_operating_revenue": 20849026, 
        "long_term_average": 2557742, 
        "date": "2014-08-31", 
        "operating_revenue": 2785263, 
        "short_term_average": 2698202
    }, 
    {
        "accumulated_operating_revenue_yoy": 13.527881355181226, 
        "accumulated_operating_revenue": 23700949, 
        "long_term_average": 2583682, 
        "date": "2014-09-30", 
        "operating_revenue": 2851923, 
        "short_term_average": 2766813
    }, 
    {
        "accumulated_operating_revenue_yoy": 13.630803463713178, 
        "accumulated_operating_revenue": 26203386, 
        "long_term_average": 2610273, 
        "date": "2014-10-31", 
        "operating_revenue": 2502437, 
        "short_term_average": 2713207
    }, 
    {
        "accumulated_operating_revenue_yoy": 12.225212628494312, 
        "accumulated_operating_revenue": 28774705, 
        "long_term_average": 2609547, 
        "date": "2014-11-30", 
        "operating_revenue": 2571319, 
        "short_term_average": 2641893
    }, 
    {
        "accumulated_operating_revenue_yoy": 10.941405306151605, 
        "accumulated_operating_revenue": 31263298, 
        "long_term_average": 2605274, 
        "date": "2014-12-31", 
        "operating_revenue": 2488593, 
        "short_term_average": 2520783
    }, 
    {
        "accumulated_operating_revenue_yoy": 8.407075198532816, 
        "accumulated_operating_revenue": 2804194, 
        "long_term_average": 2623397, 
        "date": "2015-01-31", 
        "operating_revenue": 2804194, 
        "short_term_average": 2621368
    }, 
    {
        "accumulated_operating_revenue_yoy": 1.3115652844927994, 
        "accumulated_operating_revenue": 4897087, 
        "long_term_average": 2610557, 
        "date": "2015-02-28", 
        "operating_revenue": 2092893, 
        "short_term_average": 2461893
    }, 
    {
        "accumulated_operating_revenue_yoy": 1.64555163212594, 
        "accumulated_operating_revenue": 7446052, 
        "long_term_average": 2615320, 
        "date": "2015-03-31", 
        "operating_revenue": 2548965, 
        "short_term_average": 2482017
    }, 
    {
        "accumulated_operating_revenue_yoy": 0.6937692538424393, 
        "accumulated_operating_revenue": 10094497, 
        "long_term_average": 2611070, 
        "date": "2015-04-30", 
        "operating_revenue": 2648445, 
        "short_term_average": 2430101
    }, 
    {
        "accumulated_operating_revenue_yoy": -2.268993985535523, 
        "accumulated_operating_revenue": 12465022, 
        "long_term_average": 2581158, 
        "date": "2015-05-31", 
        "operating_revenue": 2370525, 
        "short_term_average": 2522645
    }, 
    {
        "accumulated_operating_revenue_yoy": -5.236099323983426, 
        "accumulated_operating_revenue": 14594124, 
        "long_term_average": 2538076, 
        "date": "2015-06-30", 
        "operating_revenue": 2129102, 
        "short_term_average": 2382690
    }, 
    {
        "accumulated_operating_revenue_yoy": -6.459982895036875, 
        "accumulated_operating_revenue": 16896847, 
        "long_term_average": 2508031, 
        "date": "2015-07-31", 
        "operating_revenue": 2302723, 
        "short_term_average": 2267450
    }, 
    {
        "accumulated_operating_revenue_yoy": -6.632544848857688, 
        "accumulated_operating_revenue": 19466205, 
        "long_term_average": 2490039, 
        "date": "2015-08-31", 
        "operating_revenue": 2569358, 
        "short_term_average": 2333727
    }
]