[
    {
        "date": "2011-09-30", 
        "operating_revenue": 340947, 
        "accumulated_operating_revenue": 340947, 
        "long_term_average": 340947, 
        "short_term_average": 340947
    }, 
    {
        "date": "2011-10-31", 
        "operating_revenue": 293180, 
        "accumulated_operating_revenue": 634127, 
        "long_term_average": 317063, 
        "short_term_average": 317063
    }, 
    {
        "date": "2011-11-30", 
        "operating_revenue": 296732, 
        "accumulated_operating_revenue": 930859, 
        "long_term_average": 310286, 
        "short_term_average": 310286
    }, 
    {
        "date": "2011-12-31", 
        "operating_revenue": 337392, 
        "accumulated_operating_revenue": 1268251, 
        "long_term_average": 317062, 
        "short_term_average": 309101
    }, 
    {
        "date": "2012-01-31", 
        "operating_revenue": 202102, 
        "accumulated_operating_revenue": 202102, 
        "long_term_average": 294070, 
        "short_term_average": 278742
    }, 
    {
        "date": "2012-02-29", 
        "operating_revenue": 251099, 
        "accumulated_operating_revenue": 453201, 
        "long_term_average": 286908, 
        "short_term_average": 263531
    }, 
    {
        "date": "2012-03-31", 
        "operating_revenue": 244716, 
        "accumulated_operating_revenue": 697917, 
        "long_term_average": 280881, 
        "short_term_average": 232639
    }, 
    {
        "date": "2012-04-30", 
        "operating_revenue": 307224, 
        "accumulated_operating_revenue": 1005141, 
        "long_term_average": 284174, 
        "short_term_average": 267679
    }, 
    {
        "date": "2012-05-31", 
        "operating_revenue": 284951, 
        "accumulated_operating_revenue": 1290092, 
        "long_term_average": 284260, 
        "short_term_average": 278963
    }, 
    {
        "date": "2012-06-30", 
        "operating_revenue": 289691, 
        "accumulated_operating_revenue": 1579783, 
        "long_term_average": 284803, 
        "short_term_average": 293955
    }, 
    {
        "date": "2012-07-31", 
        "operating_revenue": 356650, 
        "accumulated_operating_revenue": 1936433, 
        "long_term_average": 291334, 
        "short_term_average": 310430
    }, 
    {
        "date": "2012-08-31", 
        "operating_revenue": 315440, 
        "accumulated_operating_revenue": 2251873, 
        "long_term_average": 293343, 
        "short_term_average": 320593
    }, 
    {
        "accumulated_operating_revenue_yoy": 702.7543870454939, 
        "accumulated_operating_revenue": 2736967, 
        "long_term_average": 305355, 
        "date": "2012-09-30", 
        "operating_revenue": 485094, 
        "short_term_average": 385728
    }, 
    {
        "accumulated_operating_revenue_yoy": 372.9472171978168, 
        "accumulated_operating_revenue": 2999086, 
        "long_term_average": 302767, 
        "date": "2012-10-31", 
        "operating_revenue": 262119, 
        "short_term_average": 354217
    }, 
    {
        "accumulated_operating_revenue_yoy": 264.40148293135695, 
        "accumulated_operating_revenue": 3392064, 
        "long_term_average": 310788, 
        "date": "2012-11-30", 
        "operating_revenue": 392978, 
        "short_term_average": 380063
    }, 
    {
        "accumulated_operating_revenue_yoy": 191.19078163549645, 
        "accumulated_operating_revenue": 3693030, 
        "long_term_average": 307752, 
        "date": "2012-12-31", 
        "operating_revenue": 300966, 
        "short_term_average": 318687
    }, 
    {
        "accumulated_operating_revenue_yoy": 15.261105778270379, 
        "accumulated_operating_revenue": 232945, 
        "long_term_average": 310322, 
        "date": "2013-01-31", 
        "operating_revenue": 232945, 
        "short_term_average": 308963
    }, 
    {
        "accumulated_operating_revenue_yoy": -5.6630501697922115, 
        "accumulated_operating_revenue": 427536, 
        "long_term_average": 305613, 
        "date": "2013-02-28", 
        "operating_revenue": 194591, 
        "short_term_average": 242834
    }, 
    {
        "accumulated_operating_revenue_yoy": -10.456400976047295, 
        "accumulated_operating_revenue": 624940, 
        "long_term_average": 301671, 
        "date": "2013-03-31", 
        "operating_revenue": 197404, 
        "short_term_average": 208313
    }, 
    {
        "accumulated_operating_revenue_yoy": -18.079751994993735, 
        "accumulated_operating_revenue": 823414, 
        "long_term_average": 292608, 
        "date": "2013-04-30", 
        "operating_revenue": 198474, 
        "short_term_average": 196823
    }, 
    {
        "accumulated_operating_revenue_yoy": -16.805313109452662, 
        "accumulated_operating_revenue": 1073288, 
        "long_term_average": 289685, 
        "date": "2013-05-31", 
        "operating_revenue": 249874, 
        "short_term_average": 215250
    }, 
    {
        "accumulated_operating_revenue_yoy": -17.419354430323658, 
        "accumulated_operating_revenue": 1304595, 
        "long_term_average": 284820, 
        "date": "2013-06-30", 
        "operating_revenue": 231307, 
        "short_term_average": 226551
    }, 
    {
        "accumulated_operating_revenue_yoy": -16.31603055721525, 
        "accumulated_operating_revenue": 1620484, 
        "long_term_average": 281423, 
        "date": "2013-07-31", 
        "operating_revenue": 315889, 
        "short_term_average": 265690
    }, 
    {
        "accumulated_operating_revenue_yoy": -16.82288477192097, 
        "accumulated_operating_revenue": 1873043, 
        "long_term_average": 276183, 
        "date": "2013-08-31", 
        "operating_revenue": 252559, 
        "short_term_average": 266585
    }, 
    {
        "accumulated_operating_revenue_yoy": -23.95008781618485, 
        "accumulated_operating_revenue": 2081461, 
        "long_term_average": 253127, 
        "date": "2013-09-30", 
        "operating_revenue": 208418, 
        "short_term_average": 258955
    }, 
    {
        "accumulated_operating_revenue_yoy": -21.77876859816624, 
        "accumulated_operating_revenue": 2345922, 
        "long_term_average": 253322, 
        "date": "2013-10-31", 
        "operating_revenue": 264461, 
        "short_term_average": 241812
    }, 
    {
        "accumulated_operating_revenue_yoy": -23.37364507273448, 
        "accumulated_operating_revenue": 2599215, 
        "long_term_average": 241681, 
        "date": "2013-11-30", 
        "operating_revenue": 253293, 
        "short_term_average": 242057
    }, 
    {
        "accumulated_operating_revenue_yoy": -23.174222792666185, 
        "accumulated_operating_revenue": 2837199, 
        "long_term_average": 236433, 
        "date": "2013-12-31", 
        "operating_revenue": 237984, 
        "short_term_average": 251912
    }, 
    {
        "accumulated_operating_revenue_yoy": -8.364206143080985, 
        "accumulated_operating_revenue": 213461, 
        "long_term_average": 234809, 
        "date": "2014-01-31", 
        "operating_revenue": 213461, 
        "short_term_average": 234912
    }, 
    {
        "accumulated_operating_revenue_yoy": -6.977190224916733, 
        "accumulated_operating_revenue": 397706, 
        "long_term_average": 233947, 
        "date": "2014-02-28", 
        "operating_revenue": 184245, 
        "short_term_average": 211896
    }, 
    {
        "accumulated_operating_revenue_yoy": 4.430825359234487, 
        "accumulated_operating_revenue": 652630, 
        "long_term_average": 238740, 
        "date": "2014-03-31", 
        "operating_revenue": 254924, 
        "short_term_average": 217543
    }, 
    {
        "accumulated_operating_revenue_yoy": 13.958349020055524, 
        "accumulated_operating_revenue": 938349, 
        "long_term_average": 246011, 
        "date": "2014-04-30", 
        "operating_revenue": 285719, 
        "short_term_average": 241629
    }, 
    {
        "accumulated_operating_revenue_yoy": 11.604620567825224, 
        "accumulated_operating_revenue": 1197839, 
        "long_term_average": 246812, 
        "date": "2014-05-31", 
        "operating_revenue": 259490, 
        "short_term_average": 266711
    }, 
    {
        "accumulated_operating_revenue_yoy": 10.985631556153443, 
        "accumulated_operating_revenue": 1447913, 
        "long_term_average": 248376, 
        "date": "2014-06-30", 
        "operating_revenue": 250074, 
        "short_term_average": 265094
    }, 
    {
        "accumulated_operating_revenue_yoy": 2.627856862517618, 
        "accumulated_operating_revenue": 1663068, 
        "long_term_average": 239981, 
        "date": "2014-07-31", 
        "operating_revenue": 215155, 
        "short_term_average": 241573
    }, 
    {
        "accumulated_operating_revenue_yoy": 0.03609100271590134, 
        "accumulated_operating_revenue": 1873719, 
        "long_term_average": 236489, 
        "date": "2014-08-31", 
        "operating_revenue": 210651, 
        "short_term_average": 225293
    }, 
    {
        "accumulated_operating_revenue_yoy": 0.09618244108345052, 
        "accumulated_operating_revenue": 2083463, 
        "long_term_average": 236600, 
        "date": "2014-09-30", 
        "operating_revenue": 209744, 
        "short_term_average": 211850
    }, 
    {
        "accumulated_operating_revenue_yoy": -1.1658955412839813, 
        "accumulated_operating_revenue": 2318571, 
        "long_term_average": 234154, 
        "date": "2014-10-31", 
        "operating_revenue": 235108, 
        "short_term_average": 218501
    }, 
    {
        "accumulated_operating_revenue_yoy": -2.6793089452007623, 
        "accumulated_operating_revenue": 2529574, 
        "long_term_average": 230629, 
        "date": "2014-11-30", 
        "operating_revenue": 211003, 
        "short_term_average": 218618
    }, 
    {
        "accumulated_operating_revenue_yoy": -1.479593077538798, 
        "accumulated_operating_revenue": 2795220, 
        "long_term_average": 232935, 
        "date": "2014-12-31", 
        "operating_revenue": 265646, 
        "short_term_average": 237252
    }, 
    {
        "accumulated_operating_revenue_yoy": -1.4531928549008952, 
        "accumulated_operating_revenue": 210359, 
        "long_term_average": 232676, 
        "date": "2015-01-31", 
        "operating_revenue": 210359, 
        "short_term_average": 229002
    }, 
    {
        "accumulated_operating_revenue_yoy": -10.016192866087009, 
        "accumulated_operating_revenue": 357871, 
        "long_term_average": 229615, 
        "date": "2015-02-28", 
        "operating_revenue": 147512, 
        "short_term_average": 207839
    }, 
    {
        "accumulated_operating_revenue_yoy": -5.773102676861315, 
        "accumulated_operating_revenue": 614953, 
        "long_term_average": 229795, 
        "date": "2015-03-31", 
        "operating_revenue": 257082, 
        "short_term_average": 204984
    }, 
    {
        "accumulated_operating_revenue_yoy": -10.940172579711813, 
        "accumulated_operating_revenue": 835692, 
        "long_term_average": 224380, 
        "date": "2015-04-30", 
        "operating_revenue": 220739, 
        "short_term_average": 208444
    }, 
    {
        "accumulated_operating_revenue_yoy": -11.636455316616006, 
        "accumulated_operating_revenue": 1058453, 
        "long_term_average": 221319, 
        "date": "2015-05-31", 
        "operating_revenue": 222761, 
        "short_term_average": 233527
    }, 
    {
        "accumulated_operating_revenue_yoy": -13.739568606677336, 
        "accumulated_operating_revenue": 1248976, 
        "long_term_average": 216356, 
        "date": "2015-06-30", 
        "operating_revenue": 190523, 
        "short_term_average": 211341
    }, 
    {
        "accumulated_operating_revenue_yoy": -10.03031746146279, 
        "accumulated_operating_revenue": 1496257, 
        "long_term_average": 219034, 
        "date": "2015-07-31", 
        "operating_revenue": 247281, 
        "short_term_average": 220188
    }, 
    {
        "accumulated_operating_revenue_yoy": -11.214808623918527, 
        "accumulated_operating_revenue": 1663585, 
        "long_term_average": 215423, 
        "date": "2015-08-31", 
        "operating_revenue": 167328, 
        "short_term_average": 201710
    }, 
    {
        "accumulated_operating_revenue_yoy": -10.123097938384316, 
        "accumulated_operating_revenue": 1872552, 
        "long_term_average": 215359, 
        "date": "2015-09-30", 
        "operating_revenue": 208967, 
        "short_term_average": 207858
    }, 
    {
        "accumulated_operating_revenue_yoy": -10.794105507228375, 
        "accumulated_operating_revenue": 2068302, 
        "long_term_average": 212079, 
        "date": "2015-10-31", 
        "operating_revenue": 195750, 
        "short_term_average": 190681
    }
]