[
    {
        "date": "2011-09-30", 
        "operating_revenue": 88595075, 
        "accumulated_operating_revenue": 88595075, 
        "long_term_average": 88595075, 
        "short_term_average": 88595075
    }, 
    {
        "date": "2011-10-31", 
        "operating_revenue": 107240807, 
        "accumulated_operating_revenue": 195835882, 
        "long_term_average": 97917941, 
        "short_term_average": 97917941
    }, 
    {
        "date": "2011-11-30", 
        "operating_revenue": 96859911, 
        "accumulated_operating_revenue": 292695793, 
        "long_term_average": 97565264, 
        "short_term_average": 97565264
    }, 
    {
        "date": "2011-12-31", 
        "operating_revenue": 91470771, 
        "accumulated_operating_revenue": 384166564, 
        "long_term_average": 96041641, 
        "short_term_average": 98523829
    }, 
    {
        "date": "2012-01-31", 
        "operating_revenue": 83206348, 
        "accumulated_operating_revenue": 83206348, 
        "long_term_average": 93474582, 
        "short_term_average": 90512343
    }, 
    {
        "date": "2012-02-29", 
        "operating_revenue": 75742879, 
        "accumulated_operating_revenue": 158949227, 
        "long_term_average": 90519298, 
        "short_term_average": 83473332
    }, 
    {
        "date": "2012-03-31", 
        "operating_revenue": 78518303, 
        "accumulated_operating_revenue": 237467530, 
        "long_term_average": 88804870, 
        "short_term_average": 79155843
    }, 
    {
        "date": "2012-04-30", 
        "operating_revenue": 72261965, 
        "accumulated_operating_revenue": 309729495, 
        "long_term_average": 86737007, 
        "short_term_average": 75507715
    }, 
    {
        "date": "2012-05-31", 
        "operating_revenue": 71190196, 
        "accumulated_operating_revenue": 380919691, 
        "long_term_average": 85009583, 
        "short_term_average": 73990154
    }, 
    {
        "date": "2012-06-30", 
        "operating_revenue": 92823659, 
        "accumulated_operating_revenue": 473743350, 
        "long_term_average": 85790991, 
        "short_term_average": 78758606
    }, 
    {
        "date": "2012-07-31", 
        "operating_revenue": 92489312, 
        "accumulated_operating_revenue": 566232662, 
        "long_term_average": 86399929, 
        "short_term_average": 85501055
    }, 
    {
        "date": "2012-08-31", 
        "operating_revenue": 89886158, 
        "accumulated_operating_revenue": 656118820, 
        "long_term_average": 86690448, 
        "short_term_average": 91733043
    }, 
    {
        "accumulated_operating_revenue_yoy": 742.703522740965, 
        "accumulated_operating_revenue": 746593818, 
        "long_term_average": 86847108, 
        "date": "2012-09-30", 
        "operating_revenue": 90474998, 
        "short_term_average": 90950156
    }, 
    {
        "accumulated_operating_revenue_yoy": 332.92704704646513, 
        "accumulated_operating_revenue": 847826501, 
        "long_term_average": 86346431, 
        "date": "2012-10-31", 
        "operating_revenue": 101232683, 
        "short_term_average": 93864613
    }, 
    {
        "accumulated_operating_revenue_yoy": 220.2847698600164, 
        "accumulated_operating_revenue": 937460047, 
        "long_term_average": 85744234, 
        "date": "2012-11-30", 
        "operating_revenue": 89633546, 
        "short_term_average": 93780409
    }, 
    {
        "accumulated_operating_revenue_yoy": 166.8075467910841, 
        "accumulated_operating_revenue": 1024985385, 
        "long_term_average": 85415448, 
        "date": "2012-12-31", 
        "operating_revenue": 87525338, 
        "short_term_average": 92797189
    }, 
    {
        "accumulated_operating_revenue_yoy": -15.626981970173718, 
        "accumulated_operating_revenue": 70203707, 
        "long_term_average": 84331895, 
        "date": "2013-01-31", 
        "operating_revenue": 70203707, 
        "short_term_average": 82454197
    }, 
    {
        "accumulated_operating_revenue_yoy": -20.2873172827698, 
        "accumulated_operating_revenue": 126702693, 
        "long_term_average": 82728237, 
        "date": "2013-02-28", 
        "operating_revenue": 56498986, 
        "short_term_average": 71409343
    }, 
    {
        "accumulated_operating_revenue_yoy": -16.913654258331654, 
        "accumulated_operating_revenue": 197303093, 
        "long_term_average": 82068412, 
        "date": "2013-03-31", 
        "operating_revenue": 70600400, 
        "short_term_average": 65767697
    }, 
    {
        "accumulated_operating_revenue_yoy": -16.46973692318195, 
        "accumulated_operating_revenue": 258717862, 
        "long_term_average": 81164479, 
        "date": "2013-04-30", 
        "operating_revenue": 61414769, 
        "short_term_average": 62838051
    }, 
    {
        "accumulated_operating_revenue_yoy": -16.046497580509694, 
        "accumulated_operating_revenue": 319795422, 
        "long_term_average": 80321759, 
        "date": "2013-05-31", 
        "operating_revenue": 61077560, 
        "short_term_average": 64364243
    }, 
    {
        "accumulated_operating_revenue_yoy": -18.029719678387043, 
        "accumulated_operating_revenue": 388328752, 
        "long_term_average": 78297565, 
        "date": "2013-06-30", 
        "operating_revenue": 68533330, 
        "short_term_average": 63675219
    }, 
    {
        "accumulated_operating_revenue_yoy": -18.7497924660517, 
        "accumulated_operating_revenue": 460065213, 
        "long_term_average": 76568161, 
        "date": "2013-07-31", 
        "operating_revenue": 71736461, 
        "short_term_average": 67115783
    }, 
    {
        "accumulated_operating_revenue_yoy": -18.80675363038664, 
        "accumulated_operating_revenue": 532724170, 
        "long_term_average": 75132561, 
        "date": "2013-08-31", 
        "operating_revenue": 72658957, 
        "short_term_average": 70976249
    }, 
    {
        "accumulated_operating_revenue_yoy": -18.447552026207642, 
        "accumulated_operating_revenue": 608865535, 
        "long_term_average": 73938091, 
        "date": "2013-09-30", 
        "operating_revenue": 76141365, 
        "short_term_average": 73512261
    }, 
    {
        "accumulated_operating_revenue_yoy": -18.919564063025202, 
        "accumulated_operating_revenue": 687421423, 
        "long_term_average": 72048358, 
        "date": "2013-10-31", 
        "operating_revenue": 78555888, 
        "short_term_average": 75785403
    }, 
    {
        "accumulated_operating_revenue_yoy": -16.176308578193733, 
        "accumulated_operating_revenue": 785813617, 
        "long_term_average": 72778246, 
        "date": "2013-11-30", 
        "operating_revenue": 98392194, 
        "short_term_average": 84363149
    }, 
    {
        "accumulated_operating_revenue_yoy": -14.104886090644111, 
        "accumulated_operating_revenue": 880412364, 
        "long_term_average": 73367697, 
        "date": "2013-12-31", 
        "operating_revenue": 94598747, 
        "short_term_average": 90515609
    }, 
    {
        "accumulated_operating_revenue_yoy": 2.6127908031978992, 
        "accumulated_operating_revenue": 72037983, 
        "long_term_average": 73520553, 
        "date": "2014-01-31", 
        "operating_revenue": 72037983, 
        "short_term_average": 88342974
    }, 
    {
        "accumulated_operating_revenue_yoy": 11.567349243318766, 
        "accumulated_operating_revenue": 141358836, 
        "long_term_average": 74589042, 
        "date": "2014-02-28", 
        "operating_revenue": 69320853, 
        "short_term_average": 78652527
    }, 
    {
        "accumulated_operating_revenue_yoy": 9.392240495692585, 
        "accumulated_operating_revenue": 215834274, 
        "long_term_average": 74911962, 
        "date": "2014-03-31", 
        "operating_revenue": 74475438, 
        "short_term_average": 71944758
    }, 
    {
        "accumulated_operating_revenue_yoy": 11.480720260435671, 
        "accumulated_operating_revenue": 288420536, 
        "long_term_average": 75842919, 
        "date": "2014-04-30", 
        "operating_revenue": 72586262, 
        "short_term_average": 72127517
    }, 
    {
        "accumulated_operating_revenue_yoy": 12.113894488458312, 
        "accumulated_operating_revenue": 358535102, 
        "long_term_average": 76596003, 
        "date": "2014-05-31", 
        "operating_revenue": 70114566, 
        "short_term_average": 72392088
    }, 
    {
        "accumulated_operating_revenue_yoy": 10.818022560430961, 
        "accumulated_operating_revenue": 430338244, 
        "long_term_average": 76868488, 
        "date": "2014-06-30", 
        "operating_revenue": 71803142, 
        "short_term_average": 71501323
    }, 
    {
        "accumulated_operating_revenue_yoy": 10.476900804060575, 
        "accumulated_operating_revenue": 508265789, 
        "long_term_average": 77384411, 
        "date": "2014-07-31", 
        "operating_revenue": 77927545, 
        "short_term_average": 73281751
    }, 
    {
        "accumulated_operating_revenue_yoy": 10.660724855040836, 
        "accumulated_operating_revenue": 589516428, 
        "long_term_average": 78100385, 
        "date": "2014-08-31", 
        "operating_revenue": 81250639, 
        "short_term_average": 76993775
    }, 
    {
        "accumulated_operating_revenue_yoy": 10.807883221703458, 
        "accumulated_operating_revenue": 674671011, 
        "long_term_average": 78851486, 
        "date": "2014-09-30", 
        "operating_revenue": 85154583, 
        "short_term_average": 81444255
    }, 
    {
        "accumulated_operating_revenue_yoy": 10.071391825098823, 
        "accumulated_operating_revenue": 756654328, 
        "long_term_average": 79137105, 
        "date": "2014-10-31", 
        "operating_revenue": 81983317, 
        "short_term_average": 82796179
    }, 
    {
        "accumulated_operating_revenue_yoy": 6.575490406651989, 
        "accumulated_operating_revenue": 837484716, 
        "long_term_average": 77673621, 
        "date": "2014-11-30", 
        "operating_revenue": 80830388, 
        "short_term_average": 82656096
    }, 
    {
        "accumulated_operating_revenue_yoy": 5.215202997762535, 
        "accumulated_operating_revenue": 926327656, 
        "long_term_average": 77193971, 
        "date": "2014-12-31", 
        "operating_revenue": 88842940, 
        "short_term_average": 83885548
    }, 
    {
        "accumulated_operating_revenue_yoy": -2.652538175589952, 
        "accumulated_operating_revenue": 70127148, 
        "long_term_average": 77034735, 
        "date": "2015-01-31", 
        "operating_revenue": 70127148, 
        "short_term_average": 79933492
    }, 
    {
        "accumulated_operating_revenue_yoy": -11.471886341791892, 
        "accumulated_operating_revenue": 125142311, 
        "long_term_average": 75842594, 
        "date": "2015-02-28", 
        "operating_revenue": 55015163, 
        "short_term_average": 71328417
    }, 
    {
        "accumulated_operating_revenue_yoy": -4.93011689144422, 
        "accumulated_operating_revenue": 205193392, 
        "long_term_average": 76307231, 
        "date": "2015-03-31", 
        "operating_revenue": 80051081, 
        "short_term_average": 68397797
    }, 
    {
        "accumulated_operating_revenue_yoy": -5.445012417562388, 
        "accumulated_operating_revenue": 272716002, 
        "long_term_average": 75885260, 
        "date": "2015-04-30", 
        "operating_revenue": 67522610, 
        "short_term_average": 67529618
    }, 
    {
        "accumulated_operating_revenue_yoy": -2.4503678861547007, 
        "accumulated_operating_revenue": 349749673, 
        "long_term_average": 76461852, 
        "date": "2015-05-31", 
        "operating_revenue": 77033671, 
        "short_term_average": 74869120
    }, 
    {
        "accumulated_operating_revenue_yoy": 6.010204150017398, 
        "accumulated_operating_revenue": 456202451, 
        "long_term_average": 79349321, 
        "date": "2015-06-30", 
        "operating_revenue": 106452778, 
        "short_term_average": 83669686
    }, 
    {
        "accumulated_operating_revenue_yoy": 6.212636711616253, 
        "accumulated_operating_revenue": 539842496, 
        "long_term_average": 79825363, 
        "date": "2015-07-31", 
        "operating_revenue": 83640045, 
        "short_term_average": 89042164
    }, 
    {
        "accumulated_operating_revenue_yoy": 6.9978862404153395, 
        "accumulated_operating_revenue": 630770117, 
        "long_term_average": 80631778, 
        "date": "2015-08-31", 
        "operating_revenue": 90927621, 
        "short_term_average": 93673481
    }, 
    {
        "accumulated_operating_revenue_yoy": 8.512100870449286, 
        "accumulated_operating_revenue": 732099688, 
        "long_term_average": 81979694, 
        "date": "2015-09-30", 
        "operating_revenue": 101329571, 
        "short_term_average": 91965745
    }
]