[
    {
        "date": "2011-09-30", 
        "operating_revenue": 1284933, 
        "accumulated_operating_revenue": 1284933, 
        "long_term_average": 1284933, 
        "short_term_average": 1284933
    }, 
    {
        "date": "2011-10-31", 
        "operating_revenue": 1044167, 
        "accumulated_operating_revenue": 2329100, 
        "long_term_average": 1164550, 
        "short_term_average": 1164550
    }, 
    {
        "date": "2011-11-30", 
        "operating_revenue": 939361, 
        "accumulated_operating_revenue": 3268461, 
        "long_term_average": 1089487, 
        "short_term_average": 1089487
    }, 
    {
        "date": "2011-12-31", 
        "operating_revenue": 1101407, 
        "accumulated_operating_revenue": 4369868, 
        "long_term_average": 1092467, 
        "short_term_average": 1028311
    }, 
    {
        "date": "2012-01-31", 
        "operating_revenue": 1051800, 
        "accumulated_operating_revenue": 1051800, 
        "long_term_average": 1084333, 
        "short_term_average": 1030856
    }, 
    {
        "date": "2012-02-29", 
        "operating_revenue": 1147544, 
        "accumulated_operating_revenue": 2199344, 
        "long_term_average": 1094868, 
        "short_term_average": 1100250
    }, 
    {
        "date": "2012-03-31", 
        "operating_revenue": 1325310, 
        "accumulated_operating_revenue": 3524654, 
        "long_term_average": 1127788, 
        "short_term_average": 1174884
    }, 
    {
        "date": "2012-04-30", 
        "operating_revenue": 1393574, 
        "accumulated_operating_revenue": 4918228, 
        "long_term_average": 1161012, 
        "short_term_average": 1288809
    }, 
    {
        "date": "2012-05-31", 
        "operating_revenue": 1318395, 
        "accumulated_operating_revenue": 6236623, 
        "long_term_average": 1178499, 
        "short_term_average": 1345759
    }, 
    {
        "date": "2012-06-30", 
        "operating_revenue": 1249659, 
        "accumulated_operating_revenue": 7486282, 
        "long_term_average": 1185615, 
        "short_term_average": 1320542
    }, 
    {
        "date": "2012-07-31", 
        "operating_revenue": 1293676, 
        "accumulated_operating_revenue": 8779958, 
        "long_term_average": 1195438, 
        "short_term_average": 1287243
    }, 
    {
        "date": "2012-08-31", 
        "operating_revenue": 1490481, 
        "accumulated_operating_revenue": 10270439, 
        "long_term_average": 1220025, 
        "short_term_average": 1344605
    }, 
    {
        "accumulated_operating_revenue_yoy": 821.9594329042836, 
        "accumulated_operating_revenue": 11846561, 
        "long_term_average": 1244291, 
        "date": "2012-09-30", 
        "operating_revenue": 1576122, 
        "short_term_average": 1453426
    }, 
    {
        "accumulated_operating_revenue_yoy": 473.0472285432141, 
        "accumulated_operating_revenue": 13346843, 
        "long_term_average": 1282300, 
        "date": "2012-10-31", 
        "operating_revenue": 1500282, 
        "short_term_average": 1522295
    }, 
    {
        "accumulated_operating_revenue_yoy": 347.777684971612, 
        "accumulated_operating_revenue": 14635439, 
        "long_term_average": 1311403, 
        "date": "2012-11-30", 
        "operating_revenue": 1288596, 
        "short_term_average": 1455000
    }, 
    {
        "accumulated_operating_revenue_yoy": 265.2260434411291, 
        "accumulated_operating_revenue": 15959896, 
        "long_term_average": 1329991, 
        "date": "2012-12-31", 
        "operating_revenue": 1324457, 
        "short_term_average": 1371111
    }, 
    {
        "accumulated_operating_revenue_yoy": 32.849686252139186, 
        "accumulated_operating_revenue": 1397313, 
        "long_term_average": 1358784, 
        "date": "2013-01-31", 
        "operating_revenue": 1397313, 
        "short_term_average": 1336788
    }, 
    {
        "accumulated_operating_revenue_yoy": 19.61071119388327, 
        "accumulated_operating_revenue": 2630651, 
        "long_term_average": 1365933, 
        "date": "2013-02-28", 
        "operating_revenue": 1233338, 
        "short_term_average": 1318369
    }, 
    {
        "accumulated_operating_revenue_yoy": 17.490936699034858, 
        "accumulated_operating_revenue": 4141149, 
        "long_term_average": 1381365, 
        "date": "2013-03-31", 
        "operating_revenue": 1510498, 
        "short_term_average": 1380383
    }, 
    {
        "accumulated_operating_revenue_yoy": 13.530421932452095, 
        "accumulated_operating_revenue": 5583685, 
        "long_term_average": 1385446, 
        "date": "2013-04-30", 
        "operating_revenue": 1442536, 
        "short_term_average": 1395457
    }, 
    {
        "accumulated_operating_revenue_yoy": 11.038554037978567, 
        "accumulated_operating_revenue": 6925056, 
        "long_term_average": 1387360, 
        "date": "2013-05-31", 
        "operating_revenue": 1341371, 
        "short_term_average": 1431468
    }, 
    {
        "accumulated_operating_revenue_yoy": 10.34373271004218, 
        "accumulated_operating_revenue": 8260643, 
        "long_term_average": 1394521, 
        "date": "2013-06-30", 
        "operating_revenue": 1335587, 
        "short_term_average": 1373164
    }, 
    {
        "accumulated_operating_revenue_yoy": 10.426439397546092, 
        "accumulated_operating_revenue": 9695395, 
        "long_term_average": 1406277, 
        "date": "2013-07-31", 
        "operating_revenue": 1434752, 
        "short_term_average": 1370570
    }, 
    {
        "accumulated_operating_revenue_yoy": 9.44294591497014, 
        "accumulated_operating_revenue": 11240271, 
        "long_term_average": 1410810, 
        "date": "2013-08-31", 
        "operating_revenue": 1544876, 
        "short_term_average": 1438405
    }, 
    {
        "accumulated_operating_revenue_yoy": 7.767975870803349, 
        "accumulated_operating_revenue": 12766799, 
        "long_term_average": 1406677, 
        "date": "2013-09-30", 
        "operating_revenue": 1526528, 
        "short_term_average": 1502052
    }, 
    {
        "accumulated_operating_revenue_yoy": 6.284744639612529, 
        "accumulated_operating_revenue": 14185658, 
        "long_term_average": 1399892, 
        "date": "2013-10-31", 
        "operating_revenue": 1418859, 
        "short_term_average": 1496754
    }, 
    {
        "accumulated_operating_revenue_yoy": 5.468411299449234, 
        "accumulated_operating_revenue": 15435765, 
        "long_term_average": 1396685, 
        "date": "2013-11-30", 
        "operating_revenue": 1250107, 
        "short_term_average": 1398498
    }, 
    {
        "accumulated_operating_revenue_yoy": 5.7224996954867375, 
        "accumulated_operating_revenue": 16873201, 
        "long_term_average": 1406100, 
        "date": "2013-12-31", 
        "operating_revenue": 1437436, 
        "short_term_average": 1368800
    }, 
    {
        "accumulated_operating_revenue_yoy": 5.898034298686121, 
        "accumulated_operating_revenue": 1479727, 
        "long_term_average": 1412967, 
        "date": "2014-01-31", 
        "operating_revenue": 1479727, 
        "short_term_average": 1389090
    }, 
    {
        "accumulated_operating_revenue_yoy": 3.5806726167781284, 
        "accumulated_operating_revenue": 2724846, 
        "long_term_average": 1413949, 
        "date": "2014-02-28", 
        "operating_revenue": 1245119, 
        "short_term_average": 1387427
    }, 
    {
        "accumulated_operating_revenue_yoy": 1.1696753727045321, 
        "accumulated_operating_revenue": 4189587, 
        "long_term_average": 1410136, 
        "date": "2014-03-31", 
        "operating_revenue": 1464741, 
        "short_term_average": 1396529
    }, 
    {
        "accumulated_operating_revenue_yoy": 1.5345421527181422, 
        "accumulated_operating_revenue": 5669369, 
        "long_term_average": 1413240, 
        "date": "2014-04-30", 
        "operating_revenue": 1479782, 
        "short_term_average": 1396547
    }, 
    {
        "accumulated_operating_revenue_yoy": 2.9469797789360834, 
        "accumulated_operating_revenue": 7129136, 
        "long_term_average": 1423106, 
        "date": "2014-05-31", 
        "operating_revenue": 1459767, 
        "short_term_average": 1468096
    }, 
    {
        "accumulated_operating_revenue_yoy": 3.482210767370046, 
        "accumulated_operating_revenue": 8548296, 
        "long_term_average": 1430071, 
        "date": "2014-06-30", 
        "operating_revenue": 1419160, 
        "short_term_average": 1452903
    }, 
    {
        "accumulated_operating_revenue_yoy": 5.3135431820983055, 
        "accumulated_operating_revenue": 10210564, 
        "long_term_average": 1449030, 
        "date": "2014-07-31", 
        "operating_revenue": 1662268, 
        "short_term_average": 1513731
    }, 
    {
        "accumulated_operating_revenue_yoy": 5.485499415450037, 
        "accumulated_operating_revenue": 11856856, 
        "long_term_average": 1457482, 
        "date": "2014-08-31", 
        "operating_revenue": 1646292, 
        "short_term_average": 1575906
    }, 
    {
        "accumulated_operating_revenue_yoy": 6.869458820492122, 
        "accumulated_operating_revenue": 13643809, 
        "long_term_average": 1479184, 
        "date": "2014-09-30", 
        "operating_revenue": 1786953, 
        "short_term_average": 1698504
    }, 
    {
        "accumulated_operating_revenue_yoy": 8.60646717973886, 
        "accumulated_operating_revenue": 15406542, 
        "long_term_average": 1507840, 
        "date": "2014-10-31", 
        "operating_revenue": 1762733, 
        "short_term_average": 1731992
    }, 
    {
        "accumulated_operating_revenue_yoy": 10.786864143111792, 
        "accumulated_operating_revenue": 17100800, 
        "long_term_average": 1544853, 
        "date": "2014-11-30", 
        "operating_revenue": 1694258, 
        "short_term_average": 1747981
    }, 
    {
        "accumulated_operating_revenue_yoy": 11.921662048594099, 
        "accumulated_operating_revenue": 18884767, 
        "long_term_average": 1573730, 
        "date": "2014-12-31", 
        "operating_revenue": 1783967, 
        "short_term_average": 1746986
    }, 
    {
        "accumulated_operating_revenue_yoy": 21.267774393519886, 
        "accumulated_operating_revenue": 1794432, 
        "long_term_average": 1599956, 
        "date": "2015-01-31", 
        "operating_revenue": 1794432, 
        "short_term_average": 1757552
    }, 
    {
        "accumulated_operating_revenue_yoy": 20.027003360923885, 
        "accumulated_operating_revenue": 3270551, 
        "long_term_average": 1619206, 
        "date": "2015-02-28", 
        "operating_revenue": 1476119, 
        "short_term_average": 1684839
    }, 
    {
        "accumulated_operating_revenue_yoy": 18.450720798971354, 
        "accumulated_operating_revenue": 4962596, 
        "long_term_average": 1638148, 
        "date": "2015-03-31", 
        "operating_revenue": 1692045, 
        "short_term_average": 1654198
    }, 
    {
        "accumulated_operating_revenue_yoy": 16.98330096347583, 
        "accumulated_operating_revenue": 6632215, 
        "long_term_average": 1653967, 
        "date": "2015-04-30", 
        "operating_revenue": 1669619, 
        "short_term_average": 1612594
    }, 
    {
        "accumulated_operating_revenue_yoy": 15.714162277167947, 
        "accumulated_operating_revenue": 8249420, 
        "long_term_average": 1667087, 
        "date": "2015-05-31", 
        "operating_revenue": 1617205, 
        "short_term_average": 1659623
    }, 
    {
        "accumulated_operating_revenue_yoy": 15.059948789793895, 
        "accumulated_operating_revenue": 9835665, 
        "long_term_average": 1681011, 
        "date": "2015-06-30", 
        "operating_revenue": 1586245, 
        "short_term_average": 1624356
    }, 
    {
        "accumulated_operating_revenue_yoy": 14.840943164354096, 
        "accumulated_operating_revenue": 11725908, 
        "long_term_average": 1700009, 
        "date": "2015-07-31", 
        "operating_revenue": 1890243, 
        "short_term_average": 1697897
    }, 
    {
        "accumulated_operating_revenue_yoy": 15.908070402474314, 
        "accumulated_operating_revenue": 13743053, 
        "long_term_average": 1730913, 
        "date": "2015-08-31", 
        "operating_revenue": 2017145, 
        "short_term_average": 1831211
    }, 
    {
        "accumulated_operating_revenue_yoy": 16.123078240101428, 
        "accumulated_operating_revenue": 15843611, 
        "long_term_average": 1757047, 
        "date": "2015-09-30", 
        "operating_revenue": 2100558, 
        "short_term_average": 2002648
    }, 
    {
        "accumulated_operating_revenue_yoy": 14.648887466116667, 
        "accumulated_operating_revenue": 17663429, 
        "long_term_average": 1761804, 
        "date": "2015-10-31", 
        "operating_revenue": 1819818, 
        "short_term_average": 1979173
    }
]