[
    {
        "date": "2011-09-30", 
        "operating_revenue": 5825693, 
        "accumulated_operating_revenue": 5825693, 
        "long_term_average": 5825693, 
        "short_term_average": 5825693
    }, 
    {
        "date": "2011-10-31", 
        "operating_revenue": 5638513, 
        "accumulated_operating_revenue": 11464206, 
        "long_term_average": 5732103, 
        "short_term_average": 5732103
    }, 
    {
        "date": "2011-11-30", 
        "operating_revenue": 5462193, 
        "accumulated_operating_revenue": 16926399, 
        "long_term_average": 5642133, 
        "short_term_average": 5642133
    }, 
    {
        "date": "2011-12-31", 
        "operating_revenue": 5712685, 
        "accumulated_operating_revenue": 22639084, 
        "long_term_average": 5659771, 
        "short_term_average": 5604463
    }, 
    {
        "date": "2012-01-31", 
        "operating_revenue": 4031581, 
        "accumulated_operating_revenue": 4031581, 
        "long_term_average": 5334133, 
        "short_term_average": 5068819
    }, 
    {
        "date": "2012-02-29", 
        "operating_revenue": 4636511, 
        "accumulated_operating_revenue": 8668092, 
        "long_term_average": 5217862, 
        "short_term_average": 4793592
    }, 
    {
        "date": "2012-03-31", 
        "operating_revenue": 5215342, 
        "accumulated_operating_revenue": 13883434, 
        "long_term_average": 5217502, 
        "short_term_average": 4627811
    }, 
    {
        "date": "2012-04-30", 
        "operating_revenue": 5277463, 
        "accumulated_operating_revenue": 19160897, 
        "long_term_average": 5224997, 
        "short_term_average": 5043105
    }, 
    {
        "date": "2012-05-31", 
        "operating_revenue": 5435515, 
        "accumulated_operating_revenue": 24596412, 
        "long_term_average": 5248388, 
        "short_term_average": 5309440
    }, 
    {
        "date": "2012-06-30", 
        "operating_revenue": 5093277, 
        "accumulated_operating_revenue": 29689689, 
        "long_term_average": 5232877, 
        "short_term_average": 5268751
    }, 
    {
        "date": "2012-07-31", 
        "operating_revenue": 5369185, 
        "accumulated_operating_revenue": 35058874, 
        "long_term_average": 5245268, 
        "short_term_average": 5299325
    }, 
    {
        "date": "2012-08-31", 
        "operating_revenue": 5907047, 
        "accumulated_operating_revenue": 40965921, 
        "long_term_average": 5300417, 
        "short_term_average": 5456503
    }, 
    {
        "accumulated_operating_revenue_yoy": 715.5353534764018, 
        "accumulated_operating_revenue": 47510586, 
        "long_term_average": 5360331, 
        "date": "2012-09-30", 
        "operating_revenue": 6544665, 
        "short_term_average": 5940299
    }, 
    {
        "accumulated_operating_revenue_yoy": 368.58337158282046, 
        "accumulated_operating_revenue": 53719363, 
        "long_term_average": 5407853, 
        "date": "2012-10-31", 
        "operating_revenue": 6208777, 
        "short_term_average": 6220163
    }, 
    {
        "accumulated_operating_revenue_yoy": 255.2599640360599, 
        "accumulated_operating_revenue": 60132719, 
        "long_term_average": 5487117, 
        "date": "2012-11-30", 
        "operating_revenue": 6413356, 
        "short_term_average": 6388932
    }, 
    {
        "accumulated_operating_revenue_yoy": 198.19956938187076, 
        "accumulated_operating_revenue": 67509651, 
        "long_term_average": 5625804, 
        "date": "2012-12-31", 
        "operating_revenue": 7376932, 
        "short_term_average": 6666355
    }, 
    {
        "accumulated_operating_revenue_yoy": 45.69720910977604, 
        "accumulated_operating_revenue": 5873901, 
        "long_term_average": 5779330, 
        "date": "2013-01-31", 
        "operating_revenue": 5873901, 
        "short_term_average": 6554729
    }, 
    {
        "accumulated_operating_revenue_yoy": 22.238954085858804, 
        "accumulated_operating_revenue": 10595785, 
        "long_term_average": 5786445, 
        "date": "2013-02-28", 
        "operating_revenue": 4721884, 
        "short_term_average": 5990905
    }, 
    {
        "accumulated_operating_revenue_yoy": 23.956652223073917, 
        "accumulated_operating_revenue": 17209440, 
        "long_term_average": 5902971, 
        "date": "2013-03-31", 
        "operating_revenue": 6613655, 
        "short_term_average": 5736480
    }, 
    {
        "accumulated_operating_revenue_yoy": 19.850516392839022, 
        "accumulated_operating_revenue": 22964434, 
        "long_term_average": 5942765, 
        "date": "2013-04-30", 
        "operating_revenue": 5754994, 
        "short_term_average": 5696844
    }, 
    {
        "accumulated_operating_revenue_yoy": 17.52330380544935, 
        "accumulated_operating_revenue": 28906516, 
        "long_term_average": 5984979, 
        "date": "2013-05-31", 
        "operating_revenue": 5942082, 
        "short_term_average": 6103577
    }, 
    {
        "accumulated_operating_revenue_yoy": 18.483848045696945, 
        "accumulated_operating_revenue": 35177486, 
        "long_term_average": 6083120, 
        "date": "2013-06-30", 
        "operating_revenue": 6270970, 
        "short_term_average": 5989348
    }, 
    {
        "accumulated_operating_revenue_yoy": 16.200406208140055, 
        "accumulated_operating_revenue": 40738554, 
        "long_term_average": 6099110, 
        "date": "2013-07-31", 
        "operating_revenue": 5561068, 
        "short_term_average": 5924706
    }, 
    {
        "accumulated_operating_revenue_yoy": 14.295340754086794, 
        "accumulated_operating_revenue": 46822139, 
        "long_term_average": 6113822, 
        "date": "2013-08-31", 
        "operating_revenue": 6083585, 
        "short_term_average": 5971874
    }, 
    {
        "accumulated_operating_revenue_yoy": 12.617028129267865, 
        "accumulated_operating_revenue": 53505010, 
        "long_term_average": 6125339, 
        "date": "2013-09-30", 
        "operating_revenue": 6682871, 
        "short_term_average": 6109174
    }, 
    {
        "accumulated_operating_revenue_yoy": 11.723672151510806, 
        "accumulated_operating_revenue": 60017245, 
        "long_term_average": 6150627, 
        "date": "2013-10-31", 
        "operating_revenue": 6512235, 
        "short_term_average": 6426230
    }, 
    {
        "accumulated_operating_revenue_yoy": 12.138804167494904, 
        "accumulated_operating_revenue": 67432112, 
        "long_term_average": 6234087, 
        "date": "2013-11-30", 
        "operating_revenue": 7414867, 
        "short_term_average": 6869991
    }, 
    {
        "accumulated_operating_revenue_yoy": 10.412582343226747, 
        "accumulated_operating_revenue": 74539149, 
        "long_term_average": 6211595, 
        "date": "2013-12-31", 
        "operating_revenue": 7107037, 
        "short_term_average": 7011379
    }, 
    {
        "accumulated_operating_revenue_yoy": -3.8344704822229723, 
        "accumulated_operating_revenue": 5648668, 
        "long_term_average": 6192826, 
        "date": "2014-01-31", 
        "operating_revenue": 5648668, 
        "short_term_average": 6723524
    }, 
    {
        "accumulated_operating_revenue_yoy": -0.13871553641377207, 
        "accumulated_operating_revenue": 10581087, 
        "long_term_average": 6210370, 
        "date": "2014-02-28", 
        "operating_revenue": 4932419, 
        "short_term_average": 5896041
    }, 
    {
        "accumulated_operating_revenue_yoy": -1.4779504736935078, 
        "accumulated_operating_revenue": 16955093, 
        "long_term_average": 6190400, 
        "date": "2014-03-31", 
        "operating_revenue": 6374006, 
        "short_term_average": 5651697
    }, 
    {
        "accumulated_operating_revenue_yoy": 0.9159293888976319, 
        "accumulated_operating_revenue": 23174772, 
        "long_term_average": 6229123, 
        "date": "2014-04-30", 
        "operating_revenue": 6219679, 
        "short_term_average": 5842034
    }, 
    {
        "accumulated_operating_revenue_yoy": 2.1146166490627927, 
        "accumulated_operating_revenue": 29517778, 
        "long_term_average": 6262534, 
        "date": "2014-05-31", 
        "operating_revenue": 6343006, 
        "short_term_average": 6312230
    }, 
    {
        "accumulated_operating_revenue_yoy": 2.149971717706035, 
        "accumulated_operating_revenue": 35933792, 
        "long_term_average": 6274621, 
        "date": "2014-06-30", 
        "operating_revenue": 6416014, 
        "short_term_average": 6326233
    }, 
    {
        "accumulated_operating_revenue_yoy": 3.0571630009253643, 
        "accumulated_operating_revenue": 41983998, 
        "long_term_average": 6315382, 
        "date": "2014-07-31", 
        "operating_revenue": 6050206, 
        "short_term_average": 6269742
    }, 
    {
        "accumulated_operating_revenue_yoy": 2.649374903611302, 
        "accumulated_operating_revenue": 48062633, 
        "long_term_average": 6314970, 
        "date": "2014-08-31", 
        "operating_revenue": 6078635, 
        "short_term_average": 6181618
    }, 
    {
        "accumulated_operating_revenue_yoy": 4.530745812401493, 
        "accumulated_operating_revenue": 55929186, 
        "long_term_average": 6413610, 
        "date": "2014-09-30", 
        "operating_revenue": 7866553, 
        "short_term_average": 6665131
    }, 
    {
        "accumulated_operating_revenue_yoy": 5.986431066604273, 
        "accumulated_operating_revenue": 63610136, 
        "long_term_average": 6511003, 
        "date": "2014-10-31", 
        "operating_revenue": 7680950, 
        "short_term_average": 7208712
    }, 
    {
        "accumulated_operating_revenue_yoy": 6.378594518884414, 
        "accumulated_operating_revenue": 71733333, 
        "long_term_average": 6570030, 
        "date": "2014-11-30", 
        "operating_revenue": 8123197, 
        "short_term_average": 7890233
    }, 
    {
        "accumulated_operating_revenue_yoy": 7.473946341941735, 
        "accumulated_operating_revenue": 80110165, 
        "long_term_average": 6675847, 
        "date": "2014-12-31", 
        "operating_revenue": 8376832, 
        "short_term_average": 8060326
    }, 
    {
        "accumulated_operating_revenue_yoy": 18.05613287946822, 
        "accumulated_operating_revenue": 6668599, 
        "long_term_average": 6760841, 
        "date": "2015-01-31", 
        "operating_revenue": 6668599, 
        "short_term_average": 7722876
    }, 
    {
        "accumulated_operating_revenue_yoy": 9.32162262724047, 
        "accumulated_operating_revenue": 11567416, 
        "long_term_average": 6758041, 
        "date": "2015-02-28", 
        "operating_revenue": 4898817, 
        "short_term_average": 6648082
    }, 
    {
        "accumulated_operating_revenue_yoy": 6.199093098457201, 
        "accumulated_operating_revenue": 18006155, 
        "long_term_average": 6763435, 
        "date": "2015-03-31", 
        "operating_revenue": 6438739, 
        "short_term_average": 6002051
    }, 
    {
        "accumulated_operating_revenue_yoy": 4.680883160360757, 
        "accumulated_operating_revenue": 24259556, 
        "long_term_average": 6766245, 
        "date": "2015-04-30", 
        "operating_revenue": 6253401, 
        "short_term_average": 5863652
    }, 
    {
        "accumulated_operating_revenue_yoy": 5.246468755202374, 
        "accumulated_operating_revenue": 31066419, 
        "long_term_average": 6804900, 
        "date": "2015-05-31", 
        "operating_revenue": 6806863, 
        "short_term_average": 6499667
    }, 
    {
        "accumulated_operating_revenue_yoy": 6.487322573693308, 
        "accumulated_operating_revenue": 38264933, 
        "long_term_average": 6870108, 
        "date": "2015-06-30", 
        "operating_revenue": 7198514, 
        "short_term_average": 6752926
    }, 
    {
        "accumulated_operating_revenue_yoy": 7.156340851578737, 
        "accumulated_operating_revenue": 44988516, 
        "long_term_average": 6926223, 
        "date": "2015-07-31", 
        "operating_revenue": 6723583, 
        "short_term_average": 6909653
    }, 
    {
        "accumulated_operating_revenue_yoy": 7.738107065420239, 
        "accumulated_operating_revenue": 51781771, 
        "long_term_average": 6985775, 
        "date": "2015-08-31", 
        "operating_revenue": 6793255, 
        "short_term_average": 6905117
    }, 
    {
        "accumulated_operating_revenue_yoy": 6.026093424638793, 
        "accumulated_operating_revenue": 59299531, 
        "long_term_average": 6956709, 
        "date": "2015-09-30", 
        "operating_revenue": 7517760, 
        "short_term_average": 7011532
    }
]