[
    {
        "date": "2011-09-30", 
        "operating_revenue": 1280230, 
        "accumulated_operating_revenue": 1280230, 
        "long_term_average": 1280230, 
        "short_term_average": 1280230
    }, 
    {
        "date": "2011-10-31", 
        "operating_revenue": 1220351, 
        "accumulated_operating_revenue": 2500581, 
        "long_term_average": 1250290, 
        "short_term_average": 1250290
    }, 
    {
        "date": "2011-11-30", 
        "operating_revenue": 1052532, 
        "accumulated_operating_revenue": 3553113, 
        "long_term_average": 1184371, 
        "short_term_average": 1184371
    }, 
    {
        "date": "2011-12-31", 
        "operating_revenue": 948278, 
        "accumulated_operating_revenue": 4501391, 
        "long_term_average": 1125347, 
        "short_term_average": 1073720
    }, 
    {
        "date": "2012-01-31", 
        "operating_revenue": 869882, 
        "accumulated_operating_revenue": 869882, 
        "long_term_average": 1074254, 
        "short_term_average": 956897
    }, 
    {
        "date": "2012-02-29", 
        "operating_revenue": 955168, 
        "accumulated_operating_revenue": 1825050, 
        "long_term_average": 1054406, 
        "short_term_average": 924442
    }, 
    {
        "date": "2012-03-31", 
        "operating_revenue": 1184982, 
        "accumulated_operating_revenue": 3010032, 
        "long_term_average": 1073060, 
        "short_term_average": 1003344
    }, 
    {
        "date": "2012-04-30", 
        "operating_revenue": 1039459, 
        "accumulated_operating_revenue": 4049491, 
        "long_term_average": 1068860, 
        "short_term_average": 1059869
    }, 
    {
        "date": "2012-05-31", 
        "operating_revenue": 1143840, 
        "accumulated_operating_revenue": 5193331, 
        "long_term_average": 1077191, 
        "short_term_average": 1122760
    }, 
    {
        "date": "2012-06-30", 
        "operating_revenue": 1214176, 
        "accumulated_operating_revenue": 6407507, 
        "long_term_average": 1090889, 
        "short_term_average": 1132491
    }, 
    {
        "date": "2012-07-31", 
        "operating_revenue": 1190000, 
        "accumulated_operating_revenue": 7597507, 
        "long_term_average": 1099899, 
        "short_term_average": 1182672
    }, 
    {
        "date": "2012-08-31", 
        "operating_revenue": 1191706, 
        "accumulated_operating_revenue": 8789213, 
        "long_term_average": 1107550, 
        "short_term_average": 1198627
    }, 
    {
        "accumulated_operating_revenue_yoy": 674.9386438374355, 
        "accumulated_operating_revenue": 9920997, 
        "long_term_average": 1095179, 
        "date": "2012-09-30", 
        "operating_revenue": 1131784, 
        "short_term_average": 1171163
    }, 
    {
        "accumulated_operating_revenue_yoy": 346.5738562358108, 
        "accumulated_operating_revenue": 11166941, 
        "long_term_average": 1097312, 
        "date": "2012-10-31", 
        "operating_revenue": 1245944, 
        "short_term_average": 1189811
    }, 
    {
        "accumulated_operating_revenue_yoy": 245.98345169433117, 
        "accumulated_operating_revenue": 12293183, 
        "long_term_average": 1103455, 
        "date": "2012-11-30", 
        "operating_revenue": 1126242, 
        "short_term_average": 1167990
    }, 
    {
        "accumulated_operating_revenue_yoy": 195.9386109760294, 
        "accumulated_operating_revenue": 13321354, 
        "long_term_average": 1110112, 
        "date": "2012-12-31", 
        "operating_revenue": 1028171, 
        "short_term_average": 1133452
    }, 
    {
        "accumulated_operating_revenue_yoy": 31.07180054306216, 
        "accumulated_operating_revenue": 1140170, 
        "long_term_average": 1132636, 
        "date": "2013-01-31", 
        "operating_revenue": 1140170, 
        "short_term_average": 1098194
    }, 
    {
        "accumulated_operating_revenue_yoy": 2.5415194104271115, 
        "accumulated_operating_revenue": 1871434, 
        "long_term_average": 1113978, 
        "date": "2013-02-28", 
        "operating_revenue": 731264, 
        "short_term_average": 966535
    }, 
    {
        "accumulated_operating_revenue_yoy": -5.2827013134744085, 
        "accumulated_operating_revenue": 2851021, 
        "long_term_average": 1096861, 
        "date": "2013-03-31", 
        "operating_revenue": 979587, 
        "short_term_average": 950340
    }, 
    {
        "accumulated_operating_revenue_yoy": -9.385451159170374, 
        "accumulated_operating_revenue": 3669428, 
        "long_term_average": 1078440, 
        "date": "2013-04-30", 
        "operating_revenue": 818407, 
        "short_term_average": 843086
    }, 
    {
        "accumulated_operating_revenue_yoy": -10.443201097715512, 
        "accumulated_operating_revenue": 4650981, 
        "long_term_average": 1064917, 
        "date": "2013-05-31", 
        "operating_revenue": 981553, 
        "short_term_average": 926515
    }, 
    {
        "accumulated_operating_revenue_yoy": -10.968571708154201, 
        "accumulated_operating_revenue": 5704695, 
        "long_term_average": 1051545, 
        "date": "2013-06-30", 
        "operating_revenue": 1053714, 
        "short_term_average": 951224
    }, 
    {
        "accumulated_operating_revenue_yoy": -10.54955263614762, 
        "accumulated_operating_revenue": 6796004, 
        "long_term_average": 1043320, 
        "date": "2013-07-31", 
        "operating_revenue": 1091309, 
        "short_term_average": 1042192
    }, 
    {
        "accumulated_operating_revenue_yoy": -10.62281685516098, 
        "accumulated_operating_revenue": 7855551, 
        "long_term_average": 1032307, 
        "date": "2013-08-31", 
        "operating_revenue": 1059547, 
        "short_term_average": 1068190
    }, 
    {
        "accumulated_operating_revenue_yoy": -9.681980550946644, 
        "accumulated_operating_revenue": 8960448, 
        "long_term_average": 1030067, 
        "date": "2013-09-30", 
        "operating_revenue": 1104897, 
        "short_term_average": 1085251
    }, 
    {
        "accumulated_operating_revenue_yoy": -8.746119461005481, 
        "accumulated_operating_revenue": 10190267, 
        "long_term_average": 1028723, 
        "date": "2013-10-31", 
        "operating_revenue": 1229819, 
        "short_term_average": 1131421
    }, 
    {
        "accumulated_operating_revenue_yoy": -6.144698244547405, 
        "accumulated_operating_revenue": 11537804, 
        "long_term_average": 1047164, 
        "date": "2013-11-30", 
        "operating_revenue": 1347537, 
        "short_term_average": 1227417
    }, 
    {
        "accumulated_operating_revenue_yoy": -4.289608999205337, 
        "accumulated_operating_revenue": 12749920, 
        "long_term_average": 1062493, 
        "date": "2013-12-31", 
        "operating_revenue": 1212116, 
        "short_term_average": 1263157
    }, 
    {
        "accumulated_operating_revenue_yoy": -0.9828358928931651, 
        "accumulated_operating_revenue": 1128964, 
        "long_term_average": 1061559, 
        "date": "2014-01-31", 
        "operating_revenue": 1128964, 
        "short_term_average": 1229539
    }, 
    {
        "accumulated_operating_revenue_yoy": 10.578038017904987, 
        "accumulated_operating_revenue": 2069395, 
        "long_term_average": 1078990, 
        "date": "2014-02-28", 
        "operating_revenue": 940431, 
        "short_term_average": 1093837
    }, 
    {
        "accumulated_operating_revenue_yoy": 17.491944114055983, 
        "accumulated_operating_revenue": 3349720, 
        "long_term_average": 1104051, 
        "date": "2014-03-31", 
        "operating_revenue": 1280325, 
        "short_term_average": 1116573
    }, 
    {
        "accumulated_operating_revenue_yoy": 24.432990645953538, 
        "accumulated_operating_revenue": 4565979, 
        "long_term_average": 1137205, 
        "date": "2014-04-30", 
        "operating_revenue": 1216259, 
        "short_term_average": 1145671
    }, 
    {
        "accumulated_operating_revenue_yoy": 25.27017418475801, 
        "accumulated_operating_revenue": 5826292, 
        "long_term_average": 1160435, 
        "date": "2014-05-31", 
        "operating_revenue": 1260313, 
        "short_term_average": 1252299
    }, 
    {
        "accumulated_operating_revenue_yoy": 24.132333104574393, 
        "accumulated_operating_revenue": 7081371, 
        "long_term_average": 1177216, 
        "date": "2014-06-30", 
        "operating_revenue": 1255079, 
        "short_term_average": 1243883
    }, 
    {
        "accumulated_operating_revenue_yoy": 26.7062526743657, 
        "accumulated_operating_revenue": 8610962, 
        "long_term_average": 1213739, 
        "date": "2014-07-31", 
        "operating_revenue": 1529591, 
        "short_term_average": 1348327
    }, 
    {
        "accumulated_operating_revenue_yoy": 29.962124871953606, 
        "accumulated_operating_revenue": 10209241, 
        "long_term_average": 1258634, 
        "date": "2014-08-31", 
        "operating_revenue": 1598279, 
        "short_term_average": 1460983
    }, 
    {
        "accumulated_operating_revenue_yoy": 31.06584626125837, 
        "accumulated_operating_revenue": 11744087, 
        "long_term_average": 1294463, 
        "date": "2014-09-30", 
        "operating_revenue": 1534846, 
        "short_term_average": 1554238
    }, 
    {
        "accumulated_operating_revenue_yoy": 29.02245839093323, 
        "accumulated_operating_revenue": 13147733, 
        "long_term_average": 1308948, 
        "date": "2014-10-31", 
        "operating_revenue": 1403646, 
        "short_term_average": 1512257
    }, 
    {
        "accumulated_operating_revenue_yoy": 27.85052510859086, 
        "accumulated_operating_revenue": 14751143, 
        "long_term_average": 1330271, 
        "date": "2014-11-30", 
        "operating_revenue": 1603410, 
        "short_term_average": 1513967
    }, 
    {
        "accumulated_operating_revenue_yoy": 27.568667097519047, 
        "accumulated_operating_revenue": 16264903, 
        "long_term_average": 1355408, 
        "date": "2014-12-31", 
        "operating_revenue": 1513760, 
        "short_term_average": 1506938
    }, 
    {
        "accumulated_operating_revenue_yoy": 20.145195063793, 
        "accumulated_operating_revenue": 1356396, 
        "long_term_average": 1374361, 
        "date": "2015-01-31", 
        "operating_revenue": 1356396, 
        "short_term_average": 1491188
    }, 
    {
        "accumulated_operating_revenue_yoy": 15.580060839037497, 
        "accumulated_operating_revenue": 2391808, 
        "long_term_average": 1382276, 
        "date": "2015-02-28", 
        "operating_revenue": 1035412, 
        "short_term_average": 1301856
    }, 
    {
        "accumulated_operating_revenue_yoy": 9.716483765807292, 
        "accumulated_operating_revenue": 3675195, 
        "long_term_average": 1382531, 
        "date": "2015-03-31", 
        "operating_revenue": 1283387, 
        "short_term_average": 1225065
    }, 
    {
        "accumulated_operating_revenue_yoy": 8.915919236597453, 
        "accumulated_operating_revenue": 4973078, 
        "long_term_average": 1389333, 
        "date": "2015-04-30", 
        "operating_revenue": 1297883, 
        "short_term_average": 1205560
    }, 
    {
        "accumulated_operating_revenue_yoy": 7.4217529777086355, 
        "accumulated_operating_revenue": 6258705, 
        "long_term_average": 1391443, 
        "date": "2015-05-31", 
        "operating_revenue": 1285627, 
        "short_term_average": 1288965
    }, 
    {
        "accumulated_operating_revenue_yoy": 7.332139496716102, 
        "accumulated_operating_revenue": 7600587, 
        "long_term_average": 1398676, 
        "date": "2015-06-30", 
        "operating_revenue": 1341882, 
        "short_term_average": 1308464
    }, 
    {
        "accumulated_operating_revenue_yoy": 3.788183016020742, 
        "accumulated_operating_revenue": 8937161, 
        "long_term_average": 1382591, 
        "date": "2015-07-31", 
        "operating_revenue": 1336574, 
        "short_term_average": 1321361
    }, 
    {
        "accumulated_operating_revenue_yoy": 1.8906498534024225, 
        "accumulated_operating_revenue": 10402262, 
        "long_term_average": 1371493, 
        "date": "2015-08-31", 
        "operating_revenue": 1465101, 
        "short_term_average": 1381185
    }, 
    {
        "accumulated_operating_revenue_yoy": 3.0003950072917545, 
        "accumulated_operating_revenue": 12096456, 
        "long_term_average": 1384772, 
        "date": "2015-09-30", 
        "operating_revenue": 1694194, 
        "short_term_average": 1498623
    }, 
    {
        "accumulated_operating_revenue_yoy": 4.183884780745091, 
        "accumulated_operating_revenue": 13697819, 
        "long_term_average": 1401249, 
        "date": "2015-10-31", 
        "operating_revenue": 1601363, 
        "short_term_average": 1586886
    }
]