[
    {
        "date": "2012-01-31", 
        "operating_revenue": 371508, 
        "accumulated_operating_revenue": 371508, 
        "long_term_average": 371508, 
        "short_term_average": 371508
    }, 
    {
        "date": "2012-02-29", 
        "operating_revenue": 442871, 
        "accumulated_operating_revenue": 814379, 
        "long_term_average": 407189, 
        "short_term_average": 407189
    }, 
    {
        "date": "2012-03-31", 
        "operating_revenue": 450787, 
        "accumulated_operating_revenue": 1265166, 
        "long_term_average": 421722, 
        "short_term_average": 421722
    }, 
    {
        "date": "2012-04-30", 
        "operating_revenue": 305832, 
        "accumulated_operating_revenue": 1570998, 
        "long_term_average": 392749, 
        "short_term_average": 399830
    }, 
    {
        "date": "2012-05-31", 
        "operating_revenue": 363429, 
        "accumulated_operating_revenue": 1934427, 
        "long_term_average": 386885, 
        "short_term_average": 373349
    }, 
    {
        "date": "2012-06-30", 
        "operating_revenue": 317009, 
        "accumulated_operating_revenue": 2251436, 
        "long_term_average": 375239, 
        "short_term_average": 328756
    }, 
    {
        "date": "2012-07-31", 
        "operating_revenue": 399969, 
        "accumulated_operating_revenue": 2651405, 
        "long_term_average": 378772, 
        "short_term_average": 360135
    }, 
    {
        "date": "2012-08-31", 
        "operating_revenue": 333863, 
        "accumulated_operating_revenue": 2985268, 
        "long_term_average": 373158, 
        "short_term_average": 350280
    }, 
    {
        "date": "2012-09-30", 
        "operating_revenue": 390984, 
        "accumulated_operating_revenue": 3376252, 
        "long_term_average": 375139, 
        "short_term_average": 374938
    }, 
    {
        "date": "2012-10-31", 
        "operating_revenue": 344836, 
        "accumulated_operating_revenue": 3721088, 
        "long_term_average": 372108, 
        "short_term_average": 356561
    }, 
    {
        "date": "2012-11-30", 
        "operating_revenue": 324975, 
        "accumulated_operating_revenue": 4046063, 
        "long_term_average": 367823, 
        "short_term_average": 353598
    }, 
    {
        "date": "2012-12-31", 
        "operating_revenue": 397667, 
        "accumulated_operating_revenue": 4443730, 
        "long_term_average": 370310, 
        "short_term_average": 355826
    }, 
    {
        "accumulated_operating_revenue_yoy": 6.578054846732775, 
        "accumulated_operating_revenue": 395946, 
        "long_term_average": 372347, 
        "date": "2013-01-31", 
        "operating_revenue": 395946, 
        "short_term_average": 372862
    }, 
    {
        "accumulated_operating_revenue_yoy": -20.766620946758206, 
        "accumulated_operating_revenue": 645260, 
        "long_term_average": 356217, 
        "date": "2013-02-28", 
        "operating_revenue": 249314, 
        "short_term_average": 347642
    }, 
    {
        "accumulated_operating_revenue_yoy": -23.48774785285093, 
        "accumulated_operating_revenue": 968007, 
        "long_term_average": 345547, 
        "date": "2013-03-31", 
        "operating_revenue": 322747, 
        "short_term_average": 322669
    }, 
    {
        "accumulated_operating_revenue_yoy": -18.53261429995455, 
        "accumulated_operating_revenue": 1279851, 
        "long_term_average": 346048, 
        "date": "2013-04-30", 
        "operating_revenue": 311844, 
        "short_term_average": 294635
    }, 
    {
        "accumulated_operating_revenue_yoy": -19.15311355765816, 
        "accumulated_operating_revenue": 1563924, 
        "long_term_average": 339435, 
        "date": "2013-05-31", 
        "operating_revenue": 284073, 
        "short_term_average": 306221
    }, 
    {
        "accumulated_operating_revenue_yoy": 7.283884596319861, 
        "accumulated_operating_revenue": 2415428, 
        "long_term_average": 383976, 
        "date": "2013-06-30", 
        "operating_revenue": 851504, 
        "short_term_average": 482473
    }, 
    {
        "accumulated_operating_revenue_yoy": 2.23164699470658, 
        "accumulated_operating_revenue": 2710575, 
        "long_term_average": 375241, 
        "date": "2013-07-31", 
        "operating_revenue": 295147, 
        "short_term_average": 476908
    }, 
    {
        "accumulated_operating_revenue_yoy": 1.076888239179866, 
        "accumulated_operating_revenue": 3017416, 
        "long_term_average": 372989, 
        "date": "2013-08-31", 
        "operating_revenue": 306841, 
        "short_term_average": 484497
    }, 
    {
        "accumulated_operating_revenue_yoy": 22.21963881842943, 
        "accumulated_operating_revenue": 4126443, 
        "long_term_average": 432826, 
        "date": "2013-09-30", 
        "operating_revenue": 1109027, 
        "short_term_average": 570338
    }, 
    {
        "accumulated_operating_revenue_yoy": 26.758732929723777, 
        "accumulated_operating_revenue": 4716804, 
        "long_term_average": 453287, 
        "date": "2013-10-31", 
        "operating_revenue": 590361, 
        "short_term_average": 668743
    }, 
    {
        "accumulated_operating_revenue_yoy": 33.84228075539111, 
        "accumulated_operating_revenue": 5415343, 
        "long_term_average": 484417, 
        "date": "2013-11-30", 
        "operating_revenue": 698539, 
        "short_term_average": 799309
    }, 
    {
        "accumulated_operating_revenue_yoy": 37.181444417190065, 
        "accumulated_operating_revenue": 6095973, 
        "long_term_average": 507997, 
        "date": "2013-12-31", 
        "operating_revenue": 680630, 
        "short_term_average": 656510
    }, 
    {
        "accumulated_operating_revenue_yoy": 21.40241346042137, 
        "accumulated_operating_revenue": 480688, 
        "long_term_average": 515059, 
        "date": "2014-01-31", 
        "operating_revenue": 480688, 
        "short_term_average": 619952
    }, 
    {
        "accumulated_operating_revenue_yoy": 58.96196881877073, 
        "accumulated_operating_revenue": 1025718, 
        "long_term_average": 539702, 
        "date": "2014-02-28", 
        "operating_revenue": 545030, 
        "short_term_average": 568782
    }, 
    {
        "accumulated_operating_revenue_yoy": 73.15205365250458, 
        "accumulated_operating_revenue": 1676124, 
        "long_term_average": 567007, 
        "date": "2014-03-31", 
        "operating_revenue": 650406, 
        "short_term_average": 558708
    }, 
    {
        "accumulated_operating_revenue_yoy": 84.81049747197135, 
        "accumulated_operating_revenue": 2365299, 
        "long_term_average": 598451, 
        "date": "2014-04-30", 
        "operating_revenue": 689175, 
        "short_term_average": 628203
    }, 
    {
        "accumulated_operating_revenue_yoy": 97.15414559786792, 
        "accumulated_operating_revenue": 3083341, 
        "long_term_average": 634615, 
        "date": "2014-05-31", 
        "operating_revenue": 718042, 
        "short_term_average": 685874
    }, 
    {
        "accumulated_operating_revenue_yoy": 52.092051594996825, 
        "accumulated_operating_revenue": 3673674, 
        "long_term_average": 612851, 
        "date": "2014-06-30", 
        "operating_revenue": 590333, 
        "short_term_average": 665850
    }, 
    {
        "accumulated_operating_revenue_yoy": 53.392324506792846, 
        "accumulated_operating_revenue": 4157814, 
        "long_term_average": 628601, 
        "date": "2014-07-31", 
        "operating_revenue": 484140, 
        "short_term_average": 597505
    }, 
    {
        "accumulated_operating_revenue_yoy": 52.675534298220725, 
        "accumulated_operating_revenue": 4606856, 
        "long_term_average": 640451, 
        "date": "2014-08-31", 
        "operating_revenue": 449042, 
        "short_term_average": 507838
    }, 
    {
        "accumulated_operating_revenue_yoy": 22.45706532236117, 
        "accumulated_operating_revenue": 5053121, 
        "long_term_average": 585220, 
        "date": "2014-09-30", 
        "operating_revenue": 446265, 
        "short_term_average": 459815
    }, 
    {
        "accumulated_operating_revenue_yoy": 17.210615493032993, 
        "accumulated_operating_revenue": 5528595, 
        "long_term_average": 575647, 
        "date": "2014-10-31", 
        "operating_revenue": 475474, 
        "short_term_average": 456927
    }, 
    {
        "accumulated_operating_revenue_yoy": 10.354247182496104, 
        "accumulated_operating_revenue": 5976061, 
        "long_term_average": 554724, 
        "date": "2014-11-30", 
        "operating_revenue": 447466, 
        "short_term_average": 456401
    }, 
    {
        "accumulated_operating_revenue_yoy": 6.545189750676389, 
        "accumulated_operating_revenue": 6494966, 
        "long_term_average": 541247, 
        "date": "2014-12-31", 
        "operating_revenue": 518905, 
        "short_term_average": 480615
    }, 
    {
        "accumulated_operating_revenue_yoy": -22.44512032753054, 
        "accumulated_operating_revenue": 372797, 
        "long_term_average": 532256, 
        "date": "2015-01-31", 
        "operating_revenue": 372797, 
        "short_term_average": 446389
    }, 
    {
        "accumulated_operating_revenue_yoy": -32.94346009332, 
        "accumulated_operating_revenue": 687811, 
        "long_term_average": 513088, 
        "date": "2015-02-28", 
        "operating_revenue": 315014, 
        "short_term_average": 402238
    }, 
    {
        "accumulated_operating_revenue_yoy": -32.72770988303968, 
        "accumulated_operating_revenue": 1127567, 
        "long_term_average": 495534, 
        "date": "2015-03-31", 
        "operating_revenue": 439756, 
        "short_term_average": 375855
    }, 
    {
        "accumulated_operating_revenue_yoy": -38.80799002578532, 
        "accumulated_operating_revenue": 1447374, 
        "long_term_average": 464753, 
        "date": "2015-04-30", 
        "operating_revenue": 319807, 
        "short_term_average": 358192
    }, 
    {
        "accumulated_operating_revenue_yoy": -41.296859478079135, 
        "accumulated_operating_revenue": 1810018, 
        "long_term_average": 435136, 
        "date": "2015-05-31", 
        "operating_revenue": 362644, 
        "short_term_average": 374069
    }, 
    {
        "accumulated_operating_revenue_yoy": -40.20756877175275, 
        "accumulated_operating_revenue": 2196579, 
        "long_term_average": 418155, 
        "date": "2015-06-30", 
        "operating_revenue": 386561, 
        "short_term_average": 356337
    }, 
    {
        "accumulated_operating_revenue_yoy": -38.047397021607985, 
        "accumulated_operating_revenue": 2575874, 
        "long_term_average": 409418, 
        "date": "2015-07-31", 
        "operating_revenue": 379295, 
        "short_term_average": 376166
    }, 
    {
        "accumulated_operating_revenue_yoy": -35.98514909083331, 
        "accumulated_operating_revenue": 2949072, 
        "long_term_average": 403098, 
        "date": "2015-08-31", 
        "operating_revenue": 373198, 
        "short_term_average": 379684
    }, 
    {
        "accumulated_operating_revenue_yoy": -32.8882684582459, 
        "accumulated_operating_revenue": 3391237, 
        "long_term_average": 402756, 
        "date": "2015-09-30", 
        "operating_revenue": 442165, 
        "short_term_average": 398219
    }
]