[
    {
        "date": "2012-01-31", 
        "operating_revenue": 67069, 
        "accumulated_operating_revenue": 67069, 
        "long_term_average": 67069, 
        "short_term_average": 67069
    }, 
    {
        "date": "2012-02-29", 
        "operating_revenue": 65551, 
        "accumulated_operating_revenue": 132620, 
        "long_term_average": 66310, 
        "short_term_average": 66310
    }, 
    {
        "date": "2012-03-31", 
        "operating_revenue": 97416, 
        "accumulated_operating_revenue": 230036, 
        "long_term_average": 76678, 
        "short_term_average": 76678
    }, 
    {
        "date": "2012-04-30", 
        "operating_revenue": 54810, 
        "accumulated_operating_revenue": 284846, 
        "long_term_average": 71211, 
        "short_term_average": 72592
    }, 
    {
        "date": "2012-05-31", 
        "operating_revenue": 82527, 
        "accumulated_operating_revenue": 367373, 
        "long_term_average": 73474, 
        "short_term_average": 78251
    }, 
    {
        "date": "2012-06-30", 
        "operating_revenue": 56803, 
        "accumulated_operating_revenue": 424176, 
        "long_term_average": 70696, 
        "short_term_average": 64713
    }, 
    {
        "date": "2012-07-31", 
        "operating_revenue": 64574, 
        "accumulated_operating_revenue": 488750, 
        "long_term_average": 69821, 
        "short_term_average": 67968
    }, 
    {
        "date": "2012-08-31", 
        "operating_revenue": 86660, 
        "accumulated_operating_revenue": 575410, 
        "long_term_average": 71926, 
        "short_term_average": 69345
    }, 
    {
        "date": "2012-09-30", 
        "operating_revenue": 89972, 
        "accumulated_operating_revenue": 665382, 
        "long_term_average": 73931, 
        "short_term_average": 80402
    }, 
    {
        "date": "2012-10-31", 
        "operating_revenue": 87369, 
        "accumulated_operating_revenue": 752751, 
        "long_term_average": 75275, 
        "short_term_average": 88000
    }, 
    {
        "date": "2012-11-30", 
        "operating_revenue": 64762, 
        "accumulated_operating_revenue": 817513, 
        "long_term_average": 74319, 
        "short_term_average": 80701
    }, 
    {
        "date": "2012-12-31", 
        "operating_revenue": 109847, 
        "accumulated_operating_revenue": 927360, 
        "long_term_average": 77280, 
        "short_term_average": 87326
    }, 
    {
        "accumulated_operating_revenue_yoy": 3.7036484814146626, 
        "accumulated_operating_revenue": 69553, 
        "long_term_average": 77487, 
        "date": "2013-01-31", 
        "operating_revenue": 69553, 
        "short_term_average": 81387
    }, 
    {
        "accumulated_operating_revenue_yoy": -6.35876941637762, 
        "accumulated_operating_revenue": 124187, 
        "long_term_average": 76577, 
        "date": "2013-02-28", 
        "operating_revenue": 54634, 
        "short_term_average": 78011
    }, 
    {
        "accumulated_operating_revenue_yoy": -18.592742005599124, 
        "accumulated_operating_revenue": 187266, 
        "long_term_average": 73715, 
        "date": "2013-03-31", 
        "operating_revenue": 63079, 
        "short_term_average": 62422
    }, 
    {
        "accumulated_operating_revenue_yoy": -8.682586380008846, 
        "accumulated_operating_revenue": 260114, 
        "long_term_average": 75219, 
        "date": "2013-04-30", 
        "operating_revenue": 72848, 
        "short_term_average": 63520
    }, 
    {
        "accumulated_operating_revenue_yoy": 0.39360540921624615, 
        "accumulated_operating_revenue": 368819, 
        "long_term_average": 77400, 
        "date": "2013-05-31", 
        "operating_revenue": 108705, 
        "short_term_average": 81544
    }, 
    {
        "accumulated_operating_revenue_yoy": 4.294443815774584, 
        "accumulated_operating_revenue": 442392, 
        "long_term_average": 78798, 
        "date": "2013-06-30", 
        "operating_revenue": 73573, 
        "short_term_average": 85042
    }, 
    {
        "accumulated_operating_revenue_yoy": 3.5183631713554986, 
        "accumulated_operating_revenue": 505946, 
        "long_term_average": 78713, 
        "date": "2013-07-31", 
        "operating_revenue": 63554, 
        "short_term_average": 81944
    }, 
    {
        "accumulated_operating_revenue_yoy": 1.3598998974644168, 
        "accumulated_operating_revenue": 583235, 
        "long_term_average": 77932, 
        "date": "2013-08-31", 
        "operating_revenue": 77289, 
        "short_term_average": 71472
    }, 
    {
        "accumulated_operating_revenue_yoy": -2.3479745469519764, 
        "accumulated_operating_revenue": 649759, 
        "long_term_average": 75978, 
        "date": "2013-09-30", 
        "operating_revenue": 66524, 
        "short_term_average": 69122
    }, 
    {
        "accumulated_operating_revenue_yoy": -5.277309495437402, 
        "accumulated_operating_revenue": 713026, 
        "long_term_average": 73969, 
        "date": "2013-10-31", 
        "operating_revenue": 63267, 
        "short_term_average": 69026
    }, 
    {
        "accumulated_operating_revenue_yoy": -6.375189140723145, 
        "accumulated_operating_revenue": 765395, 
        "long_term_average": 72936, 
        "date": "2013-11-30", 
        "operating_revenue": 52369, 
        "short_term_average": 60720
    }, 
    {
        "accumulated_operating_revenue_yoy": -5.486758109040718, 
        "accumulated_operating_revenue": 876478, 
        "long_term_average": 73039, 
        "date": "2013-12-31", 
        "operating_revenue": 111083, 
        "short_term_average": 75573
    }, 
    {
        "accumulated_operating_revenue_yoy": 26.428766552125715, 
        "accumulated_operating_revenue": 87935, 
        "long_term_average": 74571, 
        "date": "2014-01-31", 
        "operating_revenue": 87935, 
        "short_term_average": 83795
    }, 
    {
        "accumulated_operating_revenue_yoy": 28.974852440271526, 
        "accumulated_operating_revenue": 160170, 
        "long_term_average": 76038, 
        "date": "2014-02-28", 
        "operating_revenue": 72235, 
        "short_term_average": 90417
    }, 
    {
        "accumulated_operating_revenue_yoy": 34.73027671867824, 
        "accumulated_operating_revenue": 252304, 
        "long_term_average": 78459, 
        "date": "2014-03-31", 
        "operating_revenue": 92134, 
        "short_term_average": 84101
    }, 
    {
        "accumulated_operating_revenue_yoy": 47.98934313416425, 
        "accumulated_operating_revenue": 384941, 
        "long_term_average": 83442, 
        "date": "2014-04-30", 
        "operating_revenue": 132637, 
        "short_term_average": 99002
    }, 
    {
        "accumulated_operating_revenue_yoy": 37.40398406806591, 
        "accumulated_operating_revenue": 506772, 
        "long_term_average": 84535, 
        "date": "2014-05-31", 
        "operating_revenue": 121831, 
        "short_term_average": 115534
    }, 
    {
        "accumulated_operating_revenue_yoy": 53.973851245049644, 
        "accumulated_operating_revenue": 681168, 
        "long_term_average": 92937, 
        "date": "2014-06-30", 
        "operating_revenue": 174396, 
        "short_term_average": 142954
    }, 
    {
        "accumulated_operating_revenue_yoy": 52.163471991082055, 
        "accumulated_operating_revenue": 769865, 
        "long_term_average": 95033, 
        "date": "2014-07-31", 
        "operating_revenue": 88697, 
        "short_term_average": 128308
    }, 
    {
        "accumulated_operating_revenue_yoy": 46.87493034540108, 
        "accumulated_operating_revenue": 856626, 
        "long_term_average": 95822, 
        "date": "2014-08-31", 
        "operating_revenue": 86761, 
        "short_term_average": 116618
    }, 
    {
        "accumulated_operating_revenue_yoy": 51.1331124309167, 
        "accumulated_operating_revenue": 982001, 
        "long_term_average": 100726, 
        "date": "2014-09-30", 
        "operating_revenue": 125375, 
        "short_term_average": 100277
    }, 
    {
        "accumulated_operating_revenue_yoy": 53.62595473376848, 
        "accumulated_operating_revenue": 1095393, 
        "long_term_average": 104903, 
        "date": "2014-10-31", 
        "operating_revenue": 113392, 
        "short_term_average": 108509
    }, 
    {
        "accumulated_operating_revenue_yoy": 53.731863939534485, 
        "accumulated_operating_revenue": 1176656, 
        "long_term_average": 107311, 
        "date": "2014-11-30", 
        "operating_revenue": 81263, 
        "short_term_average": 106676
    }, 
    {
        "accumulated_operating_revenue_yoy": 40.276538601082976, 
        "accumulated_operating_revenue": 1229493, 
        "long_term_average": 102457, 
        "date": "2014-12-31", 
        "operating_revenue": 52837, 
        "short_term_average": 82497
    }, 
    {
        "accumulated_operating_revenue_yoy": -16.872690055154376, 
        "accumulated_operating_revenue": 73098, 
        "long_term_average": 101221, 
        "date": "2015-01-31", 
        "operating_revenue": 73098, 
        "short_term_average": 69066
    }, 
    {
        "accumulated_operating_revenue_yoy": -11.266779047262283, 
        "accumulated_operating_revenue": 142124, 
        "long_term_average": 100953, 
        "date": "2015-02-28", 
        "operating_revenue": 69026, 
        "short_term_average": 64987
    }, 
    {
        "accumulated_operating_revenue_yoy": -14.560213076288923, 
        "accumulated_operating_revenue": 215568, 
        "long_term_average": 99396, 
        "date": "2015-03-31", 
        "operating_revenue": 73444, 
        "short_term_average": 71856
    }, 
    {
        "accumulated_operating_revenue_yoy": -28.295245245375266, 
        "accumulated_operating_revenue": 276021, 
        "long_term_average": 93381, 
        "date": "2015-04-30", 
        "operating_revenue": 60453, 
        "short_term_average": 67641
    }, 
    {
        "accumulated_operating_revenue_yoy": -32.44792529974031, 
        "accumulated_operating_revenue": 342335, 
        "long_term_average": 88754, 
        "date": "2015-05-31", 
        "operating_revenue": 66314, 
        "short_term_average": 66737
    }, 
    {
        "accumulated_operating_revenue_yoy": -41.945158903530405, 
        "accumulated_operating_revenue": 395451, 
        "long_term_average": 78648, 
        "date": "2015-06-30", 
        "operating_revenue": 53116, 
        "short_term_average": 59961
    }, 
    {
        "accumulated_operating_revenue_yoy": -40.90782150117228, 
        "accumulated_operating_revenue": 454930, 
        "long_term_average": 76213, 
        "date": "2015-07-31", 
        "operating_revenue": 59479, 
        "short_term_average": 59636
    }, 
    {
        "accumulated_operating_revenue_yoy": -37.631475112826365, 
        "accumulated_operating_revenue": 534265, 
        "long_term_average": 75594, 
        "date": "2015-08-31", 
        "operating_revenue": 79335, 
        "short_term_average": 63976
    }, 
    {
        "accumulated_operating_revenue_yoy": -36.89242678978942, 
        "accumulated_operating_revenue": 619717, 
        "long_term_average": 72267, 
        "date": "2015-09-30", 
        "operating_revenue": 85452, 
        "short_term_average": 74755
    }, 
    {
        "accumulated_operating_revenue_yoy": -36.73275253721723, 
        "accumulated_operating_revenue": 693025, 
        "long_term_average": 68927, 
        "date": "2015-10-31", 
        "operating_revenue": 73308, 
        "short_term_average": 79365
    }
]