[
    {
        "date": "2011-09-30", 
        "operating_revenue": 8726708, 
        "accumulated_operating_revenue": 8726708, 
        "long_term_average": 8726708, 
        "short_term_average": 8726708
    }, 
    {
        "date": "2011-10-31", 
        "operating_revenue": 7713858, 
        "accumulated_operating_revenue": 16440566, 
        "long_term_average": 8220283, 
        "short_term_average": 8220283
    }, 
    {
        "date": "2011-11-30", 
        "operating_revenue": 8123883, 
        "accumulated_operating_revenue": 24564449, 
        "long_term_average": 8188149, 
        "short_term_average": 8188149
    }, 
    {
        "date": "2011-12-31", 
        "operating_revenue": 7548243, 
        "accumulated_operating_revenue": 32112692, 
        "long_term_average": 8028173, 
        "short_term_average": 7795328
    }, 
    {
        "date": "2012-01-31", 
        "operating_revenue": 6443131, 
        "accumulated_operating_revenue": 6443131, 
        "long_term_average": 7711164, 
        "short_term_average": 7371752
    }, 
    {
        "date": "2012-02-29", 
        "operating_revenue": 6583166, 
        "accumulated_operating_revenue": 13026297, 
        "long_term_average": 7523164, 
        "short_term_average": 6858180
    }, 
    {
        "date": "2012-03-31", 
        "operating_revenue": 7211026, 
        "accumulated_operating_revenue": 20237323, 
        "long_term_average": 7478573, 
        "short_term_average": 6745774
    }, 
    {
        "date": "2012-04-30", 
        "operating_revenue": 6920256, 
        "accumulated_operating_revenue": 27157579, 
        "long_term_average": 7408783, 
        "short_term_average": 6904816
    }, 
    {
        "date": "2012-05-31", 
        "operating_revenue": 7414120, 
        "accumulated_operating_revenue": 34571699, 
        "long_term_average": 7409376, 
        "short_term_average": 7181800
    }, 
    {
        "date": "2012-06-30", 
        "operating_revenue": 6407320, 
        "accumulated_operating_revenue": 40979019, 
        "long_term_average": 7309171, 
        "short_term_average": 6913898
    }, 
    {
        "date": "2012-07-31", 
        "operating_revenue": 7871329, 
        "accumulated_operating_revenue": 48850348, 
        "long_term_average": 7360276, 
        "short_term_average": 7230923
    }, 
    {
        "date": "2012-08-31", 
        "operating_revenue": 9521728, 
        "accumulated_operating_revenue": 58372076, 
        "long_term_average": 7540397, 
        "short_term_average": 7933459
    }, 
    {
        "accumulated_operating_revenue_yoy": 680.2724463795512, 
        "accumulated_operating_revenue": 68092098, 
        "long_term_average": 7623173, 
        "date": "2012-09-30", 
        "operating_revenue": 9720022, 
        "short_term_average": 9037693
    }, 
    {
        "accumulated_operating_revenue_yoy": 380.42325306805134, 
        "accumulated_operating_revenue": 78984302, 
        "long_term_average": 7888035, 
        "date": "2012-10-31", 
        "operating_revenue": 10892204, 
        "short_term_average": 10044651
    }, 
    {
        "accumulated_operating_revenue_yoy": 271.93527117176535, 
        "accumulated_operating_revenue": 91363850, 
        "long_term_average": 8242674, 
        "date": "2012-11-30", 
        "operating_revenue": 12379548, 
        "short_term_average": 10997258
    }, 
    {
        "accumulated_operating_revenue_yoy": 220.3585080939337, 
        "accumulated_operating_revenue": 102875741, 
        "long_term_average": 8572978, 
        "date": "2012-12-31", 
        "operating_revenue": 11511891, 
        "short_term_average": 11594547
    }, 
    {
        "accumulated_operating_revenue_yoy": 85.30992152728231, 
        "accumulated_operating_revenue": 11939761, 
        "long_term_average": 9031030, 
        "date": "2013-01-31", 
        "operating_revenue": 11939761, 
        "short_term_average": 11943733
    }, 
    {
        "accumulated_operating_revenue_yoy": 47.308287228519355, 
        "accumulated_operating_revenue": 19188815, 
        "long_term_average": 9086521, 
        "date": "2013-02-28", 
        "operating_revenue": 7249054, 
        "short_term_average": 10233568
    }, 
    {
        "accumulated_operating_revenue_yoy": 32.80950252165269, 
        "accumulated_operating_revenue": 26877088, 
        "long_term_average": 9126292, 
        "date": "2013-03-31", 
        "operating_revenue": 7688273, 
        "short_term_average": 8959029
    }, 
    {
        "accumulated_operating_revenue_yoy": 26.357691898825003, 
        "accumulated_operating_revenue": 34315690, 
        "long_term_average": 9169487, 
        "date": "2013-04-30", 
        "operating_revenue": 7438602, 
        "short_term_average": 7458643
    }, 
    {
        "accumulated_operating_revenue_yoy": 18.85112154887152, 
        "accumulated_operating_revenue": 41088852, 
        "long_term_average": 9116074, 
        "date": "2013-05-31", 
        "operating_revenue": 6773162, 
        "short_term_average": 7300012
    }, 
    {
        "accumulated_operating_revenue_yoy": 15.154518462240397, 
        "accumulated_operating_revenue": 47189192, 
        "long_term_average": 9090492, 
        "date": "2013-06-30", 
        "operating_revenue": 6100340, 
        "short_term_average": 6770701
    }, 
    {
        "accumulated_operating_revenue_yoy": 10.35669387657177, 
        "accumulated_operating_revenue": 53909629, 
        "long_term_average": 8994585, 
        "date": "2013-07-31", 
        "operating_revenue": 6720437, 
        "short_term_average": 6531313
    }, 
    {
        "accumulated_operating_revenue_yoy": 5.741882471337837, 
        "accumulated_operating_revenue": 61723732, 
        "long_term_average": 8852283, 
        "date": "2013-08-31", 
        "operating_revenue": 7814103, 
        "short_term_average": 6878293
    }, 
    {
        "accumulated_operating_revenue_yoy": 5.36067048484833, 
        "accumulated_operating_revenue": 71742291, 
        "long_term_average": 8877161, 
        "date": "2013-09-30", 
        "operating_revenue": 10018559, 
        "short_term_average": 8184366
    }, 
    {
        "accumulated_operating_revenue_yoy": 3.325574745219626, 
        "accumulated_operating_revenue": 81610984, 
        "long_term_average": 8791868, 
        "date": "2013-10-31", 
        "operating_revenue": 9868693, 
        "short_term_average": 9233785
    }, 
    {
        "accumulated_operating_revenue_yoy": 2.9619493924566442, 
        "accumulated_operating_revenue": 94070001, 
        "long_term_average": 8798491, 
        "date": "2013-11-30", 
        "operating_revenue": 12459017, 
        "short_term_average": 10782089
    }, 
    {
        "accumulated_operating_revenue_yoy": 3.266597127110851, 
        "accumulated_operating_revenue": 106236277, 
        "long_term_average": 8853023, 
        "date": "2013-12-31", 
        "operating_revenue": 12166276, 
        "short_term_average": 11497995
    }, 
    {
        "accumulated_operating_revenue_yoy": -18.77839095774195, 
        "accumulated_operating_revenue": 9697666, 
        "long_term_average": 8666181, 
        "date": "2014-01-31", 
        "operating_revenue": 9697666, 
        "short_term_average": 11440986
    }, 
    {
        "accumulated_operating_revenue_yoy": -13.127402604069088, 
        "accumulated_operating_revenue": 16669822, 
        "long_term_average": 8643107, 
        "date": "2014-02-28", 
        "operating_revenue": 6972156, 
        "short_term_average": 9612032
    }, 
    {
        "accumulated_operating_revenue_yoy": -11.204922944033223, 
        "accumulated_operating_revenue": 23865531, 
        "long_term_average": 8602060, 
        "date": "2014-03-31", 
        "operating_revenue": 7195709, 
        "short_term_average": 7955177
    }, 
    {
        "accumulated_operating_revenue_yoy": -12.070828242124811, 
        "accumulated_operating_revenue": 30173502, 
        "long_term_average": 8507840, 
        "date": "2014-04-30", 
        "operating_revenue": 6307971, 
        "short_term_average": 6825278
    }, 
    {
        "accumulated_operating_revenue_yoy": -12.339290959017301, 
        "accumulated_operating_revenue": 36018779, 
        "long_term_average": 8430517, 
        "date": "2014-05-31", 
        "operating_revenue": 5845277, 
        "short_term_average": 6449652
    }, 
    {
        "accumulated_operating_revenue_yoy": -12.395649834394282, 
        "accumulated_operating_revenue": 41339785, 
        "long_term_average": 8365572, 
        "date": "2014-06-30", 
        "operating_revenue": 5321006, 
        "short_term_average": 5824751
    }, 
    {
        "accumulated_operating_revenue_yoy": -11.811834208690252, 
        "accumulated_operating_revenue": 47541913, 
        "long_term_average": 8322380, 
        "date": "2014-07-31", 
        "operating_revenue": 6202128, 
        "short_term_average": 5789470
    }, 
    {
        "accumulated_operating_revenue_yoy": -12.534361985759384, 
        "accumulated_operating_revenue": 53987056, 
        "long_term_average": 8208300, 
        "date": "2014-08-31", 
        "operating_revenue": 6445143, 
        "short_term_average": 5989425
    }, 
    {
        "accumulated_operating_revenue_yoy": -13.32933178841473, 
        "accumulated_operating_revenue": 62179523, 
        "long_term_average": 8056125, 
        "date": "2014-09-30", 
        "operating_revenue": 8192467, 
        "short_term_average": 6946579
    }, 
    {
        "accumulated_operating_revenue_yoy": -11.28105991222946, 
        "accumulated_operating_revenue": 72404400, 
        "long_term_average": 8085807, 
        "date": "2014-10-31", 
        "operating_revenue": 10224877, 
        "short_term_average": 8287495
    }, 
    {
        "accumulated_operating_revenue_yoy": -13.284513518820948, 
        "accumulated_operating_revenue": 81573259, 
        "long_term_average": 7811627, 
        "date": "2014-11-30", 
        "operating_revenue": 9168859, 
        "short_term_average": 9195401
    }, 
    {
        "accumulated_operating_revenue_yoy": -14.278448406093899, 
        "accumulated_operating_revenue": 91067385, 
        "long_term_average": 7588948, 
        "date": "2014-12-31", 
        "operating_revenue": 9494126, 
        "short_term_average": 9629287
    }, 
    {
        "accumulated_operating_revenue_yoy": -6.54079033037434, 
        "accumulated_operating_revenue": 9063362, 
        "long_term_average": 7536090, 
        "date": "2015-01-31", 
        "operating_revenue": 9063362, 
        "short_term_average": 9242115
    }, 
    {
        "accumulated_operating_revenue_yoy": -8.011627238731164, 
        "accumulated_operating_revenue": 15334298, 
        "long_term_average": 7477655, 
        "date": "2015-02-28", 
        "operating_revenue": 6270936, 
        "short_term_average": 8276141
    }, 
    {
        "accumulated_operating_revenue_yoy": -9.434937776997293, 
        "accumulated_operating_revenue": 21613833, 
        "long_term_average": 7401307, 
        "date": "2015-03-31", 
        "operating_revenue": 6279535, 
        "short_term_average": 7204611
    }, 
    {
        "accumulated_operating_revenue_yoy": -2.5075942461037504, 
        "accumulated_operating_revenue": 29416873, 
        "long_term_average": 7525896, 
        "date": "2015-04-30", 
        "operating_revenue": 7803040, 
        "short_term_average": 6784503
    }, 
    {
        "accumulated_operating_revenue_yoy": -1.048863982868492, 
        "accumulated_operating_revenue": 35640991, 
        "long_term_average": 7557466, 
        "date": "2015-05-31", 
        "operating_revenue": 6224118, 
        "short_term_average": 6768897
    }, 
    {
        "accumulated_operating_revenue_yoy": 4.376254012932095, 
        "accumulated_operating_revenue": 43148919, 
        "long_term_average": 7739709, 
        "date": "2015-06-30", 
        "operating_revenue": 7507928, 
        "short_term_average": 7178362
    }, 
    {
        "accumulated_operating_revenue_yoy": 10.771733144183743, 
        "accumulated_operating_revenue": 52663001, 
        "long_term_average": 8015706, 
        "date": "2015-07-31", 
        "operating_revenue": 9514082, 
        "short_term_average": 7748709
    }, 
    {
        "accumulated_operating_revenue_yoy": 16.024344798501332, 
        "accumulated_operating_revenue": 62638128, 
        "long_term_average": 8309871, 
        "date": "2015-08-31", 
        "operating_revenue": 9975127, 
        "short_term_average": 8999045
    }, 
    {
        "accumulated_operating_revenue_yoy": 20.816664997574843, 
        "accumulated_operating_revenue": 75123226, 
        "long_term_average": 8667590, 
        "date": "2015-09-30", 
        "operating_revenue": 12485098, 
        "short_term_average": 10658102
    }
]