[
    {
        "date": "2012-01-31", 
        "operating_revenue": 1282393, 
        "accumulated_operating_revenue": 1282393, 
        "long_term_average": 1282393, 
        "short_term_average": 1282393
    }, 
    {
        "date": "2012-02-29", 
        "operating_revenue": 1389855, 
        "accumulated_operating_revenue": 2672248, 
        "long_term_average": 1336124, 
        "short_term_average": 1336124
    }, 
    {
        "date": "2012-03-31", 
        "operating_revenue": 1527456, 
        "accumulated_operating_revenue": 4199704, 
        "long_term_average": 1399901, 
        "short_term_average": 1399901
    }, 
    {
        "date": "2012-04-30", 
        "operating_revenue": 1448158, 
        "accumulated_operating_revenue": 5647862, 
        "long_term_average": 1411965, 
        "short_term_average": 1455156
    }, 
    {
        "date": "2012-05-31", 
        "operating_revenue": 1654635, 
        "accumulated_operating_revenue": 7302497, 
        "long_term_average": 1460499, 
        "short_term_average": 1543416
    }, 
    {
        "date": "2012-06-30", 
        "operating_revenue": 1696709, 
        "accumulated_operating_revenue": 8999206, 
        "long_term_average": 1499867, 
        "short_term_average": 1599834
    }, 
    {
        "date": "2012-07-31", 
        "operating_revenue": 1561837, 
        "accumulated_operating_revenue": 10561043, 
        "long_term_average": 1508720, 
        "short_term_average": 1637727
    }, 
    {
        "date": "2012-08-31", 
        "operating_revenue": 1799265, 
        "accumulated_operating_revenue": 12360308, 
        "long_term_average": 1545038, 
        "short_term_average": 1685937
    }, 
    {
        "date": "2012-09-30", 
        "operating_revenue": 1628287, 
        "accumulated_operating_revenue": 13988595, 
        "long_term_average": 1554288, 
        "short_term_average": 1663129
    }, 
    {
        "date": "2012-10-31", 
        "operating_revenue": 1705307, 
        "accumulated_operating_revenue": 15693902, 
        "long_term_average": 1569390, 
        "short_term_average": 1710953
    }, 
    {
        "date": "2012-11-30", 
        "operating_revenue": 1705720, 
        "accumulated_operating_revenue": 17399622, 
        "long_term_average": 1581783, 
        "short_term_average": 1679771
    }, 
    {
        "date": "2012-12-31", 
        "operating_revenue": 1653576, 
        "accumulated_operating_revenue": 19053198, 
        "long_term_average": 1587766, 
        "short_term_average": 1688201
    }, 
    {
        "accumulated_operating_revenue_yoy": 28.8623690241603, 
        "accumulated_operating_revenue": 1652522, 
        "long_term_average": 1618610, 
        "date": "2013-01-31", 
        "operating_revenue": 1652522, 
        "short_term_average": 1670606
    }, 
    {
        "accumulated_operating_revenue_yoy": 15.861851145552357, 
        "accumulated_operating_revenue": 3096116, 
        "long_term_average": 1623088, 
        "date": "2013-02-28", 
        "operating_revenue": 1443594, 
        "short_term_average": 1583230
    }, 
    {
        "accumulated_operating_revenue_yoy": 17.812207717496282, 
        "accumulated_operating_revenue": 4947764, 
        "long_term_average": 1650104, 
        "date": "2013-03-31", 
        "operating_revenue": 1851648, 
        "short_term_average": 1649254
    }, 
    {
        "accumulated_operating_revenue_yoy": 21.857952619947156, 
        "accumulated_operating_revenue": 6882369, 
        "long_term_average": 1690642, 
        "date": "2013-04-30", 
        "operating_revenue": 1934605, 
        "short_term_average": 1743282
    }, 
    {
        "accumulated_operating_revenue_yoy": 23.612909392499578, 
        "accumulated_operating_revenue": 9026829, 
        "long_term_average": 1731460, 
        "date": "2013-05-31", 
        "operating_revenue": 2144460, 
        "short_term_average": 1976904
    }, 
    {
        "accumulated_operating_revenue_yoy": 21.3308929698909, 
        "accumulated_operating_revenue": 10918817, 
        "long_term_average": 1747734, 
        "date": "2013-06-30", 
        "operating_revenue": 1891988, 
        "short_term_average": 1990351
    }, 
    {
        "accumulated_operating_revenue_yoy": 24.11445536203195, 
        "accumulated_operating_revenue": 13107781, 
        "long_term_average": 1799994, 
        "date": "2013-07-31", 
        "operating_revenue": 2188964, 
        "short_term_average": 2075137
    }, 
    {
        "accumulated_operating_revenue_yoy": 25.548117409372, 
        "accumulated_operating_revenue": 15518134, 
        "long_term_average": 1850918, 
        "date": "2013-08-31", 
        "operating_revenue": 2410353, 
        "short_term_average": 2163768
    }, 
    {
        "accumulated_operating_revenue_yoy": 28.180907374900766, 
        "accumulated_operating_revenue": 17930708, 
        "long_term_average": 1916275, 
        "date": "2013-09-30", 
        "operating_revenue": 2412574, 
        "short_term_average": 2337297
    }, 
    {
        "accumulated_operating_revenue_yoy": 28.516018514707177, 
        "accumulated_operating_revenue": 20169178, 
        "long_term_average": 1960706, 
        "date": "2013-10-31", 
        "operating_revenue": 2238470, 
        "short_term_average": 2353799
    }, 
    {
        "accumulated_operating_revenue_yoy": 28.901633610201415, 
        "accumulated_operating_revenue": 22428397, 
        "long_term_average": 2006831, 
        "date": "2013-11-30", 
        "operating_revenue": 2259219, 
        "short_term_average": 2303421
    }, 
    {
        "accumulated_operating_revenue_yoy": 29.58306001963555, 
        "accumulated_operating_revenue": 24689717, 
        "long_term_average": 2057476, 
        "date": "2013-12-31", 
        "operating_revenue": 2261320, 
        "short_term_average": 2253003
    }, 
    {
        "accumulated_operating_revenue_yoy": 27.55340019679012, 
        "accumulated_operating_revenue": 2107848, 
        "long_term_average": 2095420, 
        "date": "2014-01-31", 
        "operating_revenue": 2107848, 
        "short_term_average": 2209462
    }, 
    {
        "accumulated_operating_revenue_yoy": 28.99471466831346, 
        "accumulated_operating_revenue": 3993826, 
        "long_term_average": 2132285, 
        "date": "2014-02-28", 
        "operating_revenue": 1885978, 
        "short_term_average": 2085048
    }, 
    {
        "accumulated_operating_revenue_yoy": 25.87490025797512, 
        "accumulated_operating_revenue": 6227993, 
        "long_term_average": 2164162, 
        "date": "2014-03-31", 
        "operating_revenue": 2234167, 
        "short_term_average": 2075997
    }, 
    {
        "accumulated_operating_revenue_yoy": 28.23375206996312, 
        "accumulated_operating_revenue": 8825520, 
        "long_term_average": 2219405, 
        "date": "2014-04-30", 
        "operating_revenue": 2597527, 
        "short_term_average": 2239224
    }, 
    {
        "accumulated_operating_revenue_yoy": 26.57828125469088, 
        "accumulated_operating_revenue": 11426005, 
        "long_term_average": 2257407, 
        "date": "2014-05-31", 
        "operating_revenue": 2600485, 
        "short_term_average": 2477393
    }, 
    {
        "accumulated_operating_revenue_yoy": 27.834901894591695, 
        "accumulated_operating_revenue": 13958059, 
        "long_term_average": 2310746, 
        "date": "2014-06-30", 
        "operating_revenue": 2532054, 
        "short_term_average": 2576688
    }, 
    {
        "accumulated_operating_revenue_yoy": 26.419345883181904, 
        "accumulated_operating_revenue": 16570771, 
        "long_term_average": 2346058, 
        "date": "2014-07-31", 
        "operating_revenue": 2612712, 
        "short_term_average": 2581750
    }, 
    {
        "accumulated_operating_revenue_yoy": 25.20668399950664, 
        "accumulated_operating_revenue": 19429741, 
        "long_term_average": 2383443, 
        "date": "2014-08-31", 
        "operating_revenue": 2858970, 
        "short_term_average": 2667912
    }, 
    {
        "accumulated_operating_revenue_yoy": 25.34676823692628, 
        "accumulated_operating_revenue": 22475563, 
        "long_term_average": 2436214, 
        "date": "2014-09-30", 
        "operating_revenue": 3045822, 
        "short_term_average": 2839168
    }, 
    {
        "accumulated_operating_revenue_yoy": 25.348876389508785, 
        "accumulated_operating_revenue": 25281838, 
        "long_term_average": 2483531, 
        "date": "2014-10-31", 
        "operating_revenue": 2806275, 
        "short_term_average": 2903689
    }, 
    {
        "accumulated_operating_revenue_yoy": 24.95836416664107, 
        "accumulated_operating_revenue": 28026158, 
        "long_term_average": 2523956, 
        "date": "2014-11-30", 
        "operating_revenue": 2744320, 
        "short_term_average": 2865472
    }, 
    {
        "accumulated_operating_revenue_yoy": 24.14896857667506, 
        "accumulated_operating_revenue": 30652029, 
        "long_term_average": 2554335, 
        "date": "2014-12-31", 
        "operating_revenue": 2625871, 
        "short_term_average": 2725488
    }, 
    {
        "accumulated_operating_revenue_yoy": 20.505368508545207, 
        "accumulated_operating_revenue": 2540070, 
        "long_term_average": 2590354, 
        "date": "2015-01-31", 
        "operating_revenue": 2540070, 
        "short_term_average": 2636753
    }, 
    {
        "accumulated_operating_revenue_yoy": 18.756751045238325, 
        "accumulated_operating_revenue": 4742938, 
        "long_term_average": 2616761, 
        "date": "2015-02-28", 
        "operating_revenue": 2202868, 
        "short_term_average": 2456269
    }, 
    {
        "accumulated_operating_revenue_yoy": 16.348460892618217, 
        "accumulated_operating_revenue": 7246174, 
        "long_term_average": 2639184, 
        "date": "2015-03-31", 
        "operating_revenue": 2503236, 
        "short_term_average": 2415391
    }, 
    {
        "accumulated_operating_revenue_yoy": 9.5743593578622, 
        "accumulated_operating_revenue": 9670507, 
        "long_term_average": 2624751, 
        "date": "2015-04-30", 
        "operating_revenue": 2424333, 
        "short_term_average": 2376812
    }, 
    {
        "accumulated_operating_revenue_yoy": 3.892069012747675, 
        "accumulated_operating_revenue": 11870713, 
        "long_term_average": 2591394, 
        "date": "2015-05-31", 
        "operating_revenue": 2200206, 
        "short_term_average": 2375925
    }, 
    {
        "accumulated_operating_revenue_yoy": 2.445404479233108, 
        "accumulated_operating_revenue": 14299390, 
        "long_term_average": 2582780, 
        "date": "2015-06-30", 
        "operating_revenue": 2428677, 
        "short_term_average": 2351072
    }, 
    {
        "accumulated_operating_revenue_yoy": -0.10837154167419247, 
        "accumulated_operating_revenue": 16552813, 
        "long_term_average": 2552839, 
        "date": "2015-07-31", 
        "operating_revenue": 2253423, 
        "short_term_average": 2294102
    }, 
    {
        "accumulated_operating_revenue_yoy": -2.7903614361097246, 
        "accumulated_operating_revenue": 18887581, 
        "long_term_average": 2509155, 
        "date": "2015-08-31", 
        "operating_revenue": 2334768, 
        "short_term_average": 2338956
    }
]