[
    {
        "date": "2011-09-30", 
        "operating_revenue": 2242725, 
        "accumulated_operating_revenue": 2242725, 
        "long_term_average": 2242725, 
        "short_term_average": 2242725
    }, 
    {
        "date": "2011-10-31", 
        "operating_revenue": 2053840, 
        "accumulated_operating_revenue": 4296565, 
        "long_term_average": 2148282, 
        "short_term_average": 2148282
    }, 
    {
        "date": "2011-11-30", 
        "operating_revenue": 2170590, 
        "accumulated_operating_revenue": 6467155, 
        "long_term_average": 2155718, 
        "short_term_average": 2155718
    }, 
    {
        "date": "2011-12-31", 
        "operating_revenue": 2171749, 
        "accumulated_operating_revenue": 8638904, 
        "long_term_average": 2159726, 
        "short_term_average": 2132059
    }, 
    {
        "date": "2012-01-31", 
        "operating_revenue": 1941678, 
        "accumulated_operating_revenue": 1941678, 
        "long_term_average": 2116116, 
        "short_term_average": 2094672
    }, 
    {
        "date": "2012-02-29", 
        "operating_revenue": 2002560, 
        "accumulated_operating_revenue": 3944238, 
        "long_term_average": 2097190, 
        "short_term_average": 2038662
    }, 
    {
        "date": "2012-03-31", 
        "operating_revenue": 2306438, 
        "accumulated_operating_revenue": 6250676, 
        "long_term_average": 2127082, 
        "short_term_average": 2083558
    }, 
    {
        "date": "2012-04-30", 
        "operating_revenue": 2173345, 
        "accumulated_operating_revenue": 8424021, 
        "long_term_average": 2132865, 
        "short_term_average": 2160781
    }, 
    {
        "date": "2012-05-31", 
        "operating_revenue": 2434611, 
        "accumulated_operating_revenue": 10858632, 
        "long_term_average": 2166392, 
        "short_term_average": 2304798
    }, 
    {
        "date": "2012-06-30", 
        "operating_revenue": 2648642, 
        "accumulated_operating_revenue": 13507274, 
        "long_term_average": 2214617, 
        "short_term_average": 2418866
    }, 
    {
        "date": "2012-07-31", 
        "operating_revenue": 2246905, 
        "accumulated_operating_revenue": 15754179, 
        "long_term_average": 2217553, 
        "short_term_average": 2443386
    }, 
    {
        "date": "2012-08-31", 
        "operating_revenue": 2495045, 
        "accumulated_operating_revenue": 18249224, 
        "long_term_average": 2240677, 
        "short_term_average": 2463530
    }, 
    {
        "accumulated_operating_revenue_yoy": 817.9798682406448, 
        "accumulated_operating_revenue": 20587764, 
        "long_term_average": 2248661, 
        "date": "2012-09-30", 
        "operating_revenue": 2338540, 
        "short_term_average": 2360163
    }, 
    {
        "accumulated_operating_revenue_yoy": 433.4344295966662, 
        "accumulated_operating_revenue": 22919357, 
        "long_term_average": 2271808, 
        "date": "2012-10-31", 
        "operating_revenue": 2331593, 
        "short_term_average": 2388392
    }, 
    {
        "accumulated_operating_revenue_yoy": 290.10022181314656, 
        "accumulated_operating_revenue": 25228386, 
        "long_term_average": 2283344, 
        "date": "2012-11-30", 
        "operating_revenue": 2309029, 
        "short_term_average": 2326387
    }, 
    {
        "accumulated_operating_revenue_yoy": 218.92711158730322, 
        "accumulated_operating_revenue": 27551807, 
        "long_term_average": 2295983, 
        "date": "2012-12-31", 
        "operating_revenue": 2323421, 
        "short_term_average": 2321347
    }, 
    {
        "accumulated_operating_revenue_yoy": 19.897119913806513, 
        "accumulated_operating_revenue": 2328016, 
        "long_term_average": 2328178, 
        "date": "2013-01-31", 
        "operating_revenue": 2328016, 
        "short_term_average": 2320155
    }, 
    {
        "accumulated_operating_revenue_yoy": 4.287646942197707, 
        "accumulated_operating_revenue": 4113353, 
        "long_term_average": 2310076, 
        "date": "2013-02-28", 
        "operating_revenue": 1785337, 
        "short_term_average": 2145591
    }, 
    {
        "accumulated_operating_revenue_yoy": 5.645021434481647, 
        "accumulated_operating_revenue": 6603528, 
        "long_term_average": 2325388, 
        "date": "2013-03-31", 
        "operating_revenue": 2490175, 
        "short_term_average": 2201176
    }, 
    {
        "accumulated_operating_revenue_yoy": 8.404762998572773, 
        "accumulated_operating_revenue": 9132040, 
        "long_term_average": 2354985, 
        "date": "2013-04-30", 
        "operating_revenue": 2528512, 
        "short_term_average": 2268008
    }, 
    {
        "accumulated_operating_revenue_yoy": 8.835707849754924, 
        "accumulated_operating_revenue": 11818069, 
        "long_term_average": 2375937, 
        "date": "2013-05-31", 
        "operating_revenue": 2686029, 
        "short_term_average": 2568238
    }, 
    {
        "accumulated_operating_revenue_yoy": 6.912704961785776, 
        "accumulated_operating_revenue": 14440992, 
        "long_term_average": 2373793, 
        "date": "2013-06-30", 
        "operating_revenue": 2622923, 
        "short_term_average": 2612488
    }, 
    {
        "accumulated_operating_revenue_yoy": 8.1576577237062, 
        "accumulated_operating_revenue": 17039351, 
        "long_term_average": 2403081, 
        "date": "2013-07-31", 
        "operating_revenue": 2598359, 
        "short_term_average": 2635770
    }, 
    {
        "accumulated_operating_revenue_yoy": 7.2945348251520175, 
        "accumulated_operating_revenue": 19580420, 
        "long_term_average": 2406916, 
        "date": "2013-08-31", 
        "operating_revenue": 2541069, 
        "short_term_average": 2587450
    }, 
    {
        "accumulated_operating_revenue_yoy": 8.724692006378158, 
        "accumulated_operating_revenue": 22383983, 
        "long_term_average": 2445668, 
        "date": "2013-09-30", 
        "operating_revenue": 2803563, 
        "short_term_average": 2647663
    }, 
    {
        "accumulated_operating_revenue_yoy": 9.520424155005745, 
        "accumulated_operating_revenue": 25101377, 
        "long_term_average": 2477818, 
        "date": "2013-10-31", 
        "operating_revenue": 2717394, 
        "short_term_average": 2687342
    }, 
    {
        "accumulated_operating_revenue_yoy": 10.310045200671974, 
        "accumulated_operating_revenue": 27829444, 
        "long_term_average": 2512738, 
        "date": "2013-11-30", 
        "operating_revenue": 2728067, 
        "short_term_average": 2749674
    }, 
    {
        "accumulated_operating_revenue_yoy": 11.267126689730368, 
        "accumulated_operating_revenue": 30656104, 
        "long_term_average": 2554675, 
        "date": "2013-12-31", 
        "operating_revenue": 2826660, 
        "short_term_average": 2757373
    }, 
    {
        "accumulated_operating_revenue_yoy": 14.999982817987506, 
        "accumulated_operating_revenue": 2677218, 
        "long_term_average": 2583775, 
        "date": "2014-01-31", 
        "operating_revenue": 2677218, 
        "short_term_average": 2743981
    }, 
    {
        "accumulated_operating_revenue_yoy": 22.76446976469075, 
        "accumulated_operating_revenue": 5049736, 
        "long_term_average": 2632707, 
        "date": "2014-02-28", 
        "operating_revenue": 2372518, 
        "short_term_average": 2625465
    }, 
    {
        "accumulated_operating_revenue_yoy": 23.396947813350682, 
        "accumulated_operating_revenue": 8148552, 
        "long_term_average": 2683427, 
        "date": "2014-03-31", 
        "operating_revenue": 3098816, 
        "short_term_average": 2716184
    }, 
    {
        "accumulated_operating_revenue_yoy": 23.77922129119014, 
        "accumulated_operating_revenue": 11303568, 
        "long_term_average": 2735636, 
        "date": "2014-04-30", 
        "operating_revenue": 3155016, 
        "short_term_average": 2875450
    }, 
    {
        "accumulated_operating_revenue_yoy": 21.139197951881986, 
        "accumulated_operating_revenue": 14316314, 
        "long_term_average": 2762862, 
        "date": "2014-05-31", 
        "operating_revenue": 3012746, 
        "short_term_average": 3088859
    }, 
    {
        "accumulated_operating_revenue_yoy": 20.6739883243478, 
        "accumulated_operating_revenue": 17426521, 
        "long_term_average": 2803469, 
        "date": "2014-06-30", 
        "operating_revenue": 3110207, 
        "short_term_average": 3092656
    }, 
    {
        "accumulated_operating_revenue_yoy": 20.77568564671272, 
        "accumulated_operating_revenue": 20579393, 
        "long_term_average": 2849678, 
        "date": "2014-07-31", 
        "operating_revenue": 3152872, 
        "short_term_average": 3091941
    }, 
    {
        "accumulated_operating_revenue_yoy": 19.769044790663326, 
        "accumulated_operating_revenue": 23451282, 
        "long_term_average": 2877247, 
        "date": "2014-08-31", 
        "operating_revenue": 2871889, 
        "short_term_average": 3044989
    }, 
    {
        "accumulated_operating_revenue_yoy": 18.607720529451797, 
        "accumulated_operating_revenue": 26549132, 
        "long_term_average": 2901771, 
        "date": "2014-09-30", 
        "operating_revenue": 3097850, 
        "short_term_average": 3040870
    }, 
    {
        "accumulated_operating_revenue_yoy": 18.098815853807544, 
        "accumulated_operating_revenue": 29644429, 
        "long_term_average": 2933263, 
        "date": "2014-10-31", 
        "operating_revenue": 3095297, 
        "short_term_average": 3021678
    }, 
    {
        "accumulated_operating_revenue_yoy": 16.92354328027538, 
        "accumulated_operating_revenue": 32539172, 
        "long_term_average": 2947152, 
        "date": "2014-11-30", 
        "operating_revenue": 2894743, 
        "short_term_average": 3029296
    }, 
    {
        "accumulated_operating_revenue_yoy": 16.56134125849782, 
        "accumulated_operating_revenue": 35733166, 
        "long_term_average": 2977763, 
        "date": "2014-12-31", 
        "operating_revenue": 3193994, 
        "short_term_average": 3061344
    }, 
    {
        "accumulated_operating_revenue_yoy": 14.005247237991078, 
        "accumulated_operating_revenue": 3052169, 
        "long_term_average": 3009009, 
        "date": "2015-01-31", 
        "operating_revenue": 3052169, 
        "short_term_average": 3046968
    }, 
    {
        "accumulated_operating_revenue_yoy": 7.122887216282198, 
        "accumulated_operating_revenue": 5409423, 
        "long_term_average": 3007737, 
        "date": "2015-02-28", 
        "operating_revenue": 2357254, 
        "short_term_average": 2867805
    }, 
    {
        "accumulated_operating_revenue_yoy": 8.028088916902046, 
        "accumulated_operating_revenue": 8802725, 
        "long_term_average": 3032278, 
        "date": "2015-03-31", 
        "operating_revenue": 3393302, 
        "short_term_average": 2934241
    }, 
    {
        "accumulated_operating_revenue_yoy": 6.838239040982458, 
        "accumulated_operating_revenue": 12076533, 
        "long_term_average": 3042177, 
        "date": "2015-04-30", 
        "operating_revenue": 3273808, 
        "short_term_average": 3008121
    }, 
    {
        "accumulated_operating_revenue_yoy": 5.342841739850076, 
        "accumulated_operating_revenue": 15081212, 
        "long_term_average": 3041505, 
        "date": "2015-05-31", 
        "operating_revenue": 3004679, 
        "short_term_average": 3223929
    }, 
    {
        "accumulated_operating_revenue_yoy": 7.948907300544956, 
        "accumulated_operating_revenue": 18811739, 
        "long_term_average": 3093198, 
        "date": "2015-06-30", 
        "operating_revenue": 3730527, 
        "short_term_average": 3336338
    }, 
    {
        "accumulated_operating_revenue_yoy": 6.806313480674575, 
        "accumulated_operating_revenue": 21980091, 
        "long_term_average": 3094488, 
        "date": "2015-07-31", 
        "operating_revenue": 3168352, 
        "short_term_average": 3301186
    }, 
    {
        "accumulated_operating_revenue_yoy": 6.930687200810599, 
        "accumulated_operating_revenue": 25076617, 
        "long_term_average": 3113208, 
        "date": "2015-08-31", 
        "operating_revenue": 3096526, 
        "short_term_average": 3331801
    }, 
    {
        "accumulated_operating_revenue_yoy": 6.552037181479228, 
        "accumulated_operating_revenue": 28288641, 
        "long_term_average": 3122722, 
        "date": "2015-09-30", 
        "operating_revenue": 3212024, 
        "short_term_average": 3158967
    }
]