[
    {
        "date": "2012-01-31", 
        "operating_revenue": 137060, 
        "accumulated_operating_revenue": 137060, 
        "long_term_average": 137060, 
        "short_term_average": 137060
    }, 
    {
        "date": "2012-02-29", 
        "operating_revenue": 133131, 
        "accumulated_operating_revenue": 270191, 
        "long_term_average": 135095, 
        "short_term_average": 135095
    }, 
    {
        "date": "2012-03-31", 
        "operating_revenue": 152643, 
        "accumulated_operating_revenue": 422834, 
        "long_term_average": 140944, 
        "short_term_average": 140944
    }, 
    {
        "date": "2012-04-30", 
        "operating_revenue": 161867, 
        "accumulated_operating_revenue": 584701, 
        "long_term_average": 146175, 
        "short_term_average": 149213
    }, 
    {
        "date": "2012-05-31", 
        "operating_revenue": 176997, 
        "accumulated_operating_revenue": 761698, 
        "long_term_average": 152339, 
        "short_term_average": 163835
    }, 
    {
        "date": "2012-06-30", 
        "operating_revenue": 131385, 
        "accumulated_operating_revenue": 893083, 
        "long_term_average": 148847, 
        "short_term_average": 156749
    }, 
    {
        "date": "2012-07-31", 
        "operating_revenue": 146690, 
        "accumulated_operating_revenue": 1039773, 
        "long_term_average": 148539, 
        "short_term_average": 151690
    }, 
    {
        "date": "2012-08-31", 
        "operating_revenue": 202851, 
        "accumulated_operating_revenue": 1242624, 
        "long_term_average": 155328, 
        "short_term_average": 160308
    }, 
    {
        "date": "2012-09-30", 
        "operating_revenue": 186198, 
        "accumulated_operating_revenue": 1428822, 
        "long_term_average": 158758, 
        "short_term_average": 178579
    }, 
    {
        "date": "2012-10-31", 
        "operating_revenue": 181750, 
        "accumulated_operating_revenue": 1610572, 
        "long_term_average": 161057, 
        "short_term_average": 190266
    }, 
    {
        "date": "2012-11-30", 
        "operating_revenue": 195853, 
        "accumulated_operating_revenue": 1806425, 
        "long_term_average": 164220, 
        "short_term_average": 187933
    }, 
    {
        "date": "2012-12-31", 
        "operating_revenue": 130439, 
        "accumulated_operating_revenue": 1936864, 
        "long_term_average": 161405, 
        "short_term_average": 169347
    }, 
    {
        "accumulated_operating_revenue_yoy": -7.588647307748431, 
        "accumulated_operating_revenue": 126659, 
        "long_term_average": 160538, 
        "date": "2013-01-31", 
        "operating_revenue": 126659, 
        "short_term_average": 150983
    }, 
    {
        "accumulated_operating_revenue_yoy": -2.6673723403074123, 
        "accumulated_operating_revenue": 262984, 
        "long_term_average": 160804, 
        "date": "2013-02-28", 
        "operating_revenue": 136325, 
        "short_term_average": 131141
    }, 
    {
        "accumulated_operating_revenue_yoy": 13.38563124062871, 
        "accumulated_operating_revenue": 479433, 
        "long_term_average": 166121, 
        "date": "2013-03-31", 
        "operating_revenue": 216449, 
        "short_term_average": 159811
    }, 
    {
        "accumulated_operating_revenue_yoy": 16.063252842050897, 
        "accumulated_operating_revenue": 678623, 
        "long_term_average": 169232, 
        "date": "2013-04-30", 
        "operating_revenue": 199190, 
        "short_term_average": 183988
    }, 
    {
        "accumulated_operating_revenue_yoy": 23.0278929444478, 
        "accumulated_operating_revenue": 937101, 
        "long_term_average": 176022, 
        "date": "2013-05-31", 
        "operating_revenue": 258478, 
        "short_term_average": 224705
    }, 
    {
        "accumulated_operating_revenue_yoy": 22.907389346790836, 
        "accumulated_operating_revenue": 1097665, 
        "long_term_average": 178453, 
        "date": "2013-06-30", 
        "operating_revenue": 160564, 
        "short_term_average": 206077
    }, 
    {
        "accumulated_operating_revenue_yoy": 30.926846532848995, 
        "accumulated_operating_revenue": 1361342, 
        "long_term_average": 188202, 
        "date": "2013-07-31", 
        "operating_revenue": 263677, 
        "short_term_average": 227573
    }, 
    {
        "accumulated_operating_revenue_yoy": 27.243478316852084, 
        "accumulated_operating_revenue": 1581158, 
        "long_term_average": 189616, 
        "date": "2013-08-31", 
        "operating_revenue": 219816, 
        "short_term_average": 214685
    }, 
    {
        "accumulated_operating_revenue_yoy": 24.143735188847877, 
        "accumulated_operating_revenue": 1773793, 
        "long_term_average": 190152, 
        "date": "2013-09-30", 
        "operating_revenue": 192635, 
        "short_term_average": 225376
    }, 
    {
        "accumulated_operating_revenue_yoy": 20.997260600581658, 
        "accumulated_operating_revenue": 1948748, 
        "long_term_average": 189586, 
        "date": "2013-10-31", 
        "operating_revenue": 174955, 
        "short_term_average": 195802
    }, 
    {
        "accumulated_operating_revenue_yoy": 17.22966632990575, 
        "accumulated_operating_revenue": 2117666, 
        "long_term_average": 187342, 
        "date": "2013-11-30", 
        "operating_revenue": 168918, 
        "short_term_average": 178836
    }, 
    {
        "accumulated_operating_revenue_yoy": 19.354172518049793, 
        "accumulated_operating_revenue": 2311728, 
        "long_term_average": 192644, 
        "date": "2013-12-31", 
        "operating_revenue": 194062, 
        "short_term_average": 179311
    }, 
    {
        "accumulated_operating_revenue_yoy": 40.211118041355135, 
        "accumulated_operating_revenue": 177590, 
        "long_term_average": 196888, 
        "date": "2014-01-31", 
        "operating_revenue": 177590, 
        "short_term_average": 180190
    }, 
    {
        "accumulated_operating_revenue_yoy": 47.76640403978949, 
        "accumulated_operating_revenue": 388602, 
        "long_term_average": 203112, 
        "date": "2014-02-28", 
        "operating_revenue": 211012, 
        "short_term_average": 194221
    }, 
    {
        "accumulated_operating_revenue_yoy": 36.010036856036194, 
        "accumulated_operating_revenue": 652077, 
        "long_term_average": 207031, 
        "date": "2014-03-31", 
        "operating_revenue": 263475, 
        "short_term_average": 217359
    }, 
    {
        "accumulated_operating_revenue_yoy": 36.67176031463714, 
        "accumulated_operating_revenue": 927486, 
        "long_term_average": 213382, 
        "date": "2014-04-30", 
        "operating_revenue": 275409, 
        "short_term_average": 249965
    }, 
    {
        "accumulated_operating_revenue_yoy": 20.701077045057044, 
        "accumulated_operating_revenue": 1131091, 
        "long_term_average": 208809, 
        "date": "2014-05-31", 
        "operating_revenue": 203605, 
        "short_term_average": 247496
    }, 
    {
        "accumulated_operating_revenue_yoy": 18.943211271198408, 
        "accumulated_operating_revenue": 1305598, 
        "long_term_average": 209971, 
        "date": "2014-06-30", 
        "operating_revenue": 174507, 
        "short_term_average": 217840
    }, 
    {
        "accumulated_operating_revenue_yoy": 10.250693800676098, 
        "accumulated_operating_revenue": 1500889, 
        "long_term_average": 204272, 
        "date": "2014-07-31", 
        "operating_revenue": 195291, 
        "short_term_average": 191134
    }, 
    {
        "accumulated_operating_revenue_yoy": 9.588668558107411, 
        "accumulated_operating_revenue": 1732770, 
        "long_term_average": 205278, 
        "date": "2014-08-31", 
        "operating_revenue": 231881, 
        "short_term_average": 200559
    }, 
    {
        "accumulated_operating_revenue_yoy": 10.003873056213436, 
        "accumulated_operating_revenue": 1951241, 
        "long_term_average": 207431, 
        "date": "2014-09-30", 
        "operating_revenue": 218471, 
        "short_term_average": 215214
    }, 
    {
        "accumulated_operating_revenue_yoy": 12.953034461100152, 
        "accumulated_operating_revenue": 2201170, 
        "long_term_average": 213679, 
        "date": "2014-10-31", 
        "operating_revenue": 249929, 
        "short_term_average": 233427
    }, 
    {
        "accumulated_operating_revenue_yoy": 13.008047539130343, 
        "accumulated_operating_revenue": 2393133, 
        "long_term_average": 215599, 
        "date": "2014-11-30", 
        "operating_revenue": 191963, 
        "short_term_average": 220121
    }, 
    {
        "accumulated_operating_revenue_yoy": 13.64100793865022, 
        "accumulated_operating_revenue": 2627071, 
        "long_term_average": 218922, 
        "date": "2014-12-31", 
        "operating_revenue": 233938, 
        "short_term_average": 225276
    }, 
    {
        "accumulated_operating_revenue_yoy": 35.28745987949772, 
        "accumulated_operating_revenue": 240257, 
        "long_term_average": 224144, 
        "date": "2015-01-31", 
        "operating_revenue": 240257, 
        "short_term_average": 222052
    }, 
    {
        "accumulated_operating_revenue_yoy": 12.189335103782275, 
        "accumulated_operating_revenue": 435970, 
        "long_term_average": 222869, 
        "date": "2015-02-28", 
        "operating_revenue": 195713, 
        "short_term_average": 223302
    }, 
    {
        "accumulated_operating_revenue_yoy": 7.93449239890381, 
        "accumulated_operating_revenue": 703816, 
        "long_term_average": 223234, 
        "date": "2015-03-31", 
        "operating_revenue": 267846, 
        "short_term_average": 234605
    }, 
    {
        "accumulated_operating_revenue_yoy": 6.739832191537124, 
        "accumulated_operating_revenue": 989997, 
        "long_term_average": 224131, 
        "date": "2015-04-30", 
        "operating_revenue": 286181, 
        "short_term_average": 249913
    }, 
    {
        "accumulated_operating_revenue_yoy": 12.434012824785981, 
        "accumulated_operating_revenue": 1271731, 
        "long_term_average": 230642, 
        "date": "2015-05-31", 
        "operating_revenue": 281734, 
        "short_term_average": 278587
    }, 
    {
        "accumulated_operating_revenue_yoy": 20.5534169016803, 
        "accumulated_operating_revenue": 1573943, 
        "long_term_average": 241284, 
        "date": "2015-06-30", 
        "operating_revenue": 302212, 
        "short_term_average": 290042
    }, 
    {
        "accumulated_operating_revenue_yoy": 23.793698268159737, 
        "accumulated_operating_revenue": 1858006, 
        "long_term_average": 248682, 
        "date": "2015-07-31", 
        "operating_revenue": 284063, 
        "short_term_average": 289336
    }, 
    {
        "accumulated_operating_revenue_yoy": 20.760227843279836, 
        "accumulated_operating_revenue": 2092497, 
        "long_term_average": 248899, 
        "date": "2015-08-31", 
        "operating_revenue": 234491, 
        "short_term_average": 273588
    }
]