[
    {
        "date": "2012-01-31", 
        "operating_revenue": 431072, 
        "accumulated_operating_revenue": 431072, 
        "long_term_average": 431072, 
        "short_term_average": 431072
    }, 
    {
        "date": "2012-02-29", 
        "operating_revenue": 516955, 
        "accumulated_operating_revenue": 948027, 
        "long_term_average": 474013, 
        "short_term_average": 474013
    }, 
    {
        "date": "2012-03-31", 
        "operating_revenue": 517726, 
        "accumulated_operating_revenue": 1465753, 
        "long_term_average": 488584, 
        "short_term_average": 488584
    }, 
    {
        "date": "2012-04-30", 
        "operating_revenue": 414234, 
        "accumulated_operating_revenue": 1879987, 
        "long_term_average": 469996, 
        "short_term_average": 482971
    }, 
    {
        "date": "2012-05-31", 
        "operating_revenue": 450003, 
        "accumulated_operating_revenue": 2329990, 
        "long_term_average": 465998, 
        "short_term_average": 460654
    }, 
    {
        "date": "2012-06-30", 
        "operating_revenue": 470842, 
        "accumulated_operating_revenue": 2800832, 
        "long_term_average": 466805, 
        "short_term_average": 445026
    }, 
    {
        "date": "2012-07-31", 
        "operating_revenue": 471141, 
        "accumulated_operating_revenue": 3271973, 
        "long_term_average": 467424, 
        "short_term_average": 463995
    }, 
    {
        "date": "2012-08-31", 
        "operating_revenue": 402714, 
        "accumulated_operating_revenue": 3674687, 
        "long_term_average": 459335, 
        "short_term_average": 448232
    }, 
    {
        "date": "2012-09-30", 
        "operating_revenue": 465952, 
        "accumulated_operating_revenue": 4140639, 
        "long_term_average": 460071, 
        "short_term_average": 446602
    }, 
    {
        "date": "2012-10-31", 
        "operating_revenue": 430875, 
        "accumulated_operating_revenue": 4571514, 
        "long_term_average": 457151, 
        "short_term_average": 433180
    }, 
    {
        "date": "2012-11-30", 
        "operating_revenue": 434947, 
        "accumulated_operating_revenue": 5006461, 
        "long_term_average": 455132, 
        "short_term_average": 443924
    }, 
    {
        "date": "2012-12-31", 
        "operating_revenue": 351222, 
        "accumulated_operating_revenue": 5357683, 
        "long_term_average": 446473, 
        "short_term_average": 405681
    }, 
    {
        "accumulated_operating_revenue_yoy": 3.2639559052780043, 
        "accumulated_operating_revenue": 445142, 
        "long_term_average": 447646, 
        "date": "2013-01-31", 
        "operating_revenue": 445142, 
        "short_term_average": 410437
    }, 
    {
        "accumulated_operating_revenue_yoy": -16.267047246544667, 
        "accumulated_operating_revenue": 793811, 
        "long_term_average": 433622, 
        "date": "2013-02-28", 
        "operating_revenue": 348669, 
        "short_term_average": 381677
    }, 
    {
        "accumulated_operating_revenue_yoy": -20.905227551981813, 
        "accumulated_operating_revenue": 1159334, 
        "long_term_average": 420938, 
        "date": "2013-03-31", 
        "operating_revenue": 365523, 
        "short_term_average": 386444
    }, 
    {
        "accumulated_operating_revenue_yoy": -19.116781126678003, 
        "accumulated_operating_revenue": 1520594, 
        "long_term_average": 416524, 
        "date": "2013-04-30", 
        "operating_revenue": 361260, 
        "short_term_average": 358484
    }, 
    {
        "accumulated_operating_revenue_yoy": -17.230674809763133, 
        "accumulated_operating_revenue": 1928517, 
        "long_term_average": 413017, 
        "date": "2013-05-31", 
        "operating_revenue": 407923, 
        "short_term_average": 378235
    }, 
    {
        "accumulated_operating_revenue_yoy": -17.480163037268927, 
        "accumulated_operating_revenue": 2311242, 
        "long_term_average": 405674, 
        "date": "2013-06-30", 
        "operating_revenue": 382725, 
        "short_term_average": 383969
    }, 
    {
        "accumulated_operating_revenue_yoy": -17.754700298566036, 
        "accumulated_operating_revenue": 2691044, 
        "long_term_average": 398062, 
        "date": "2013-07-31", 
        "operating_revenue": 379802, 
        "short_term_average": 390150
    }, 
    {
        "accumulated_operating_revenue_yoy": -16.80665591382341, 
        "accumulated_operating_revenue": 3057095, 
        "long_term_average": 395007, 
        "date": "2013-08-31", 
        "operating_revenue": 366051, 
        "short_term_average": 376192
    }, 
    {
        "accumulated_operating_revenue_yoy": -17.356765465426953, 
        "accumulated_operating_revenue": 3421958, 
        "long_term_average": 386583, 
        "date": "2013-09-30", 
        "operating_revenue": 364863, 
        "short_term_average": 370238
    }, 
    {
        "accumulated_operating_revenue_yoy": -15.95814865709697, 
        "accumulated_operating_revenue": 3841985, 
        "long_term_average": 385679, 
        "date": "2013-10-31", 
        "operating_revenue": 420027, 
        "short_term_average": 383647
    }, 
    {
        "accumulated_operating_revenue_yoy": -15.692641968048887, 
        "accumulated_operating_revenue": 4220815, 
        "long_term_average": 381003, 
        "date": "2013-11-30", 
        "operating_revenue": 378830, 
        "short_term_average": 387906
    }, 
    {
        "accumulated_operating_revenue_yoy": -13.981883586617574, 
        "accumulated_operating_revenue": 4608578, 
        "long_term_average": 384048, 
        "date": "2013-12-31", 
        "operating_revenue": 387763, 
        "short_term_average": 395540
    }, 
    {
        "accumulated_operating_revenue_yoy": -7.308454380849256, 
        "accumulated_operating_revenue": 412609, 
        "long_term_average": 381337, 
        "date": "2014-01-31", 
        "operating_revenue": 412609, 
        "short_term_average": 393067
    }, 
    {
        "accumulated_operating_revenue_yoy": -4.361365614737009, 
        "accumulated_operating_revenue": 759190, 
        "long_term_average": 381163, 
        "date": "2014-02-28", 
        "operating_revenue": 346581, 
        "short_term_average": 382317
    }, 
    {
        "accumulated_operating_revenue_yoy": 8.08973082821689, 
        "accumulated_operating_revenue": 1253121, 
        "long_term_average": 391863, 
        "date": "2014-03-31", 
        "operating_revenue": 493931, 
        "short_term_average": 417707
    }, 
    {
        "accumulated_operating_revenue_yoy": 10.707394610264148, 
        "accumulated_operating_revenue": 1683410, 
        "long_term_average": 397616, 
        "date": "2014-04-30", 
        "operating_revenue": 430289, 
        "short_term_average": 423600
    }, 
    {
        "accumulated_operating_revenue_yoy": 5.580609349049037, 
        "accumulated_operating_revenue": 2036140, 
        "long_term_average": 393016, 
        "date": "2014-05-31", 
        "operating_revenue": 352730, 
        "short_term_average": 425650
    }, 
    {
        "accumulated_operating_revenue_yoy": 2.691669673707903, 
        "accumulated_operating_revenue": 2373453, 
        "long_term_average": 389232, 
        "date": "2014-06-30", 
        "operating_revenue": 337313, 
        "short_term_average": 373444
    }, 
    {
        "accumulated_operating_revenue_yoy": 1.416067518777099, 
        "accumulated_operating_revenue": 2729151, 
        "long_term_average": 387223, 
        "date": "2014-07-31", 
        "operating_revenue": 355698, 
        "short_term_average": 348580
    }, 
    {
        "accumulated_operating_revenue_yoy": 1.5435241626446021, 
        "accumulated_operating_revenue": 3104282, 
        "long_term_average": 387980, 
        "date": "2014-08-31", 
        "operating_revenue": 375131, 
        "short_term_average": 356047
    }, 
    {
        "accumulated_operating_revenue_yoy": 2.6445385945707107, 
        "accumulated_operating_revenue": 3512453, 
        "long_term_average": 391589, 
        "date": "2014-09-30", 
        "operating_revenue": 408171, 
        "short_term_average": 379666
    }, 
    {
        "accumulated_operating_revenue_yoy": 0.0611662981505654, 
        "accumulated_operating_revenue": 3844335, 
        "long_term_average": 384244, 
        "date": "2014-10-31", 
        "operating_revenue": 331882, 
        "short_term_average": 371728
    }, 
    {
        "accumulated_operating_revenue_yoy": -2.1518119131020903, 
        "accumulated_operating_revenue": 4129991, 
        "long_term_average": 376479, 
        "date": "2014-11-30", 
        "operating_revenue": 285656, 
        "short_term_average": 341903
    }, 
    {
        "accumulated_operating_revenue_yoy": -9.936470642354323, 
        "accumulated_operating_revenue": 4150648, 
        "long_term_average": 345887, 
        "date": "2014-12-31", 
        "operating_revenue": 20657, 
        "short_term_average": 212731
    }, 
    {
        "accumulated_operating_revenue_yoy": -32.149565326980266, 
        "accumulated_operating_revenue": 279957, 
        "long_term_average": 334833, 
        "date": "2015-01-31", 
        "operating_revenue": 279957, 
        "short_term_average": 195423
    }, 
    {
        "accumulated_operating_revenue_yoy": -35.80974459621439, 
        "accumulated_operating_revenue": 487326, 
        "long_term_average": 323232, 
        "date": "2015-02-28", 
        "operating_revenue": 207369, 
        "short_term_average": 169327
    }, 
    {
        "accumulated_operating_revenue_yoy": -43.65747601388853, 
        "accumulated_operating_revenue": 706040, 
        "long_term_average": 300297, 
        "date": "2015-03-31", 
        "operating_revenue": 218714, 
        "short_term_average": 235346
    }, 
    {
        "accumulated_operating_revenue_yoy": -44.12175287066133, 
        "accumulated_operating_revenue": 940660, 
        "long_term_average": 283991, 
        "date": "2015-04-30", 
        "operating_revenue": 234620, 
        "short_term_average": 220234
    }, 
    {
        "accumulated_operating_revenue_yoy": -42.567259618690265, 
        "accumulated_operating_revenue": 1169411, 
        "long_term_average": 273659, 
        "date": "2015-05-31", 
        "operating_revenue": 228751, 
        "short_term_average": 227361
    }, 
    {
        "accumulated_operating_revenue_yoy": -40.57333345130491, 
        "accumulated_operating_revenue": 1410464, 
        "long_term_average": 265638, 
        "date": "2015-06-30", 
        "operating_revenue": 241053, 
        "short_term_average": 234808
    }, 
    {
        "accumulated_operating_revenue_yoy": -38.03516185070009, 
        "accumulated_operating_revenue": 1691114, 
        "long_term_average": 259384, 
        "date": "2015-07-31", 
        "operating_revenue": 280650, 
        "short_term_average": 250151
    }, 
    {
        "accumulated_operating_revenue_yoy": -35.95733248461319, 
        "accumulated_operating_revenue": 1988065, 
        "long_term_average": 252869, 
        "date": "2015-08-31", 
        "operating_revenue": 296951, 
        "short_term_average": 272884
    }, 
    {
        "accumulated_operating_revenue_yoy": -34.49731569361924, 
        "accumulated_operating_revenue": 2300751, 
        "long_term_average": 244912, 
        "date": "2015-09-30", 
        "operating_revenue": 312686, 
        "short_term_average": 296762
    }
]