[
    {
        "date": "2012-01-31", 
        "operating_revenue": 454787, 
        "accumulated_operating_revenue": 454787, 
        "long_term_average": 454787, 
        "short_term_average": 454787
    }, 
    {
        "date": "2012-02-29", 
        "operating_revenue": 545176, 
        "accumulated_operating_revenue": 999963, 
        "long_term_average": 499981, 
        "short_term_average": 499981
    }, 
    {
        "date": "2012-03-31", 
        "operating_revenue": 787634, 
        "accumulated_operating_revenue": 1787597, 
        "long_term_average": 595865, 
        "short_term_average": 595865
    }, 
    {
        "date": "2012-04-30", 
        "operating_revenue": 840713, 
        "accumulated_operating_revenue": 2628310, 
        "long_term_average": 657077, 
        "short_term_average": 724507
    }, 
    {
        "date": "2012-05-31", 
        "operating_revenue": 862746, 
        "accumulated_operating_revenue": 3491056, 
        "long_term_average": 698211, 
        "short_term_average": 830364
    }, 
    {
        "date": "2012-06-30", 
        "operating_revenue": 788543, 
        "accumulated_operating_revenue": 4279599, 
        "long_term_average": 713266, 
        "short_term_average": 830667
    }, 
    {
        "date": "2012-07-31", 
        "operating_revenue": 840814, 
        "accumulated_operating_revenue": 5120413, 
        "long_term_average": 731487, 
        "short_term_average": 830701
    }, 
    {
        "date": "2012-08-31", 
        "operating_revenue": 852071, 
        "accumulated_operating_revenue": 5972484, 
        "long_term_average": 746560, 
        "short_term_average": 827142
    }, 
    {
        "date": "2012-09-30", 
        "operating_revenue": 773788, 
        "accumulated_operating_revenue": 6746272, 
        "long_term_average": 749585, 
        "short_term_average": 822224
    }, 
    {
        "date": "2012-10-31", 
        "operating_revenue": 666776, 
        "accumulated_operating_revenue": 7413048, 
        "long_term_average": 741304, 
        "short_term_average": 764211
    }, 
    {
        "date": "2012-11-30", 
        "operating_revenue": 602980, 
        "accumulated_operating_revenue": 8016028, 
        "long_term_average": 728729, 
        "short_term_average": 681181
    }, 
    {
        "date": "2012-12-31", 
        "operating_revenue": 599236, 
        "accumulated_operating_revenue": 8615264, 
        "long_term_average": 717938, 
        "short_term_average": 622997
    }, 
    {
        "accumulated_operating_revenue_yoy": 37.4764450171179, 
        "accumulated_operating_revenue": 625225, 
        "long_term_average": 732141, 
        "date": "2013-01-31", 
        "operating_revenue": 625225, 
        "short_term_average": 609147
    }, 
    {
        "accumulated_operating_revenue_yoy": 4.005948220084143, 
        "accumulated_operating_revenue": 1040021, 
        "long_term_average": 721276, 
        "date": "2013-02-28", 
        "operating_revenue": 414796, 
        "short_term_average": 546419
    }, 
    {
        "accumulated_operating_revenue_yoy": -1.9983810668735738, 
        "accumulated_operating_revenue": 1751874, 
        "long_term_average": 714961, 
        "date": "2013-03-31", 
        "operating_revenue": 711853, 
        "short_term_average": 583958
    }, 
    {
        "accumulated_operating_revenue_yoy": -5.010329831716959, 
        "accumulated_operating_revenue": 2496623, 
        "long_term_average": 706964, 
        "date": "2013-04-30", 
        "operating_revenue": 744749, 
        "short_term_average": 623799
    }, 
    {
        "accumulated_operating_revenue_yoy": -4.330093816885206, 
        "accumulated_operating_revenue": 3339890, 
        "long_term_average": 705341, 
        "date": "2013-05-31", 
        "operating_revenue": 843267, 
        "short_term_average": 766623
    }, 
    {
        "accumulated_operating_revenue_yoy": -3.8112215653849812, 
        "accumulated_operating_revenue": 4116494, 
        "long_term_average": 704346, 
        "date": "2013-06-30", 
        "operating_revenue": 776604, 
        "short_term_average": 788206
    }, 
    {
        "accumulated_operating_revenue_yoy": -3.686811981767877, 
        "accumulated_operating_revenue": 4931633, 
        "long_term_average": 702207, 
        "date": "2013-07-31", 
        "operating_revenue": 815139, 
        "short_term_average": 811670
    }, 
    {
        "accumulated_operating_revenue_yoy": -3.9963104128868325, 
        "accumulated_operating_revenue": 5733805, 
        "long_term_average": 698048, 
        "date": "2013-08-31", 
        "operating_revenue": 802172, 
        "short_term_average": 797971
    }, 
    {
        "accumulated_operating_revenue_yoy": -4.675945470327909, 
        "accumulated_operating_revenue": 6430820, 
        "long_term_average": 691651, 
        "date": "2013-09-30", 
        "operating_revenue": 697015, 
        "short_term_average": 771442
    }, 
    {
        "accumulated_operating_revenue_yoy": -3.947404630322102, 
        "accumulated_operating_revenue": 7120425, 
        "long_term_average": 693553, 
        "date": "2013-10-31", 
        "operating_revenue": 689605, 
        "short_term_average": 729597
    }, 
    {
        "accumulated_operating_revenue_yoy": -3.034482913482837, 
        "accumulated_operating_revenue": 7772783, 
        "long_term_average": 697668, 
        "date": "2013-11-30", 
        "operating_revenue": 652358, 
        "short_term_average": 679659
    }, 
    {
        "accumulated_operating_revenue_yoy": -1.0840758913481932, 
        "accumulated_operating_revenue": 8521868, 
        "long_term_average": 710155, 
        "date": "2013-12-31", 
        "operating_revenue": 749085, 
        "short_term_average": 697016
    }, 
    {
        "accumulated_operating_revenue_yoy": -30.687352553080892, 
        "accumulated_operating_revenue": 433360, 
        "long_term_average": 694166, 
        "date": "2014-01-31", 
        "operating_revenue": 433360, 
        "short_term_average": 611601
    }, 
    {
        "accumulated_operating_revenue_yoy": -20.703428103855597, 
        "accumulated_operating_revenue": 824701, 
        "long_term_average": 692212, 
        "date": "2014-02-28", 
        "operating_revenue": 391341, 
        "short_term_average": 524595
    }, 
    {
        "accumulated_operating_revenue_yoy": -16.64046615224611, 
        "accumulated_operating_revenue": 1460354, 
        "long_term_average": 685862, 
        "date": "2014-03-31", 
        "operating_revenue": 635653, 
        "short_term_average": 486784
    }, 
    {
        "accumulated_operating_revenue_yoy": -12.261803243821754, 
        "accumulated_operating_revenue": 2190492, 
        "long_term_average": 684644, 
        "date": "2014-04-30", 
        "operating_revenue": 730138, 
        "short_term_average": 585710
    }, 
    {
        "accumulated_operating_revenue_yoy": -11.107431681881739, 
        "accumulated_operating_revenue": 2968914, 
        "long_term_average": 679241, 
        "date": "2014-05-31", 
        "operating_revenue": 778422, 
        "short_term_average": 714737
    }, 
    {
        "accumulated_operating_revenue_yoy": -10.064171112602132, 
        "accumulated_operating_revenue": 3702203, 
        "long_term_average": 675631, 
        "date": "2014-06-30", 
        "operating_revenue": 733289, 
        "short_term_average": 747283
    }, 
    {
        "accumulated_operating_revenue_yoy": -9.744966829445744, 
        "accumulated_operating_revenue": 4451047, 
        "long_term_average": 670106, 
        "date": "2014-07-31", 
        "operating_revenue": 748844, 
        "short_term_average": 753518
    }, 
    {
        "accumulated_operating_revenue_yoy": -8.191680742543564, 
        "accumulated_operating_revenue": 5264110, 
        "long_term_average": 671014, 
        "date": "2014-08-31", 
        "operating_revenue": 813063, 
        "short_term_average": 765065
    }, 
    {
        "accumulated_operating_revenue_yoy": -8.05771270226814, 
        "accumulated_operating_revenue": 5912643, 
        "long_term_average": 666974, 
        "date": "2014-09-30", 
        "operating_revenue": 648533, 
        "short_term_average": 736813
    }, 
    {
        "accumulated_operating_revenue_yoy": -6.66496732989955, 
        "accumulated_operating_revenue": 6645851, 
        "long_term_average": 670607, 
        "date": "2014-10-31", 
        "operating_revenue": 733208, 
        "short_term_average": 731601
    }, 
    {
        "accumulated_operating_revenue_yoy": -5.305281261550721, 
        "accumulated_operating_revenue": 7360415, 
        "long_term_average": 675791, 
        "date": "2014-11-30", 
        "operating_revenue": 714564, 
        "short_term_average": 698768
    }, 
    {
        "accumulated_operating_revenue_yoy": -4.777203777387775, 
        "accumulated_operating_revenue": 8114761, 
        "long_term_average": 676230, 
        "date": "2014-12-31", 
        "operating_revenue": 754346, 
        "short_term_average": 734039
    }, 
    {
        "accumulated_operating_revenue_yoy": 69.34350193834226, 
        "accumulated_operating_revenue": 733867, 
        "long_term_average": 701272, 
        "date": "2015-01-31", 
        "operating_revenue": 733867, 
        "short_term_average": 734259
    }, 
    {
        "accumulated_operating_revenue_yoy": 38.946600040499526, 
        "accumulated_operating_revenue": 1145894, 
        "long_term_average": 702996, 
        "date": "2015-02-28", 
        "operating_revenue": 412027, 
        "short_term_average": 633413
    }, 
    {
        "accumulated_operating_revenue_yoy": 27.626794599117748, 
        "accumulated_operating_revenue": 1863803, 
        "long_term_average": 709850, 
        "date": "2015-03-31", 
        "operating_revenue": 717909, 
        "short_term_average": 621267
    }, 
    {
        "accumulated_operating_revenue_yoy": 22.397068786373104, 
        "accumulated_operating_revenue": 2681098, 
        "long_term_average": 717113, 
        "date": "2015-04-30", 
        "operating_revenue": 817295, 
        "short_term_average": 649077
    }, 
    {
        "accumulated_operating_revenue_yoy": 15.384244878767117, 
        "accumulated_operating_revenue": 3425659, 
        "long_term_average": 714292, 
        "date": "2015-05-31", 
        "operating_revenue": 744561, 
        "short_term_average": 759921
    }, 
    {
        "accumulated_operating_revenue_yoy": 12.804052073859806, 
        "accumulated_operating_revenue": 4176235, 
        "long_term_average": 715732, 
        "date": "2015-06-30", 
        "operating_revenue": 750576, 
        "short_term_average": 770810
    }, 
    {
        "accumulated_operating_revenue_yoy": 10.140670273758062, 
        "accumulated_operating_revenue": 4902413, 
        "long_term_average": 713843, 
        "date": "2015-07-31", 
        "operating_revenue": 726178, 
        "short_term_average": 740438
    }, 
    {
        "accumulated_operating_revenue_yoy": 7.329349120744058, 
        "accumulated_operating_revenue": 5649935, 
        "long_term_average": 708382, 
        "date": "2015-08-31", 
        "operating_revenue": 747522, 
        "short_term_average": 741425
    }, 
    {
        "accumulated_operating_revenue_yoy": 8.46448872357083, 
        "accumulated_operating_revenue": 6413118, 
        "long_term_average": 717936, 
        "date": "2015-09-30", 
        "operating_revenue": 763183, 
        "short_term_average": 745627
    }
]