[
    {
        "date": "2011-09-30", 
        "operating_revenue": 893618, 
        "accumulated_operating_revenue": 893618, 
        "long_term_average": 893618, 
        "short_term_average": 893618
    }, 
    {
        "date": "2011-10-31", 
        "operating_revenue": 1149381, 
        "accumulated_operating_revenue": 2042999, 
        "long_term_average": 1021499, 
        "short_term_average": 1021499
    }, 
    {
        "date": "2011-11-30", 
        "operating_revenue": 1512258, 
        "accumulated_operating_revenue": 3555257, 
        "long_term_average": 1185085, 
        "short_term_average": 1185085
    }, 
    {
        "date": "2011-12-31", 
        "operating_revenue": 1342468, 
        "accumulated_operating_revenue": 4897725, 
        "long_term_average": 1224431, 
        "short_term_average": 1334702
    }, 
    {
        "date": "2012-01-31", 
        "operating_revenue": 751454, 
        "accumulated_operating_revenue": 751454, 
        "long_term_average": 1129835, 
        "short_term_average": 1202060
    }, 
    {
        "date": "2012-02-29", 
        "operating_revenue": 706715, 
        "accumulated_operating_revenue": 1458169, 
        "long_term_average": 1059315, 
        "short_term_average": 933545
    }, 
    {
        "date": "2012-03-31", 
        "operating_revenue": 758375, 
        "accumulated_operating_revenue": 2216544, 
        "long_term_average": 1016324, 
        "short_term_average": 738848
    }, 
    {
        "date": "2012-04-30", 
        "operating_revenue": 608237, 
        "accumulated_operating_revenue": 2824781, 
        "long_term_average": 965313, 
        "short_term_average": 691109
    }, 
    {
        "date": "2012-05-31", 
        "operating_revenue": 679907, 
        "accumulated_operating_revenue": 3504688, 
        "long_term_average": 933601, 
        "short_term_average": 682173
    }, 
    {
        "date": "2012-06-30", 
        "operating_revenue": 618890, 
        "accumulated_operating_revenue": 4123578, 
        "long_term_average": 902130, 
        "short_term_average": 635678
    }, 
    {
        "date": "2012-07-31", 
        "operating_revenue": 703488, 
        "accumulated_operating_revenue": 4827066, 
        "long_term_average": 884071, 
        "short_term_average": 667428
    }, 
    {
        "date": "2012-08-31", 
        "operating_revenue": 781039, 
        "accumulated_operating_revenue": 5608105, 
        "long_term_average": 875485, 
        "short_term_average": 701139
    }, 
    {
        "accumulated_operating_revenue_yoy": 615.8133564901334, 
        "accumulated_operating_revenue": 6396637, 
        "long_term_average": 866728, 
        "date": "2012-09-30", 
        "operating_revenue": 788532, 
        "short_term_average": 757686
    }, 
    {
        "accumulated_operating_revenue_yoy": 253.9448624301823, 
        "accumulated_operating_revenue": 7231090, 
        "long_term_average": 840484, 
        "date": "2012-10-31", 
        "operating_revenue": 834453, 
        "short_term_average": 801341
    }, 
    {
        "accumulated_operating_revenue_yoy": 130.06986555402324, 
        "accumulated_operating_revenue": 8179575, 
        "long_term_average": 793503, 
        "date": "2012-11-30", 
        "operating_revenue": 948485, 
        "short_term_average": 857156
    }, 
    {
        "accumulated_operating_revenue_yoy": 81.76377808063948, 
        "accumulated_operating_revenue": 8902290, 
        "long_term_average": 741857, 
        "date": "2012-12-31", 
        "operating_revenue": 722715, 
        "short_term_average": 835217
    }, 
    {
        "accumulated_operating_revenue_yoy": -2.213309131363996, 
        "accumulated_operating_revenue": 734822, 
        "long_term_average": 740471, 
        "date": "2013-01-31", 
        "operating_revenue": 734822, 
        "short_term_average": 802007
    }, 
    {
        "accumulated_operating_revenue_yoy": -21.58384933433642, 
        "accumulated_operating_revenue": 1143440, 
        "long_term_average": 715630, 
        "date": "2013-02-28", 
        "operating_revenue": 408618, 
        "short_term_average": 622051
    }, 
    {
        "accumulated_operating_revenue_yoy": -18.364580175263832, 
        "accumulated_operating_revenue": 1809485, 
        "long_term_average": 707935, 
        "date": "2013-03-31", 
        "operating_revenue": 666045, 
        "short_term_average": 603161
    }, 
    {
        "accumulated_operating_revenue_yoy": -5.655341068918263, 
        "accumulated_operating_revenue": 2665030, 
        "long_term_average": 728544, 
        "date": "2013-04-30", 
        "operating_revenue": 855545, 
        "short_term_average": 643402
    }, 
    {
        "accumulated_operating_revenue_yoy": 0.9239338851275777, 
        "accumulated_operating_revenue": 3537069, 
        "long_term_average": 744555, 
        "date": "2013-05-31", 
        "operating_revenue": 872039, 
        "short_term_average": 797876
    }, 
    {
        "accumulated_operating_revenue_yoy": 4.491099719709437, 
        "accumulated_operating_revenue": 4308772, 
        "long_term_average": 757290, 
        "date": "2013-06-30", 
        "operating_revenue": 771703, 
        "short_term_average": 833095
    }, 
    {
        "accumulated_operating_revenue_yoy": 6.3925166964777365, 
        "accumulated_operating_revenue": 5135637, 
        "long_term_average": 767571, 
        "date": "2013-07-31", 
        "operating_revenue": 826865, 
        "short_term_average": 823535
    }, 
    {
        "accumulated_operating_revenue_yoy": 6.5242002423278445, 
        "accumulated_operating_revenue": 5973989, 
        "long_term_average": 772347, 
        "date": "2013-08-31", 
        "operating_revenue": 838352, 
        "short_term_average": 812306
    }, 
    {
        "accumulated_operating_revenue_yoy": 7.011746953907186, 
        "accumulated_operating_revenue": 6845153, 
        "long_term_average": 779233, 
        "date": "2013-09-30", 
        "operating_revenue": 871164, 
        "short_term_average": 845460
    }, 
    {
        "accumulated_operating_revenue_yoy": 6.572079727952494, 
        "accumulated_operating_revenue": 7706323, 
        "long_term_average": 781460, 
        "date": "2013-10-31", 
        "operating_revenue": 861170, 
        "short_term_average": 856895
    }, 
    {
        "accumulated_operating_revenue_yoy": 6.786660676135374, 
        "accumulated_operating_revenue": 8734695, 
        "long_term_average": 788117, 
        "date": "2013-11-30", 
        "operating_revenue": 1028372, 
        "short_term_average": 920235
    }, 
    {
        "accumulated_operating_revenue_yoy": 7.701243163275966, 
        "accumulated_operating_revenue": 9587877, 
        "long_term_average": 798989, 
        "date": "2013-12-31", 
        "operating_revenue": 853182, 
        "short_term_average": 914241
    }, 
    {
        "accumulated_operating_revenue_yoy": 28.09006807090697, 
        "accumulated_operating_revenue": 941234, 
        "long_term_average": 816190, 
        "date": "2014-01-31", 
        "operating_revenue": 941234, 
        "short_term_average": 940929
    }, 
    {
        "accumulated_operating_revenue_yoy": 54.43573777373539, 
        "accumulated_operating_revenue": 1765880, 
        "long_term_average": 850859, 
        "date": "2014-02-28", 
        "operating_revenue": 824646, 
        "short_term_average": 873020
    }, 
    {
        "accumulated_operating_revenue_yoy": 53.74606586957063, 
        "accumulated_operating_revenue": 2782012, 
        "long_term_average": 880033, 
        "date": "2014-03-31", 
        "operating_revenue": 1016132, 
        "short_term_average": 927337
    }, 
    {
        "accumulated_operating_revenue_yoy": 44.038416077867794, 
        "accumulated_operating_revenue": 3838667, 
        "long_term_average": 896792, 
        "date": "2014-04-30", 
        "operating_revenue": 1056655, 
        "short_term_average": 965811
    }, 
    {
        "accumulated_operating_revenue_yoy": 37.97627357566392, 
        "accumulated_operating_revenue": 4880316, 
        "long_term_average": 910927, 
        "date": "2014-05-31", 
        "operating_revenue": 1041649, 
        "short_term_average": 1038145
    }, 
    {
        "accumulated_operating_revenue_yoy": 38.01512356652893, 
        "accumulated_operating_revenue": 5946757, 
        "long_term_average": 935488, 
        "date": "2014-06-30", 
        "operating_revenue": 1066441, 
        "short_term_average": 1054915
    }, 
    {
        "accumulated_operating_revenue_yoy": 35.73194522899496, 
        "accumulated_operating_revenue": 6970700, 
        "long_term_average": 951911, 
        "date": "2014-07-31", 
        "operating_revenue": 1023943, 
        "short_term_average": 1044011
    }, 
    {
        "accumulated_operating_revenue_yoy": 30.508844257999137, 
        "accumulated_operating_revenue": 7796584, 
        "long_term_average": 950872, 
        "date": "2014-08-31", 
        "operating_revenue": 825884, 
        "short_term_average": 972089
    }, 
    {
        "accumulated_operating_revenue_yoy": 27.353018990225635, 
        "accumulated_operating_revenue": 8717509, 
        "long_term_average": 955019, 
        "date": "2014-09-30", 
        "operating_revenue": 920925, 
        "short_term_average": 923584
    }, 
    {
        "accumulated_operating_revenue_yoy": 25.12979276887304, 
        "accumulated_operating_revenue": 9642906, 
        "long_term_average": 960371, 
        "date": "2014-10-31", 
        "operating_revenue": 925397, 
        "short_term_average": 890735
    }, 
    {
        "accumulated_operating_revenue_yoy": 19.90322501243604, 
        "accumulated_operating_revenue": 10473181, 
        "long_term_average": 943863, 
        "date": "2014-11-30", 
        "operating_revenue": 830275, 
        "short_term_average": 892199
    }, 
    {
        "accumulated_operating_revenue_yoy": 17.11501931032282, 
        "accumulated_operating_revenue": 11228844, 
        "long_term_average": 935737, 
        "date": "2014-12-31", 
        "operating_revenue": 755663, 
        "short_term_average": 837111
    }, 
    {
        "accumulated_operating_revenue_yoy": -14.542504839391693, 
        "accumulated_operating_revenue": 804355, 
        "long_term_average": 924330, 
        "date": "2015-01-31", 
        "operating_revenue": 804355, 
        "short_term_average": 796764
    }, 
    {
        "accumulated_operating_revenue_yoy": -27.089949486941357, 
        "accumulated_operating_revenue": 1287504, 
        "long_term_average": 895872, 
        "date": "2015-02-28", 
        "operating_revenue": 483149, 
        "short_term_average": 681055
    }, 
    {
        "accumulated_operating_revenue_yoy": -32.37290133903089, 
        "accumulated_operating_revenue": 1881394, 
        "long_term_average": 860685, 
        "date": "2015-03-31", 
        "operating_revenue": 593890, 
        "short_term_average": 627131
    }, 
    {
        "accumulated_operating_revenue_yoy": -33.415089144226364, 
        "accumulated_operating_revenue": 2555973, 
        "long_term_average": 828845, 
        "date": "2015-04-30", 
        "operating_revenue": 674579, 
        "short_term_average": 583872
    }, 
    {
        "accumulated_operating_revenue_yoy": -34.996176477096974, 
        "accumulated_operating_revenue": 3172392, 
        "long_term_average": 793410, 
        "date": "2015-05-31", 
        "operating_revenue": 616419, 
        "short_term_average": 628296
    }, 
    {
        "accumulated_operating_revenue_yoy": -35.73268589922204, 
        "accumulated_operating_revenue": 3821821, 
        "long_term_average": 758659, 
        "date": "2015-06-30", 
        "operating_revenue": 649429, 
        "short_term_average": 646809
    }, 
    {
        "accumulated_operating_revenue_yoy": -36.07198703143156, 
        "accumulated_operating_revenue": 4456230, 
        "long_term_average": 726197, 
        "date": "2015-07-31", 
        "operating_revenue": 634409, 
        "short_term_average": 633419
    }, 
    {
        "accumulated_operating_revenue_yoy": -34.79457157134458, 
        "accumulated_operating_revenue": 5083796, 
        "long_term_average": 709671, 
        "date": "2015-08-31", 
        "operating_revenue": 627566, 
        "short_term_average": 637134
    }
]