[
    {
        "date": "2011-09-30", 
        "operating_revenue": 1041867, 
        "accumulated_operating_revenue": 1041867, 
        "long_term_average": 1041867, 
        "short_term_average": 1041867
    }, 
    {
        "date": "2011-10-31", 
        "operating_revenue": 1018239, 
        "accumulated_operating_revenue": 2060106, 
        "long_term_average": 1030053, 
        "short_term_average": 1030053
    }, 
    {
        "date": "2011-11-30", 
        "operating_revenue": 742097, 
        "accumulated_operating_revenue": 2802203, 
        "long_term_average": 934067, 
        "short_term_average": 934067
    }, 
    {
        "date": "2011-12-31", 
        "operating_revenue": 658109, 
        "accumulated_operating_revenue": 3460312, 
        "long_term_average": 865078, 
        "short_term_average": 806148
    }, 
    {
        "date": "2012-01-31", 
        "operating_revenue": 687399, 
        "accumulated_operating_revenue": 687399, 
        "long_term_average": 829542, 
        "short_term_average": 695868
    }, 
    {
        "date": "2012-02-29", 
        "operating_revenue": 860767, 
        "accumulated_operating_revenue": 1548166, 
        "long_term_average": 834746, 
        "short_term_average": 735425
    }, 
    {
        "date": "2012-03-31", 
        "operating_revenue": 996075, 
        "accumulated_operating_revenue": 2544241, 
        "long_term_average": 857793, 
        "short_term_average": 848080
    }, 
    {
        "date": "2012-04-30", 
        "operating_revenue": 918395, 
        "accumulated_operating_revenue": 3462636, 
        "long_term_average": 865368, 
        "short_term_average": 925079
    }, 
    {
        "date": "2012-05-31", 
        "operating_revenue": 1132700, 
        "accumulated_operating_revenue": 4595336, 
        "long_term_average": 895072, 
        "short_term_average": 1015723
    }, 
    {
        "date": "2012-06-30", 
        "operating_revenue": 1349587, 
        "accumulated_operating_revenue": 5944923, 
        "long_term_average": 940523, 
        "short_term_average": 1133560
    }, 
    {
        "date": "2012-07-31", 
        "operating_revenue": 1311644, 
        "accumulated_operating_revenue": 7256567, 
        "long_term_average": 974261, 
        "short_term_average": 1264643
    }, 
    {
        "date": "2012-08-31", 
        "operating_revenue": 1593466, 
        "accumulated_operating_revenue": 8850033, 
        "long_term_average": 1025862, 
        "short_term_average": 1418232
    }, 
    {
        "accumulated_operating_revenue_yoy": 934.3927775810156, 
        "accumulated_operating_revenue": 10776997, 
        "long_term_average": 1099620, 
        "date": "2012-09-30", 
        "operating_revenue": 1926964, 
        "short_term_average": 1610691
    }, 
    {
        "accumulated_operating_revenue_yoy": 492.8976470142798, 
        "accumulated_operating_revenue": 12214320, 
        "long_term_average": 1134543, 
        "date": "2012-10-31", 
        "operating_revenue": 1437323, 
        "short_term_average": 1652584
    }, 
    {
        "accumulated_operating_revenue_yoy": 373.37876663467995, 
        "accumulated_operating_revenue": 13265034, 
        "long_term_average": 1160261, 
        "date": "2012-11-30", 
        "operating_revenue": 1050714, 
        "short_term_average": 1471667
    }, 
    {
        "accumulated_operating_revenue_yoy": 309.18050164262644, 
        "accumulated_operating_revenue": 14158922, 
        "long_term_average": 1179910, 
        "date": "2012-12-31", 
        "operating_revenue": 893888, 
        "short_term_average": 1127308
    }, 
    {
        "accumulated_operating_revenue_yoy": 46.74723122960609, 
        "accumulated_operating_revenue": 1008739, 
        "long_term_average": 1206688, 
        "date": "2013-01-31", 
        "operating_revenue": 1008739, 
        "short_term_average": 984447
    }, 
    {
        "accumulated_operating_revenue_yoy": 20.80080559836607, 
        "accumulated_operating_revenue": 1870197, 
        "long_term_average": 1206746, 
        "date": "2013-02-28", 
        "operating_revenue": 861458, 
        "short_term_average": 921361
    }, 
    {
        "accumulated_operating_revenue_yoy": 22.639286136808582, 
        "accumulated_operating_revenue": 3120239, 
        "long_term_average": 1227910, 
        "date": "2013-03-31", 
        "operating_revenue": 1250042, 
        "short_term_average": 1040079
    }, 
    {
        "accumulated_operating_revenue_yoy": 31.135672360594647, 
        "accumulated_operating_revenue": 4540751, 
        "long_term_average": 1269753, 
        "date": "2013-04-30", 
        "operating_revenue": 1420512, 
        "short_term_average": 1177337
    }, 
    {
        "accumulated_operating_revenue_yoy": 27.11183687112324, 
        "accumulated_operating_revenue": 5841216, 
        "long_term_average": 1283733, 
        "date": "2013-05-31", 
        "operating_revenue": 1300465, 
        "short_term_average": 1323673
    }, 
    {
        "accumulated_operating_revenue_yoy": 19.761635264241438, 
        "accumulated_operating_revenue": 7119737, 
        "long_term_average": 1277811, 
        "date": "2013-06-30", 
        "operating_revenue": 1278521, 
        "short_term_average": 1333166
    }, 
    {
        "accumulated_operating_revenue_yoy": 17.511517498563713, 
        "accumulated_operating_revenue": 8527302, 
        "long_term_average": 1285804, 
        "date": "2013-07-31", 
        "operating_revenue": 1407565, 
        "short_term_average": 1328850
    }, 
    {
        "accumulated_operating_revenue_yoy": 13.381746712130905, 
        "accumulated_operating_revenue": 10034322, 
        "long_term_average": 1278600, 
        "date": "2013-08-31", 
        "operating_revenue": 1507020, 
        "short_term_average": 1397702
    }, 
    {
        "accumulated_operating_revenue_yoy": 11.46224685782134, 
        "accumulated_operating_revenue": 12012283, 
        "long_term_average": 1282850, 
        "date": "2013-09-30", 
        "operating_revenue": 1977961, 
        "short_term_average": 1630848
    }, 
    {
        "accumulated_operating_revenue_yoy": 9.40383910033469, 
        "accumulated_operating_revenue": 13362935, 
        "long_term_average": 1275628, 
        "date": "2013-10-31", 
        "operating_revenue": 1350652, 
        "short_term_average": 1611877
    }, 
    {
        "accumulated_operating_revenue_yoy": 11.201011621983028, 
        "accumulated_operating_revenue": 14750852, 
        "long_term_average": 1303728, 
        "date": "2013-11-30", 
        "operating_revenue": 1387917, 
        "short_term_average": 1572176
    }, 
    {
        "accumulated_operating_revenue_yoy": 15.337565953114227, 
        "accumulated_operating_revenue": 16330556, 
        "long_term_average": 1360879, 
        "date": "2013-12-31", 
        "operating_revenue": 1579704, 
        "short_term_average": 1439424
    }, 
    {
        "accumulated_operating_revenue_yoy": -12.483308368170558, 
        "accumulated_operating_revenue": 882815, 
        "long_term_average": 1350386, 
        "date": "2014-01-31", 
        "operating_revenue": 882815, 
        "short_term_average": 1283478
    }, 
    {
        "accumulated_operating_revenue_yoy": -17.071730945991252, 
        "accumulated_operating_revenue": 1550922, 
        "long_term_average": 1334273, 
        "date": "2014-02-28", 
        "operating_revenue": 668107, 
        "short_term_average": 1043542
    }, 
    {
        "accumulated_operating_revenue_yoy": -31.634339548989676, 
        "accumulated_operating_revenue": 2133172, 
        "long_term_average": 1278624, 
        "date": "2014-03-31", 
        "operating_revenue": 582250, 
        "short_term_average": 711057
    }, 
    {
        "accumulated_operating_revenue_yoy": -39.43173717299187, 
        "accumulated_operating_revenue": 2750254, 
        "long_term_average": 1211671, 
        "date": "2014-04-30", 
        "operating_revenue": 617082, 
        "short_term_average": 622479
    }, 
    {
        "accumulated_operating_revenue_yoy": -38.77625823116283, 
        "accumulated_operating_revenue": 3576211, 
        "long_term_average": 1172129, 
        "date": "2014-05-31", 
        "operating_revenue": 825957, 
        "short_term_average": 675096
    }, 
    {
        "accumulated_operating_revenue_yoy": -43.798527951243145, 
        "accumulated_operating_revenue": 4001397, 
        "long_term_average": 1101018, 
        "date": "2014-06-30", 
        "operating_revenue": 425186, 
        "short_term_average": 622741
    }, 
    {
        "accumulated_operating_revenue_yoy": -48.86341541556755, 
        "accumulated_operating_revenue": 4360571, 
        "long_term_average": 1013652, 
        "date": "2014-07-31", 
        "operating_revenue": 359174, 
        "short_term_average": 536772
    }, 
    {
        "accumulated_operating_revenue_yoy": -51.60541987789509, 
        "accumulated_operating_revenue": 4856068, 
        "long_term_average": 929358, 
        "date": "2014-08-31", 
        "operating_revenue": 495497, 
        "short_term_average": 426619
    }, 
    {
        "accumulated_operating_revenue_yoy": -54.25277609593447, 
        "accumulated_operating_revenue": 5495286, 
        "long_term_average": 817796, 
        "date": "2014-09-30", 
        "operating_revenue": 639218, 
        "short_term_average": 497963
    }, 
    {
        "accumulated_operating_revenue_yoy": -54.84595262941861, 
        "accumulated_operating_revenue": 6033906, 
        "long_term_average": 750127, 
        "date": "2014-10-31", 
        "operating_revenue": 538620, 
        "short_term_average": 557778
    }, 
    {
        "accumulated_operating_revenue_yoy": -56.697897857018695, 
        "accumulated_operating_revenue": 6387429, 
        "long_term_average": 663927, 
        "date": "2014-11-30", 
        "operating_revenue": 353523, 
        "short_term_average": 510453
    }, 
    {
        "accumulated_operating_revenue_yoy": -58.559947377174424, 
        "accumulated_operating_revenue": 6767391, 
        "long_term_average": 563949, 
        "date": "2014-12-31", 
        "operating_revenue": 379962, 
        "short_term_average": 424035
    }, 
    {
        "accumulated_operating_revenue_yoy": -51.23768853043956, 
        "accumulated_operating_revenue": 430481, 
        "long_term_average": 526254, 
        "date": "2015-01-31", 
        "operating_revenue": 430481, 
        "short_term_average": 387988
    }, 
    {
        "accumulated_operating_revenue_yoy": -49.69347265690989, 
        "accumulated_operating_revenue": 780215, 
        "long_term_average": 499723, 
        "date": "2015-02-28", 
        "operating_revenue": 349734, 
        "short_term_average": 386725
    }, 
    {
        "accumulated_operating_revenue_yoy": -45.13639781508477, 
        "accumulated_operating_revenue": 1170335, 
        "long_term_average": 483712, 
        "date": "2015-03-31", 
        "operating_revenue": 390120, 
        "short_term_average": 390111
    }, 
    {
        "accumulated_operating_revenue_yoy": -42.5028379196976, 
        "accumulated_operating_revenue": 1581318, 
        "long_term_average": 466537, 
        "date": "2015-04-30", 
        "operating_revenue": 410983, 
        "short_term_average": 383612
    }, 
    {
        "accumulated_operating_revenue_yoy": -44.35331136781359, 
        "accumulated_operating_revenue": 1990043, 
        "long_term_average": 431768, 
        "date": "2015-05-31", 
        "operating_revenue": 408725, 
        "short_term_average": 403276
    }, 
    {
        "accumulated_operating_revenue_yoy": -40.10874202184887, 
        "accumulated_operating_revenue": 2396487, 
        "long_term_average": 430206, 
        "date": "2015-06-30", 
        "operating_revenue": 406444, 
        "short_term_average": 408717
    }, 
    {
        "accumulated_operating_revenue_yoy": -32.857279470968365, 
        "accumulated_operating_revenue": 2927806, 
        "long_term_average": 444552, 
        "date": "2015-07-31", 
        "operating_revenue": 531319, 
        "short_term_average": 448829
    }, 
    {
        "accumulated_operating_revenue_yoy": -32.82711444732652, 
        "accumulated_operating_revenue": 3261961, 
        "long_term_average": 431107, 
        "date": "2015-08-31", 
        "operating_revenue": 334155, 
        "short_term_average": 423972
    }
]