[
    {
        "date": "2011-09-30", 
        "operating_revenue": 432210, 
        "accumulated_operating_revenue": 432210, 
        "long_term_average": 432210, 
        "short_term_average": 432210
    }, 
    {
        "date": "2011-10-31", 
        "operating_revenue": 383853, 
        "accumulated_operating_revenue": 816063, 
        "long_term_average": 408031, 
        "short_term_average": 408031
    }, 
    {
        "date": "2011-11-30", 
        "operating_revenue": 330743, 
        "accumulated_operating_revenue": 1146806, 
        "long_term_average": 382268, 
        "short_term_average": 382268
    }, 
    {
        "date": "2011-12-31", 
        "operating_revenue": 416253, 
        "accumulated_operating_revenue": 1563059, 
        "long_term_average": 390764, 
        "short_term_average": 376949
    }, 
    {
        "date": "2012-01-31", 
        "operating_revenue": 511202, 
        "accumulated_operating_revenue": 511202, 
        "long_term_average": 414852, 
        "short_term_average": 419399
    }, 
    {
        "date": "2012-02-29", 
        "operating_revenue": 536144, 
        "accumulated_operating_revenue": 1047346, 
        "long_term_average": 435067, 
        "short_term_average": 487866
    }, 
    {
        "date": "2012-03-31", 
        "operating_revenue": 592564, 
        "accumulated_operating_revenue": 1639910, 
        "long_term_average": 457567, 
        "short_term_average": 546636
    }, 
    {
        "date": "2012-04-30", 
        "operating_revenue": 598180, 
        "accumulated_operating_revenue": 2238090, 
        "long_term_average": 475143, 
        "short_term_average": 575629
    }, 
    {
        "date": "2012-05-31", 
        "operating_revenue": 654648, 
        "accumulated_operating_revenue": 2892738, 
        "long_term_average": 495088, 
        "short_term_average": 615130
    }, 
    {
        "date": "2012-06-30", 
        "operating_revenue": 623768, 
        "accumulated_operating_revenue": 3516506, 
        "long_term_average": 507956, 
        "short_term_average": 625532
    }, 
    {
        "date": "2012-07-31", 
        "operating_revenue": 568332, 
        "accumulated_operating_revenue": 4084838, 
        "long_term_average": 513445, 
        "short_term_average": 615582
    }, 
    {
        "date": "2012-08-31", 
        "operating_revenue": 447895, 
        "accumulated_operating_revenue": 4532733, 
        "long_term_average": 507982, 
        "short_term_average": 546665
    }, 
    {
        "accumulated_operating_revenue_yoy": 1033.8317021818098, 
        "accumulated_operating_revenue": 4900534, 
        "long_term_average": 502615, 
        "date": "2012-09-30", 
        "operating_revenue": 367801, 
        "short_term_average": 461342
    }, 
    {
        "accumulated_operating_revenue_yoy": 552.7814641761727, 
        "accumulated_operating_revenue": 5327108, 
        "long_term_average": 506175, 
        "date": "2012-10-31", 
        "operating_revenue": 426574, 
        "short_term_average": 414090
    }, 
    {
        "accumulated_operating_revenue_yoy": 400.33484303360814, 
        "accumulated_operating_revenue": 5737870, 
        "long_term_average": 512843, 
        "date": "2012-11-30", 
        "operating_revenue": 410762, 
        "short_term_average": 401712
    }, 
    {
        "accumulated_operating_revenue_yoy": 296.20929216363555, 
        "accumulated_operating_revenue": 6192985, 
        "long_term_average": 516082, 
        "date": "2012-12-31", 
        "operating_revenue": 455115, 
        "short_term_average": 430817
    }, 
    {
        "accumulated_operating_revenue_yoy": 29.67163665243876, 
        "accumulated_operating_revenue": 662884, 
        "long_term_average": 528722, 
        "date": "2013-01-31", 
        "operating_revenue": 662884, 
        "short_term_average": 509587
    }, 
    {
        "accumulated_operating_revenue_yoy": 17.963118205445, 
        "accumulated_operating_revenue": 1235482, 
        "long_term_average": 531760, 
        "date": "2013-02-28", 
        "operating_revenue": 572598, 
        "short_term_average": 563532
    }, 
    {
        "accumulated_operating_revenue_yoy": 20.249769804440486, 
        "accumulated_operating_revenue": 1971988, 
        "long_term_average": 543755, 
        "date": "2013-03-31", 
        "operating_revenue": 736506, 
        "short_term_average": 657329
    }, 
    {
        "accumulated_operating_revenue_yoy": 20.31906670419867, 
        "accumulated_operating_revenue": 2692849, 
        "long_term_average": 553978, 
        "date": "2013-04-30", 
        "operating_revenue": 720861, 
        "short_term_average": 676655
    }, 
    {
        "accumulated_operating_revenue_yoy": 20.47665568053519, 
        "accumulated_operating_revenue": 3485074, 
        "long_term_average": 565443, 
        "date": "2013-05-31", 
        "operating_revenue": 792225, 
        "short_term_average": 749864
    }, 
    {
        "accumulated_operating_revenue_yoy": 16.46307442671788, 
        "accumulated_operating_revenue": 4095431, 
        "long_term_average": 564325, 
        "date": "2013-06-30", 
        "operating_revenue": 610357, 
        "short_term_average": 707814
    }, 
    {
        "accumulated_operating_revenue_yoy": 15.077415554790669, 
        "accumulated_operating_revenue": 4700726, 
        "long_term_average": 567406, 
        "date": "2013-07-31", 
        "operating_revenue": 605295, 
        "short_term_average": 669292
    }, 
    {
        "accumulated_operating_revenue_yoy": 16.938279841323105, 
        "accumulated_operating_revenue": 5300500, 
        "long_term_average": 580062, 
        "date": "2013-08-31", 
        "operating_revenue": 599774, 
        "short_term_average": 605142
    }, 
    {
        "accumulated_operating_revenue_yoy": 21.387771210239535, 
        "accumulated_operating_revenue": 5948649, 
        "long_term_average": 603425, 
        "date": "2013-09-30", 
        "operating_revenue": 648149, 
        "short_term_average": 617739
    }, 
    {
        "accumulated_operating_revenue_yoy": 26.770491606327486, 
        "accumulated_operating_revenue": 6753201, 
        "long_term_average": 634923, 
        "date": "2013-10-31", 
        "operating_revenue": 804552, 
        "short_term_average": 684158
    }, 
    {
        "accumulated_operating_revenue_yoy": 32.69016202876677, 
        "accumulated_operating_revenue": 7613589, 
        "long_term_average": 672392, 
        "date": "2013-11-30", 
        "operating_revenue": 860388, 
        "short_term_average": 771029
    }, 
    {
        "accumulated_operating_revenue_yoy": 38.198429351919955, 
        "accumulated_operating_revenue": 8558608, 
        "long_term_average": 713217, 
        "date": "2013-12-31", 
        "operating_revenue": 945019, 
        "short_term_average": 869986
    }, 
    {
        "accumulated_operating_revenue_yoy": 68.08506465686304, 
        "accumulated_operating_revenue": 1114209, 
        "long_term_average": 750827, 
        "date": "2014-01-31", 
        "operating_revenue": 1114209, 
        "short_term_average": 973205
    }, 
    {
        "accumulated_operating_revenue_yoy": 66.80898629037088, 
        "accumulated_operating_revenue": 2060895, 
        "long_term_average": 782001, 
        "date": "2014-02-28", 
        "operating_revenue": 946686, 
        "short_term_average": 1001971
    }, 
    {
        "accumulated_operating_revenue_yoy": 58.79589530970777, 
        "accumulated_operating_revenue": 3131436, 
        "long_term_average": 809838, 
        "date": "2014-03-31", 
        "operating_revenue": 1070541, 
        "short_term_average": 1043812
    }, 
    {
        "accumulated_operating_revenue_yoy": 60.50164714025925, 
        "accumulated_operating_revenue": 4322067, 
        "long_term_average": 848985, 
        "date": "2014-04-30", 
        "operating_revenue": 1190631, 
        "short_term_average": 1069286
    }, 
    {
        "accumulated_operating_revenue_yoy": 60.71397623120771, 
        "accumulated_operating_revenue": 5601001, 
        "long_term_average": 889544, 
        "date": "2014-05-31", 
        "operating_revenue": 1278934, 
        "short_term_average": 1180035
    }, 
    {
        "accumulated_operating_revenue_yoy": 65.05686458885523, 
        "accumulated_operating_revenue": 6759790, 
        "long_term_average": 935247, 
        "date": "2014-06-30", 
        "operating_revenue": 1158789, 
        "short_term_average": 1209451
    }, 
    {
        "accumulated_operating_revenue_yoy": 65.55161904778113, 
        "accumulated_operating_revenue": 7782128, 
        "long_term_average": 970000, 
        "date": "2014-07-31", 
        "operating_revenue": 1022338, 
        "short_term_average": 1153353
    }, 
    {
        "accumulated_operating_revenue_yoy": 64.16353174228846, 
        "accumulated_operating_revenue": 8701488, 
        "long_term_average": 996633, 
        "date": "2014-08-31", 
        "operating_revenue": 919360, 
        "short_term_average": 1033495
    }, 
    {
        "accumulated_operating_revenue_yoy": 63.973013032034665, 
        "accumulated_operating_revenue": 9754179, 
        "long_term_average": 1030344, 
        "date": "2014-09-30", 
        "operating_revenue": 1052691, 
        "short_term_average": 998129
    }, 
    {
        "accumulated_operating_revenue_yoy": 61.52226181332379, 
        "accumulated_operating_revenue": 10907923, 
        "long_term_average": 1059444, 
        "date": "2014-10-31", 
        "operating_revenue": 1153744, 
        "short_term_average": 1041931
    }, 
    {
        "accumulated_operating_revenue_yoy": 58.29432085183479, 
        "accumulated_operating_revenue": 12051879, 
        "long_term_average": 1083074, 
        "date": "2014-11-30", 
        "operating_revenue": 1143956, 
        "short_term_average": 1116797
    }, 
    {
        "accumulated_operating_revenue_yoy": 55.75408991742582, 
        "accumulated_operating_revenue": 13330382, 
        "long_term_average": 1110865, 
        "date": "2014-12-31", 
        "operating_revenue": 1278503, 
        "short_term_average": 1192067
    }, 
    {
        "accumulated_operating_revenue_yoy": 16.126058935083094, 
        "accumulated_operating_revenue": 1293887, 
        "long_term_average": 1125838, 
        "date": "2015-01-31", 
        "operating_revenue": 1293887, 
        "short_term_average": 1238782
    }, 
    {
        "accumulated_operating_revenue_yoy": 13.954665327442688, 
        "accumulated_operating_revenue": 2348486, 
        "long_term_average": 1134831, 
        "date": "2015-02-28", 
        "operating_revenue": 1054599, 
        "short_term_average": 1208996
    }, 
    {
        "accumulated_operating_revenue_yoy": 13.336948288261361, 
        "accumulated_operating_revenue": 3549074, 
        "long_term_average": 1145668, 
        "date": "2015-03-31", 
        "operating_revenue": 1200588, 
        "short_term_average": 1183024
    }, 
    {
        "accumulated_operating_revenue_yoy": 11.674159609279542, 
        "accumulated_operating_revenue": 4826632, 
        "long_term_average": 1152912, 
        "date": "2015-04-30", 
        "operating_revenue": 1277558, 
        "short_term_average": 1177581
    }, 
    {
        "accumulated_operating_revenue_yoy": 10.715084678613698, 
        "accumulated_operating_revenue": 6201153, 
        "long_term_average": 1160877, 
        "date": "2015-05-31", 
        "operating_revenue": 1374521, 
        "short_term_average": 1284222
    }, 
    {
        "accumulated_operating_revenue_yoy": 14.024340992841495, 
        "accumulated_operating_revenue": 7707806, 
        "long_term_average": 1189866, 
        "date": "2015-06-30", 
        "operating_revenue": 1506653, 
        "short_term_average": 1386244
    }, 
    {
        "accumulated_operating_revenue_yoy": 20.250347976800175, 
        "accumulated_operating_revenue": 9358036, 
        "long_term_average": 1242190, 
        "date": "2015-07-31", 
        "operating_revenue": 1650230, 
        "short_term_average": 1510468
    }, 
    {
        "accumulated_operating_revenue_yoy": 27.375685629860087, 
        "accumulated_operating_revenue": 11083580, 
        "long_term_average": 1309372, 
        "date": "2015-08-31", 
        "operating_revenue": 1725544, 
        "short_term_average": 1627475
    }, 
    {
        "accumulated_operating_revenue_yoy": 32.522439869106364, 
        "accumulated_operating_revenue": 12926476, 
        "long_term_average": 1375223, 
        "date": "2015-09-30", 
        "operating_revenue": 1842896, 
        "short_term_average": 1739556
    }, 
    {
        "accumulated_operating_revenue_yoy": 36.177061389230566, 
        "accumulated_operating_revenue": 14854089, 
        "long_term_average": 1439712, 
        "date": "2015-10-31", 
        "operating_revenue": 1927613, 
        "short_term_average": 1832017
    }
]