[
    {
        "date": "2012-01-31", 
        "operating_revenue": 2641710, 
        "accumulated_operating_revenue": 2641710, 
        "long_term_average": 2641710, 
        "short_term_average": 2641710
    }, 
    {
        "date": "2012-02-29", 
        "operating_revenue": 3328555, 
        "accumulated_operating_revenue": 5970265, 
        "long_term_average": 2985132, 
        "short_term_average": 2985132
    }, 
    {
        "date": "2012-03-31", 
        "operating_revenue": 2973213, 
        "accumulated_operating_revenue": 8943478, 
        "long_term_average": 2981159, 
        "short_term_average": 2981159
    }, 
    {
        "date": "2012-04-30", 
        "operating_revenue": 3419917, 
        "accumulated_operating_revenue": 12363395, 
        "long_term_average": 3090848, 
        "short_term_average": 3240561
    }, 
    {
        "date": "2012-05-31", 
        "operating_revenue": 3634219, 
        "accumulated_operating_revenue": 15997614, 
        "long_term_average": 3199522, 
        "short_term_average": 3342449
    }, 
    {
        "date": "2012-06-30", 
        "operating_revenue": 3269015, 
        "accumulated_operating_revenue": 19266629, 
        "long_term_average": 3211104, 
        "short_term_average": 3441050
    }, 
    {
        "date": "2012-07-31", 
        "operating_revenue": 2749577, 
        "accumulated_operating_revenue": 22016206, 
        "long_term_average": 3145172, 
        "short_term_average": 3217603
    }, 
    {
        "date": "2012-08-31", 
        "operating_revenue": 2291807, 
        "accumulated_operating_revenue": 24308013, 
        "long_term_average": 3038501, 
        "short_term_average": 2770133
    }, 
    {
        "date": "2012-09-30", 
        "operating_revenue": 2013642, 
        "accumulated_operating_revenue": 26321655, 
        "long_term_average": 2924628, 
        "short_term_average": 2351675
    }, 
    {
        "date": "2012-10-31", 
        "operating_revenue": 2423064, 
        "accumulated_operating_revenue": 28744719, 
        "long_term_average": 2874471, 
        "short_term_average": 2242837
    }, 
    {
        "date": "2012-11-30", 
        "operating_revenue": 2875925, 
        "accumulated_operating_revenue": 31620644, 
        "long_term_average": 2874604, 
        "short_term_average": 2437543
    }, 
    {
        "date": "2012-12-31", 
        "operating_revenue": 2261582, 
        "accumulated_operating_revenue": 33882226, 
        "long_term_average": 2823518, 
        "short_term_average": 2520190
    }, 
    {
        "accumulated_operating_revenue_yoy": -3.426454834179377, 
        "accumulated_operating_revenue": 2551193, 
        "long_term_average": 2815975, 
        "date": "2013-01-31", 
        "operating_revenue": 2551193, 
        "short_term_average": 2562900
    }, 
    {
        "accumulated_operating_revenue_yoy": -5.970019756241976, 
        "accumulated_operating_revenue": 5613839, 
        "long_term_average": 2793816, 
        "date": "2013-02-28", 
        "operating_revenue": 3062646, 
        "short_term_average": 2625140
    }, 
    {
        "accumulated_operating_revenue_yoy": 3.3800496853684887, 
        "accumulated_operating_revenue": 9245772, 
        "long_term_average": 2848710, 
        "date": "2013-03-31", 
        "operating_revenue": 3631933, 
        "short_term_average": 3081924
    }, 
    {
        "accumulated_operating_revenue_yoy": 13.618961458402001, 
        "accumulated_operating_revenue": 14047161, 
        "long_term_average": 2963832, 
        "date": "2013-04-30", 
        "operating_revenue": 4801389, 
        "short_term_average": 3831989
    }, 
    {
        "accumulated_operating_revenue_yoy": 16.569202132267975, 
        "accumulated_operating_revenue": 18648291, 
        "long_term_average": 3044408, 
        "date": "2013-05-31", 
        "operating_revenue": 4601130, 
        "short_term_average": 4344817
    }, 
    {
        "accumulated_operating_revenue_yoy": 19.796535242361287, 
        "accumulated_operating_revenue": 23080754, 
        "long_term_average": 3141362, 
        "date": "2013-06-30", 
        "operating_revenue": 4432463, 
        "short_term_average": 4611660
    }, 
    {
        "accumulated_operating_revenue_yoy": 23.635284844264266, 
        "accumulated_operating_revenue": 27219799, 
        "long_term_average": 3257151, 
        "date": "2013-07-31", 
        "operating_revenue": 4139045, 
        "short_term_average": 4390879
    }, 
    {
        "accumulated_operating_revenue_yoy": 26.431345910502845, 
        "accumulated_operating_revenue": 30732948, 
        "long_term_average": 3358930, 
        "date": "2013-08-31", 
        "operating_revenue": 3513149, 
        "short_term_average": 4028219
    }, 
    {
        "accumulated_operating_revenue_yoy": 30.562842648002185, 
        "accumulated_operating_revenue": 34366301, 
        "long_term_average": 3493906, 
        "date": "2013-09-30", 
        "operating_revenue": 3633353, 
        "short_term_average": 3761849
    }, 
    {
        "accumulated_operating_revenue_yoy": 34.23210712200735, 
        "accumulated_operating_revenue": 38584642, 
        "long_term_average": 3643512, 
        "date": "2013-10-31", 
        "operating_revenue": 4218341, 
        "short_term_average": 3788281
    }, 
    {
        "accumulated_operating_revenue_yoy": 33.7171469372983, 
        "accumulated_operating_revenue": 42282223, 
        "long_term_average": 3711983, 
        "date": "2013-11-30", 
        "operating_revenue": 3697581, 
        "short_term_average": 3849758
    }, 
    {
        "accumulated_operating_revenue_yoy": 36.69723766083138, 
        "accumulated_operating_revenue": 46316067, 
        "long_term_average": 3859672, 
        "date": "2013-12-31", 
        "operating_revenue": 4033844, 
        "short_term_average": 3983255
    }, 
    {
        "accumulated_operating_revenue_yoy": 63.25832659465591, 
        "accumulated_operating_revenue": 4165035, 
        "long_term_average": 3994159, 
        "date": "2014-01-31", 
        "operating_revenue": 4165035, 
        "short_term_average": 3965486
    }, 
    {
        "accumulated_operating_revenue_yoy": 41.07200081797857, 
        "accumulated_operating_revenue": 7919555, 
        "long_term_average": 4051815, 
        "date": "2014-02-28", 
        "operating_revenue": 3754520, 
        "short_term_average": 3984466
    }, 
    {
        "accumulated_operating_revenue_yoy": 26.452523380416476, 
        "accumulated_operating_revenue": 11691512, 
        "long_term_average": 4063483, 
        "date": "2014-03-31", 
        "operating_revenue": 3771957, 
        "short_term_average": 3897170
    }, 
    {
        "accumulated_operating_revenue_yoy": 9.48022878074794, 
        "accumulated_operating_revenue": 15378864, 
        "long_term_average": 3970647, 
        "date": "2014-04-30", 
        "operating_revenue": 3687352, 
        "short_term_average": 3737943
    }, 
    {
        "accumulated_operating_revenue_yoy": 4.7491376019389655, 
        "accumulated_operating_revenue": 19533924, 
        "long_term_average": 3933475, 
        "date": "2014-05-31", 
        "operating_revenue": 4155060, 
        "short_term_average": 3871456
    }, 
    {
        "accumulated_operating_revenue_yoy": 2.2840718288492656, 
        "accumulated_operating_revenue": 23607935, 
        "long_term_average": 3903604, 
        "date": "2014-06-30", 
        "operating_revenue": 4074011, 
        "short_term_average": 3972141
    }, 
    {
        "accumulated_operating_revenue_yoy": 2.868000605000794, 
        "accumulated_operating_revenue": 28000463, 
        "long_term_average": 3924727, 
        "date": "2014-07-31", 
        "operating_revenue": 4392528, 
        "short_term_average": 4207199
    }, 
    {
        "accumulated_operating_revenue_yoy": 5.6118274107645, 
        "accumulated_operating_revenue": 32457628, 
        "long_term_average": 4003395, 
        "date": "2014-08-31", 
        "operating_revenue": 4457165, 
        "short_term_average": 4307901
    }, 
    {
        "accumulated_operating_revenue_yoy": 6.786319540179782, 
        "accumulated_operating_revenue": 36698508, 
        "long_term_average": 4054022, 
        "date": "2014-09-30", 
        "operating_revenue": 4240880, 
        "short_term_average": 4363524
    }, 
    {
        "accumulated_operating_revenue_yoy": 5.879940521412639, 
        "accumulated_operating_revenue": 40853396, 
        "long_term_average": 4048735, 
        "date": "2014-10-31", 
        "operating_revenue": 4154888, 
        "short_term_average": 4284311
    }, 
    {
        "accumulated_operating_revenue_yoy": 6.301922678001107, 
        "accumulated_operating_revenue": 44946816, 
        "long_term_average": 4081721, 
        "date": "2014-11-30", 
        "operating_revenue": 4093420, 
        "short_term_average": 4163062
    }, 
    {
        "accumulated_operating_revenue_yoy": 6.024524923500088, 
        "accumulated_operating_revenue": 49106390, 
        "long_term_average": 4092199, 
        "date": "2014-12-31", 
        "operating_revenue": 4159574, 
        "short_term_average": 4135960
    }, 
    {
        "accumulated_operating_revenue_yoy": -4.351392005109201, 
        "accumulated_operating_revenue": 3983798, 
        "long_term_average": 4077096, 
        "date": "2015-01-31", 
        "operating_revenue": 3983798, 
        "short_term_average": 4078930
    }, 
    {
        "accumulated_operating_revenue_yoy": 0.37468014301308594, 
        "accumulated_operating_revenue": 7949228, 
        "long_term_average": 4094671, 
        "date": "2015-02-28", 
        "operating_revenue": 3965430, 
        "short_term_average": 4036267
    }, 
    {
        "accumulated_operating_revenue_yoy": 2.877566220690703, 
        "accumulated_operating_revenue": 12027943, 
        "long_term_average": 4120235, 
        "date": "2015-03-31", 
        "operating_revenue": 4078715, 
        "short_term_average": 4009314
    }, 
    {
        "accumulated_operating_revenue_yoy": 3.6589763717268062, 
        "accumulated_operating_revenue": 15941573, 
        "long_term_average": 4139091, 
        "date": "2015-04-30", 
        "operating_revenue": 3913630, 
        "short_term_average": 3985925
    }, 
    {
        "accumulated_operating_revenue_yoy": 1.0511098538112467, 
        "accumulated_operating_revenue": 19739247, 
        "long_term_average": 4109309, 
        "date": "2015-05-31", 
        "operating_revenue": 3797674, 
        "short_term_average": 3930006
    }, 
    {
        "accumulated_operating_revenue_yoy": -1.7969212470298652, 
        "accumulated_operating_revenue": 23183719, 
        "long_term_average": 4056847, 
        "date": "2015-06-30", 
        "operating_revenue": 3444472, 
        "short_term_average": 3718592
    }, 
    {
        "accumulated_operating_revenue_yoy": -4.602045330464715, 
        "accumulated_operating_revenue": 26711869, 
        "long_term_average": 3984816, 
        "date": "2015-07-31", 
        "operating_revenue": 3528150, 
        "short_term_average": 3590098
    }, 
    {
        "accumulated_operating_revenue_yoy": -6.622082796684959, 
        "accumulated_operating_revenue": 30308257, 
        "long_term_average": 3913084, 
        "date": "2015-08-31", 
        "operating_revenue": 3596388, 
        "short_term_average": 3523003
    }, 
    {
        "accumulated_operating_revenue_yoy": -8.658305672808279, 
        "accumulated_operating_revenue": 33521039, 
        "long_term_average": 3827410, 
        "date": "2015-09-30", 
        "operating_revenue": 3212782, 
        "short_term_average": 3445773
    }, 
    {
        "accumulated_operating_revenue_yoy": -9.59098969397795, 
        "accumulated_operating_revenue": 36935151, 
        "long_term_average": 3765678, 
        "date": "2015-10-31", 
        "operating_revenue": 3414112, 
        "short_term_average": 3407760
    }
]