[
    {
        "date": "2011-09-30", 
        "operating_revenue": 32914787, 
        "accumulated_operating_revenue": 32914787, 
        "long_term_average": 32914787, 
        "short_term_average": 32914787
    }, 
    {
        "date": "2011-10-31", 
        "operating_revenue": 31210263, 
        "accumulated_operating_revenue": 64125050, 
        "long_term_average": 32062525, 
        "short_term_average": 32062525
    }, 
    {
        "date": "2011-11-30", 
        "operating_revenue": 30579406, 
        "accumulated_operating_revenue": 94704456, 
        "long_term_average": 31568152, 
        "short_term_average": 31568152
    }, 
    {
        "date": "2011-12-31", 
        "operating_revenue": 27715671, 
        "accumulated_operating_revenue": 122420127, 
        "long_term_average": 30605031, 
        "short_term_average": 29835113
    }, 
    {
        "date": "2012-01-31", 
        "operating_revenue": 21705583, 
        "accumulated_operating_revenue": 21705583, 
        "long_term_average": 28825142, 
        "short_term_average": 26666886
    }, 
    {
        "date": "2012-02-29", 
        "operating_revenue": 27955213, 
        "accumulated_operating_revenue": 49660796, 
        "long_term_average": 28680153, 
        "short_term_average": 25792155
    }, 
    {
        "date": "2012-03-31", 
        "operating_revenue": 31440854, 
        "accumulated_operating_revenue": 81101650, 
        "long_term_average": 29074539, 
        "short_term_average": 27033883
    }, 
    {
        "date": "2012-04-30", 
        "operating_revenue": 30360549, 
        "accumulated_operating_revenue": 111462199, 
        "long_term_average": 29235290, 
        "short_term_average": 29918872
    }, 
    {
        "date": "2012-05-31", 
        "operating_revenue": 31401908, 
        "accumulated_operating_revenue": 142864107, 
        "long_term_average": 29476026, 
        "short_term_average": 31067770
    }, 
    {
        "date": "2012-06-30", 
        "operating_revenue": 33426082, 
        "accumulated_operating_revenue": 176290189, 
        "long_term_average": 29871031, 
        "short_term_average": 31729513
    }, 
    {
        "date": "2012-07-31", 
        "operating_revenue": 31719201, 
        "accumulated_operating_revenue": 208009390, 
        "long_term_average": 30039047, 
        "short_term_average": 32182397
    }, 
    {
        "date": "2012-08-31", 
        "operating_revenue": 35103151, 
        "accumulated_operating_revenue": 243112541, 
        "long_term_average": 30461055, 
        "short_term_average": 33416144
    }, 
    {
        "accumulated_operating_revenue_yoy": 747.8581738961276, 
        "accumulated_operating_revenue": 279070712, 
        "long_term_average": 30714671, 
        "date": "2012-09-30", 
        "operating_revenue": 35958171, 
        "short_term_average": 34260174
    }, 
    {
        "accumulated_operating_revenue_yoy": 387.35853617268134, 
        "accumulated_operating_revenue": 312518905, 
        "long_term_average": 30901165, 
        "date": "2012-10-31", 
        "operating_revenue": 33448193, 
        "short_term_average": 34836505
    }, 
    {
        "accumulated_operating_revenue_yoy": 265.7904280660247, 
        "accumulated_operating_revenue": 346419835, 
        "long_term_average": 31177958, 
        "date": "2012-11-30", 
        "operating_revenue": 33900930, 
        "short_term_average": 34435764
    }, 
    {
        "accumulated_operating_revenue_yoy": 209.15744353050704, 
        "accumulated_operating_revenue": 378470935, 
        "long_term_average": 31539244, 
        "date": "2012-12-31", 
        "operating_revenue": 32051100, 
        "short_term_average": 33133407
    }, 
    {
        "accumulated_operating_revenue_yoy": 31.739916868392797, 
        "accumulated_operating_revenue": 28594917, 
        "long_term_average": 32113355, 
        "date": "2013-01-31", 
        "operating_revenue": 28594917, 
        "short_term_average": 31515649
    }, 
    {
        "accumulated_operating_revenue_yoy": 13.424341808778095, 
        "accumulated_operating_revenue": 56327431, 
        "long_term_average": 32094797, 
        "date": "2013-02-28", 
        "operating_revenue": 27732514, 
        "short_term_average": 29459510
    }, 
    {
        "accumulated_operating_revenue_yoy": 16.2050081595134, 
        "accumulated_operating_revenue": 94244179, 
        "long_term_average": 32634455, 
        "date": "2013-03-31", 
        "operating_revenue": 37916748, 
        "short_term_average": 31414726
    }, 
    {
        "accumulated_operating_revenue_yoy": 17.751916952580487, 
        "accumulated_operating_revenue": 131248876, 
        "long_term_average": 33188134, 
        "date": "2013-04-30", 
        "operating_revenue": 37004697, 
        "short_term_average": 34217986
    }, 
    {
        "accumulated_operating_revenue_yoy": 18.67808056225067, 
        "accumulated_operating_revenue": 169548380, 
        "long_term_average": 33762934, 
        "date": "2013-05-31", 
        "operating_revenue": 38299504, 
        "short_term_average": 37740316
    }, 
    {
        "accumulated_operating_revenue_yoy": 17.181230658275602, 
        "accumulated_operating_revenue": 206579013, 
        "long_term_average": 34063313, 
        "date": "2013-06-30", 
        "operating_revenue": 37030633, 
        "short_term_average": 37444944
    }, 
    {
        "accumulated_operating_revenue_yoy": 15.1910170978339, 
        "accumulated_operating_revenue": 239608132, 
        "long_term_average": 34172473, 
        "date": "2013-07-31", 
        "operating_revenue": 33029119, 
        "short_term_average": 36119752
    }, 
    {
        "accumulated_operating_revenue_yoy": 13.841536459445752, 
        "accumulated_operating_revenue": 276763052, 
        "long_term_average": 34343453, 
        "date": "2013-08-31", 
        "operating_revenue": 37154920, 
        "short_term_average": 35738224
    }, 
    {
        "accumulated_operating_revenue_yoy": 12.394375515837003, 
        "accumulated_operating_revenue": 313659784, 
        "long_term_average": 34421667, 
        "date": "2013-09-30", 
        "operating_revenue": 36896732, 
        "short_term_average": 35693590
    }, 
    {
        "accumulated_operating_revenue_yoy": 11.219389431816932, 
        "accumulated_operating_revenue": 347581618, 
        "long_term_average": 34461137, 
        "date": "2013-10-31", 
        "operating_revenue": 33921834, 
        "short_term_average": 35991162
    }, 
    {
        "accumulated_operating_revenue_yoy": 10.557709837833045, 
        "accumulated_operating_revenue": 382993836, 
        "long_term_average": 34587078, 
        "date": "2013-11-30", 
        "operating_revenue": 35412218, 
        "short_term_average": 35410261
    }, 
    {
        "accumulated_operating_revenue_yoy": 10.011883739500366, 
        "accumulated_operating_revenue": 416363005, 
        "long_term_average": 34696917, 
        "date": "2013-12-31", 
        "operating_revenue": 33369169, 
        "short_term_average": 34234407
    }, 
    {
        "accumulated_operating_revenue_yoy": 10.523349307151337, 
        "accumulated_operating_revenue": 31604060, 
        "long_term_average": 34947679, 
        "date": "2014-01-31", 
        "operating_revenue": 31604060, 
        "short_term_average": 33461815
    }, 
    {
        "accumulated_operating_revenue_yoy": 6.1378833343207155, 
        "accumulated_operating_revenue": 59784743, 
        "long_term_average": 34985026, 
        "date": "2014-02-28", 
        "operating_revenue": 28180683, 
        "short_term_average": 31051304
    }, 
    {
        "accumulated_operating_revenue_yoy": -0.4695579129613936, 
        "accumulated_operating_revenue": 93801648, 
        "long_term_average": 34660039, 
        "date": "2014-03-31", 
        "operating_revenue": 34016905, 
        "short_term_average": 31267216
    }, 
    {
        "accumulated_operating_revenue_yoy": -3.4250975223589726, 
        "accumulated_operating_revenue": 126753474, 
        "long_term_average": 34322300, 
        "date": "2014-04-30", 
        "operating_revenue": 32951826, 
        "short_term_average": 31716471
    }, 
    {
        "accumulated_operating_revenue_yoy": -4.600818362286918, 
        "accumulated_operating_revenue": 161747767, 
        "long_term_average": 34046866, 
        "date": "2014-05-31", 
        "operating_revenue": 34994293, 
        "short_term_average": 33987674
    }, 
    {
        "accumulated_operating_revenue_yoy": -5.196707469988735, 
        "accumulated_operating_revenue": 195843706, 
        "long_term_average": 33802308, 
        "date": "2014-06-30", 
        "operating_revenue": 34095939, 
        "short_term_average": 34014019
    }, 
    {
        "accumulated_operating_revenue_yoy": -3.3400310470264003, 
        "accumulated_operating_revenue": 231605146, 
        "long_term_average": 34030001, 
        "date": "2014-07-31", 
        "operating_revenue": 35761440, 
        "short_term_average": 34950557
    }, 
    {
        "accumulated_operating_revenue_yoy": -3.486681090653676, 
        "accumulated_operating_revenue": 267113207, 
        "long_term_average": 33892763, 
        "date": "2014-08-31", 
        "operating_revenue": 35508061, 
        "short_term_average": 35121813
    }, 
    {
        "accumulated_operating_revenue_yoy": -3.484533739269552, 
        "accumulated_operating_revenue": 302730203, 
        "long_term_average": 33786118, 
        "date": "2014-09-30", 
        "operating_revenue": 35616996, 
        "short_term_average": 35628832
    }, 
    {
        "accumulated_operating_revenue_yoy": -2.2603528475432784, 
        "accumulated_operating_revenue": 339725047, 
        "long_term_average": 34042202, 
        "date": "2014-10-31", 
        "operating_revenue": 36994844, 
        "short_term_average": 36039967
    }, 
    {
        "accumulated_operating_revenue_yoy": -2.218146664898283, 
        "accumulated_operating_revenue": 374498471, 
        "long_term_average": 33988970, 
        "date": "2014-11-30", 
        "operating_revenue": 34773424, 
        "short_term_average": 35795088
    }, 
    {
        "accumulated_operating_revenue_yoy": -1.9656542252114835, 
        "accumulated_operating_revenue": 408178748, 
        "long_term_average": 34014895, 
        "date": "2014-12-31", 
        "operating_revenue": 33680277, 
        "short_term_average": 35149515
    }, 
    {
        "accumulated_operating_revenue_yoy": 1.71166932349831, 
        "accumulated_operating_revenue": 32145017, 
        "long_term_average": 34059975, 
        "date": "2015-01-31", 
        "operating_revenue": 32145017, 
        "short_term_average": 33532906
    }, 
    {
        "accumulated_operating_revenue_yoy": 1.1943231068167341, 
        "accumulated_operating_revenue": 60498766, 
        "long_term_average": 34074397, 
        "date": "2015-02-28", 
        "operating_revenue": 28353749, 
        "short_term_average": 31393014
    }, 
    {
        "accumulated_operating_revenue_yoy": 1.5994249909127396, 
        "accumulated_operating_revenue": 95301935, 
        "long_term_average": 34139919, 
        "date": "2015-03-31", 
        "operating_revenue": 34803169, 
        "short_term_average": 31767311
    }, 
    {
        "accumulated_operating_revenue_yoy": -0.7172742263458594, 
        "accumulated_operating_revenue": 125844304, 
        "long_term_average": 33939131, 
        "date": "2015-04-30", 
        "operating_revenue": 30542369, 
        "short_term_average": 31233095
    }, 
    {
        "accumulated_operating_revenue_yoy": -2.9070021102671544, 
        "accumulated_operating_revenue": 157045756, 
        "long_term_average": 33623061, 
        "date": "2015-05-31", 
        "operating_revenue": 31201452, 
        "short_term_average": 32182330
    }, 
    {
        "accumulated_operating_revenue_yoy": -4.206564085342626, 
        "accumulated_operating_revenue": 187605415, 
        "long_term_average": 33328371, 
        "date": "2015-06-30", 
        "operating_revenue": 30559659, 
        "short_term_average": 30767826
    }, 
    {
        "accumulated_operating_revenue_yoy": -7.170931771956397, 
        "accumulated_operating_revenue": 214996899, 
        "long_term_average": 32630875, 
        "date": "2015-07-31", 
        "operating_revenue": 27391484, 
        "short_term_average": 29717531
    }, 
    {
        "accumulated_operating_revenue_yoy": -8.095037397383349, 
        "accumulated_operating_revenue": 245490293, 
        "long_term_average": 32212986, 
        "date": "2015-08-31", 
        "operating_revenue": 30493394, 
        "short_term_average": 29481512
    }, 
    {
        "accumulated_operating_revenue_yoy": -8.53096180826067, 
        "accumulated_operating_revenue": 276904405, 
        "long_term_average": 31862745, 
        "date": "2015-09-30", 
        "operating_revenue": 31414112, 
        "short_term_average": 29766330
    }, 
    {
        "accumulated_operating_revenue_yoy": -9.898438545215654, 
        "accumulated_operating_revenue": 306097572, 
        "long_term_average": 31212606, 
        "date": "2015-10-31", 
        "operating_revenue": 29193167, 
        "short_term_average": 30366891
    }
]