[
    {
        "date": "2012-01-31", 
        "operating_revenue": 19524222, 
        "accumulated_operating_revenue": 19524222, 
        "long_term_average": 19524222, 
        "short_term_average": 19524222
    }, 
    {
        "date": "2012-02-29", 
        "operating_revenue": 18058459, 
        "accumulated_operating_revenue": 37582681, 
        "long_term_average": 18791340, 
        "short_term_average": 18791340
    }, 
    {
        "date": "2012-03-31", 
        "operating_revenue": 17901184, 
        "accumulated_operating_revenue": 55483865, 
        "long_term_average": 18494621, 
        "short_term_average": 18494621
    }, 
    {
        "date": "2012-04-30", 
        "operating_revenue": 18021275, 
        "accumulated_operating_revenue": 73505140, 
        "long_term_average": 18376285, 
        "short_term_average": 17993639
    }, 
    {
        "date": "2012-05-31", 
        "operating_revenue": 18030506, 
        "accumulated_operating_revenue": 91535646, 
        "long_term_average": 18307129, 
        "short_term_average": 17984321
    }, 
    {
        "date": "2012-06-30", 
        "operating_revenue": 18348724, 
        "accumulated_operating_revenue": 109884370, 
        "long_term_average": 18314061, 
        "short_term_average": 18133501
    }, 
    {
        "date": "2012-07-31", 
        "operating_revenue": 18782183, 
        "accumulated_operating_revenue": 128666553, 
        "long_term_average": 18380936, 
        "short_term_average": 18387137
    }, 
    {
        "date": "2012-08-31", 
        "operating_revenue": 18900038, 
        "accumulated_operating_revenue": 147566591, 
        "long_term_average": 18445823, 
        "short_term_average": 18676981
    }, 
    {
        "date": "2012-09-30", 
        "operating_revenue": 17602386, 
        "accumulated_operating_revenue": 165168977, 
        "long_term_average": 18352108, 
        "short_term_average": 18428202
    }, 
    {
        "date": "2012-10-31", 
        "operating_revenue": 17877894, 
        "accumulated_operating_revenue": 183046871, 
        "long_term_average": 18304687, 
        "short_term_average": 18126772
    }, 
    {
        "date": "2012-11-30", 
        "operating_revenue": 18074744, 
        "accumulated_operating_revenue": 201121615, 
        "long_term_average": 18283783, 
        "short_term_average": 17851674
    }, 
    {
        "date": "2012-12-31", 
        "operating_revenue": 20298212, 
        "accumulated_operating_revenue": 221419827, 
        "long_term_average": 18451652, 
        "short_term_average": 18750283
    }, 
    {
        "accumulated_operating_revenue_yoy": 1.7946220853256023, 
        "accumulated_operating_revenue": 19874608, 
        "long_term_average": 18480851, 
        "date": "2013-01-31", 
        "operating_revenue": 19874608, 
        "short_term_average": 19415854
    }, 
    {
        "accumulated_operating_revenue_yoy": 4.104422459909126, 
        "accumulated_operating_revenue": 39125233, 
        "long_term_average": 18580198, 
        "date": "2013-02-28", 
        "operating_revenue": 19250625, 
        "short_term_average": 19807815
    }, 
    {
        "accumulated_operating_revenue_yoy": 2.042265801057659, 
        "accumulated_operating_revenue": 56616993, 
        "long_term_average": 18546079, 
        "date": "2013-03-31", 
        "operating_revenue": 17491760, 
        "short_term_average": 18872331
    }, 
    {
        "accumulated_operating_revenue_yoy": 2.190674012728906, 
        "accumulated_operating_revenue": 75115398, 
        "long_term_average": 18585840, 
        "date": "2013-04-30", 
        "operating_revenue": 18498405, 
        "short_term_average": 18413596
    }, 
    {
        "accumulated_operating_revenue_yoy": 2.36932178312261, 
        "accumulated_operating_revenue": 93704420, 
        "long_term_average": 18632383, 
        "date": "2013-05-31", 
        "operating_revenue": 18589022, 
        "short_term_average": 18193062
    }, 
    {
        "accumulated_operating_revenue_yoy": 2.3393499912680937, 
        "accumulated_operating_revenue": 112454950, 
        "long_term_average": 18665867, 
        "date": "2013-06-30", 
        "operating_revenue": 18750530, 
        "short_term_average": 18612652
    }, 
    {
        "accumulated_operating_revenue_yoy": 1.8820563258580496, 
        "accumulated_operating_revenue": 131088130, 
        "long_term_average": 18653450, 
        "date": "2013-07-31", 
        "operating_revenue": 18633180, 
        "short_term_average": 18657577
    }, 
    {
        "accumulated_operating_revenue_yoy": 1.7764305472097002, 
        "accumulated_operating_revenue": 150188009, 
        "long_term_average": 18670103, 
        "date": "2013-08-31", 
        "operating_revenue": 19099879, 
        "short_term_average": 18827863
    }, 
    {
        "accumulated_operating_revenue_yoy": 2.4273783568932563, 
        "accumulated_operating_revenue": 169178253, 
        "long_term_average": 18785758, 
        "date": "2013-09-30", 
        "operating_revenue": 18990244, 
        "short_term_average": 18907767
    }, 
    {
        "accumulated_operating_revenue_yoy": 2.731446308087943, 
        "accumulated_operating_revenue": 188046698, 
        "long_term_average": 18868304, 
        "date": "2013-10-31", 
        "operating_revenue": 18868445, 
        "short_term_average": 18986189
    }, 
    {
        "accumulated_operating_revenue_yoy": 3.034146777311827, 
        "accumulated_operating_revenue": 207223940, 
        "long_term_average": 18960179, 
        "date": "2013-11-30", 
        "operating_revenue": 19177242, 
        "short_term_average": 19011977
    }, 
    {
        "accumulated_operating_revenue_yoy": 2.963366510082225, 
        "accumulated_operating_revenue": 227981308, 
        "long_term_average": 18998442, 
        "date": "2013-12-31", 
        "operating_revenue": 20757368, 
        "short_term_average": 19601018
    }, 
    {
        "accumulated_operating_revenue_yoy": -2.819889579708943, 
        "accumulated_operating_revenue": 19314166, 
        "long_term_average": 18951738, 
        "date": "2014-01-31", 
        "operating_revenue": 19314166, 
        "short_term_average": 19749592
    }, 
    {
        "accumulated_operating_revenue_yoy": -3.8793660347019534, 
        "accumulated_operating_revenue": 37607422, 
        "long_term_average": 18871958, 
        "date": "2014-02-28", 
        "operating_revenue": 18293256, 
        "short_term_average": 19454930
    }, 
    {
        "accumulated_operating_revenue_yoy": -2.767861585301784, 
        "accumulated_operating_revenue": 55049913, 
        "long_term_average": 18867852, 
        "date": "2014-03-31", 
        "operating_revenue": 17442491, 
        "short_term_average": 18349971
    }, 
    {
        "accumulated_operating_revenue_yoy": -2.2240380061621985, 
        "accumulated_operating_revenue": 73444803, 
        "long_term_average": 18859226, 
        "date": "2014-04-30", 
        "operating_revenue": 18394890, 
        "short_term_average": 18043545
    }, 
    {
        "accumulated_operating_revenue_yoy": -1.7442613699545868, 
        "accumulated_operating_revenue": 92069970, 
        "long_term_average": 18862238, 
        "date": "2014-05-31", 
        "operating_revenue": 18625167, 
        "short_term_average": 18154182
    }, 
    {
        "accumulated_operating_revenue_yoy": -1.4412900454804347, 
        "accumulated_operating_revenue": 110834148, 
        "long_term_average": 18863375, 
        "date": "2014-06-30", 
        "operating_revenue": 18764178, 
        "short_term_average": 18594745
    }, 
    {
        "accumulated_operating_revenue_yoy": -1.390617136730839, 
        "accumulated_operating_revenue": 129265196, 
        "long_term_average": 18846531, 
        "date": "2014-07-31", 
        "operating_revenue": 18431048, 
        "short_term_average": 18606797
    }, 
    {
        "accumulated_operating_revenue_yoy": -1.5706992959737553, 
        "accumulated_operating_revenue": 147829007, 
        "long_term_average": 18801858, 
        "date": "2014-08-31", 
        "operating_revenue": 18563811, 
        "short_term_average": 18586345
    }, 
    {
        "accumulated_operating_revenue_yoy": -1.302941105556871, 
        "accumulated_operating_revenue": 166973960, 
        "long_term_average": 18814751, 
        "date": "2014-09-30", 
        "operating_revenue": 19144953, 
        "short_term_average": 18713270
    }, 
    {
        "accumulated_operating_revenue_yoy": -1.0846507924324202, 
        "accumulated_operating_revenue": 186007048, 
        "long_term_average": 18828471, 
        "date": "2014-10-31", 
        "operating_revenue": 19033088, 
        "short_term_average": 18913950
    }, 
    {
        "accumulated_operating_revenue_yoy": -0.8039867401420897, 
        "accumulated_operating_revenue": 205557887, 
        "long_term_average": 18859604, 
        "date": "2014-11-30", 
        "operating_revenue": 19550839, 
        "short_term_average": 19242960
    }, 
    {
        "accumulated_operating_revenue_yoy": -0.5686975004108671, 
        "accumulated_operating_revenue": 226684784, 
        "long_term_average": 18890398, 
        "date": "2014-12-31", 
        "operating_revenue": 21126897, 
        "short_term_average": 19903608
    }, 
    {
        "accumulated_operating_revenue_yoy": 0.06205807695760717, 
        "accumulated_operating_revenue": 19326152, 
        "long_term_average": 18891397, 
        "date": "2015-01-31", 
        "operating_revenue": 19326152, 
        "short_term_average": 20001296
    }, 
    {
        "accumulated_operating_revenue_yoy": 2.1439092528065338, 
        "accumulated_operating_revenue": 38413691, 
        "long_term_average": 18957587, 
        "date": "2015-02-28", 
        "operating_revenue": 19087539, 
        "short_term_average": 19846862
    }, 
    {
        "accumulated_operating_revenue_yoy": 2.5840367813115344, 
        "accumulated_operating_revenue": 56472423, 
        "long_term_average": 19008941, 
        "date": "2015-03-31", 
        "operating_revenue": 18058732, 
        "short_term_average": 18824141
    }, 
    {
        "accumulated_operating_revenue_yoy": 2.662648574331393, 
        "accumulated_operating_revenue": 75400380, 
        "long_term_average": 19053363, 
        "date": "2015-04-30", 
        "operating_revenue": 18927957, 
        "short_term_average": 18691409
    }, 
    {
        "accumulated_operating_revenue_yoy": 2.369243739299578, 
        "accumulated_operating_revenue": 94251332, 
        "long_term_average": 19072178, 
        "date": "2015-05-31", 
        "operating_revenue": 18850952, 
        "short_term_average": 18612547
    }, 
    {
        "accumulated_operating_revenue_yoy": 2.3057722246396484, 
        "accumulated_operating_revenue": 113389731, 
        "long_term_average": 19103363, 
        "date": "2015-06-30", 
        "operating_revenue": 19138399, 
        "short_term_average": 18972436
    }, 
    {
        "accumulated_operating_revenue_yoy": 2.1518236045532317, 
        "accumulated_operating_revenue": 132046755, 
        "long_term_average": 19122195, 
        "date": "2015-07-31", 
        "operating_revenue": 18657024, 
        "short_term_average": 18882125
    }, 
    {
        "accumulated_operating_revenue_yoy": 2.047007594389104, 
        "accumulated_operating_revenue": 150855078, 
        "long_term_average": 19142571, 
        "date": "2015-08-31", 
        "operating_revenue": 18808323, 
        "short_term_average": 18867915
    }
]