[
    {
        "date": "2012-01-31", 
        "operating_revenue": 218368, 
        "accumulated_operating_revenue": 218368, 
        "long_term_average": 218368, 
        "short_term_average": 218368
    }, 
    {
        "date": "2012-02-29", 
        "operating_revenue": 227661, 
        "accumulated_operating_revenue": 446029, 
        "long_term_average": 223014, 
        "short_term_average": 223014
    }, 
    {
        "date": "2012-03-31", 
        "operating_revenue": 265406, 
        "accumulated_operating_revenue": 711435, 
        "long_term_average": 237145, 
        "short_term_average": 237145
    }, 
    {
        "date": "2012-04-30", 
        "operating_revenue": 278296, 
        "accumulated_operating_revenue": 989731, 
        "long_term_average": 247432, 
        "short_term_average": 257121
    }, 
    {
        "date": "2012-05-31", 
        "operating_revenue": 278618, 
        "accumulated_operating_revenue": 1268349, 
        "long_term_average": 253669, 
        "short_term_average": 274106
    }, 
    {
        "date": "2012-06-30", 
        "operating_revenue": 264890, 
        "accumulated_operating_revenue": 1533239, 
        "long_term_average": 255539, 
        "short_term_average": 273934
    }, 
    {
        "date": "2012-07-31", 
        "operating_revenue": 340975, 
        "accumulated_operating_revenue": 1874214, 
        "long_term_average": 267744, 
        "short_term_average": 294827
    }, 
    {
        "date": "2012-08-31", 
        "operating_revenue": 322036, 
        "accumulated_operating_revenue": 2196250, 
        "long_term_average": 274531, 
        "short_term_average": 309300
    }, 
    {
        "date": "2012-09-30", 
        "operating_revenue": 247126, 
        "accumulated_operating_revenue": 2443376, 
        "long_term_average": 271486, 
        "short_term_average": 303379
    }, 
    {
        "date": "2012-10-31", 
        "operating_revenue": 327564, 
        "accumulated_operating_revenue": 2770940, 
        "long_term_average": 277094, 
        "short_term_average": 298908
    }, 
    {
        "date": "2012-11-30", 
        "operating_revenue": 389911, 
        "accumulated_operating_revenue": 3160851, 
        "long_term_average": 287350, 
        "short_term_average": 321533
    }, 
    {
        "date": "2012-12-31", 
        "operating_revenue": 332267, 
        "accumulated_operating_revenue": 3493118, 
        "long_term_average": 291093, 
        "short_term_average": 349914
    }, 
    {
        "accumulated_operating_revenue_yoy": 95.56391046307151, 
        "accumulated_operating_revenue": 427049, 
        "long_term_average": 308483, 
        "date": "2013-01-31", 
        "operating_revenue": 427049, 
        "short_term_average": 383075
    }, 
    {
        "accumulated_operating_revenue_yoy": 53.82564810808266, 
        "accumulated_operating_revenue": 686107, 
        "long_term_average": 311099, 
        "date": "2013-02-28", 
        "operating_revenue": 259058, 
        "short_term_average": 339458
    }, 
    {
        "accumulated_operating_revenue_yoy": 44.293153977524305, 
        "accumulated_operating_revenue": 1026552, 
        "long_term_average": 317352, 
        "date": "2013-03-31", 
        "operating_revenue": 340445, 
        "short_term_average": 342184
    }, 
    {
        "accumulated_operating_revenue_yoy": 40.50120689359028, 
        "accumulated_operating_revenue": 1390584, 
        "long_term_average": 324497, 
        "date": "2013-04-30", 
        "operating_revenue": 364032, 
        "short_term_average": 321178
    }, 
    {
        "accumulated_operating_revenue_yoy": 36.65844337796616, 
        "accumulated_operating_revenue": 1733306, 
        "long_term_average": 329839, 
        "date": "2013-05-31", 
        "operating_revenue": 342722, 
        "short_term_average": 349066
    }, 
    {
        "accumulated_operating_revenue_yoy": 33.56554327146649, 
        "accumulated_operating_revenue": 2047879, 
        "long_term_average": 333979, 
        "date": "2013-06-30", 
        "operating_revenue": 314573, 
        "short_term_average": 340442
    }, 
    {
        "accumulated_operating_revenue_yoy": 26.963249660924525, 
        "accumulated_operating_revenue": 2379563, 
        "long_term_average": 333205, 
        "date": "2013-07-31", 
        "operating_revenue": 331684, 
        "short_term_average": 329659
    }, 
    {
        "accumulated_operating_revenue_yoy": 24.960182128628343, 
        "accumulated_operating_revenue": 2744438, 
        "long_term_average": 336775, 
        "date": "2013-08-31", 
        "operating_revenue": 364875, 
        "short_term_average": 337044
    }, 
    {
        "accumulated_operating_revenue_yoy": 24.711955916731604, 
        "accumulated_operating_revenue": 3047182, 
        "long_term_average": 341410, 
        "date": "2013-09-30", 
        "operating_revenue": 302744, 
        "short_term_average": 333101
    }, 
    {
        "accumulated_operating_revenue_yoy": 22.015489328531114, 
        "accumulated_operating_revenue": 3380976, 
        "long_term_average": 341929, 
        "date": "2013-10-31", 
        "operating_revenue": 333794, 
        "short_term_average": 333804
    }, 
    {
        "accumulated_operating_revenue_yoy": 20.177857165681015, 
        "accumulated_operating_revenue": 3798643, 
        "long_term_average": 344242, 
        "date": "2013-11-30", 
        "operating_revenue": 417667, 
        "short_term_average": 351401
    }, 
    {
        "accumulated_operating_revenue_yoy": 19.896751269209915, 
        "accumulated_operating_revenue": 4188135, 
        "long_term_average": 349011, 
        "date": "2013-12-31", 
        "operating_revenue": 389492, 
        "short_term_average": 380317
    }, 
    {
        "accumulated_operating_revenue_yoy": -6.236052537296657, 
        "accumulated_operating_revenue": 400418, 
        "long_term_average": 346792, 
        "date": "2014-01-31", 
        "operating_revenue": 400418, 
        "short_term_average": 402525
    }, 
    {
        "accumulated_operating_revenue_yoy": -7.182990408201636, 
        "accumulated_operating_revenue": 636824, 
        "long_term_average": 344904, 
        "date": "2014-02-28", 
        "operating_revenue": 236406, 
        "short_term_average": 342105
    }, 
    {
        "accumulated_operating_revenue_yoy": 1.4500970238234399, 
        "accumulated_operating_revenue": 1041438, 
        "long_term_average": 350251, 
        "date": "2014-03-31", 
        "operating_revenue": 404614, 
        "short_term_average": 347146
    }, 
    {
        "accumulated_operating_revenue_yoy": 4.60173567364503, 
        "accumulated_operating_revenue": 1454575, 
        "long_term_average": 354343, 
        "date": "2014-04-30", 
        "operating_revenue": 413137, 
        "short_term_average": 351385
    }, 
    {
        "accumulated_operating_revenue_yoy": 5.971074928489257, 
        "accumulated_operating_revenue": 1836803, 
        "long_term_average": 357636, 
        "date": "2014-05-31", 
        "operating_revenue": 382228, 
        "short_term_average": 399993
    }, 
    {
        "accumulated_operating_revenue_yoy": 6.993235440179816, 
        "accumulated_operating_revenue": 2191092, 
        "long_term_average": 360945, 
        "date": "2014-06-30", 
        "operating_revenue": 354289, 
        "short_term_average": 383218
    }, 
    {
        "accumulated_operating_revenue_yoy": 6.924968996408164, 
        "accumulated_operating_revenue": 2544347, 
        "long_term_average": 362743, 
        "date": "2014-07-31", 
        "operating_revenue": 353255, 
        "short_term_average": 363257
    }, 
    {
        "accumulated_operating_revenue_yoy": 5.773458901239525, 
        "accumulated_operating_revenue": 2902887, 
        "long_term_average": 362215, 
        "date": "2014-08-31", 
        "operating_revenue": 358540, 
        "short_term_average": 355361
    }, 
    {
        "accumulated_operating_revenue_yoy": 7.317679088416773, 
        "accumulated_operating_revenue": 3270165, 
        "long_term_average": 367593, 
        "date": "2014-09-30", 
        "operating_revenue": 367278, 
        "short_term_average": 359691
    }, 
    {
        "accumulated_operating_revenue_yoy": 6.947490902035389, 
        "accumulated_operating_revenue": 3615869, 
        "long_term_average": 368585, 
        "date": "2014-10-31", 
        "operating_revenue": 345704, 
        "short_term_average": 357174
    }, 
    {
        "accumulated_operating_revenue_yoy": 4.220270238608893, 
        "accumulated_operating_revenue": 3958956, 
        "long_term_average": 362370, 
        "date": "2014-11-30", 
        "operating_revenue": 343087, 
        "short_term_average": 352023
    }, 
    {
        "accumulated_operating_revenue_yoy": 3.2343752051927646, 
        "accumulated_operating_revenue": 4323595, 
        "long_term_average": 360299, 
        "date": "2014-12-31", 
        "operating_revenue": 364639, 
        "short_term_average": 351143
    }, 
    {
        "accumulated_operating_revenue_yoy": 1.0608913685198966, 
        "accumulated_operating_revenue": 404666, 
        "long_term_average": 360653, 
        "date": "2015-01-31", 
        "operating_revenue": 404666, 
        "short_term_average": 370797
    }, 
    {
        "accumulated_operating_revenue_yoy": 8.762232579174151, 
        "accumulated_operating_revenue": 692624, 
        "long_term_average": 364949, 
        "date": "2015-02-28", 
        "operating_revenue": 287958, 
        "short_term_average": 352421
    }, 
    {
        "accumulated_operating_revenue_yoy": -2.2101171649200433, 
        "accumulated_operating_revenue": 1018421, 
        "long_term_average": 358381, 
        "date": "2015-03-31", 
        "operating_revenue": 325797, 
        "short_term_average": 339473
    }, 
    {
        "accumulated_operating_revenue_yoy": -3.01455751680044, 
        "accumulated_operating_revenue": 1410726, 
        "long_term_average": 356645, 
        "date": "2015-04-30", 
        "operating_revenue": 392305, 
        "short_term_average": 335353
    }, 
    {
        "accumulated_operating_revenue_yoy": -3.1800906248519847, 
        "accumulated_operating_revenue": 1778391, 
        "long_term_average": 355431, 
        "date": "2015-05-31", 
        "operating_revenue": 367665, 
        "short_term_average": 361922
    }, 
    {
        "accumulated_operating_revenue_yoy": -3.125792983589918, 
        "accumulated_operating_revenue": 2122603, 
        "long_term_average": 354592, 
        "date": "2015-06-30", 
        "operating_revenue": 344212, 
        "short_term_average": 368060
    }, 
    {
        "accumulated_operating_revenue_yoy": -0.3493627245025934, 
        "accumulated_operating_revenue": 2535458, 
        "long_term_average": 359558, 
        "date": "2015-07-31", 
        "operating_revenue": 412855, 
        "short_term_average": 374910
    }, 
    {
        "accumulated_operating_revenue_yoy": 1.0178143344883903, 
        "accumulated_operating_revenue": 2932433, 
        "long_term_average": 362761, 
        "date": "2015-08-31", 
        "operating_revenue": 396975, 
        "short_term_average": 384680
    }, 
    {
        "accumulated_operating_revenue_yoy": 0.3937110206977324, 
        "accumulated_operating_revenue": 3283040, 
        "long_term_average": 361372, 
        "date": "2015-09-30", 
        "operating_revenue": 350607, 
        "short_term_average": 386812
    }
]