[
    {
        "date": "2011-09-30", 
        "operating_revenue": 1536486, 
        "accumulated_operating_revenue": 1536486, 
        "long_term_average": 1536486, 
        "short_term_average": 1536486
    }, 
    {
        "date": "2011-10-31", 
        "operating_revenue": 1274719, 
        "accumulated_operating_revenue": 2811205, 
        "long_term_average": 1405602, 
        "short_term_average": 1405602
    }, 
    {
        "date": "2011-11-30", 
        "operating_revenue": 1302880, 
        "accumulated_operating_revenue": 4114085, 
        "long_term_average": 1371361, 
        "short_term_average": 1371361
    }, 
    {
        "date": "2011-12-31", 
        "operating_revenue": 1555517, 
        "accumulated_operating_revenue": 5669602, 
        "long_term_average": 1417400, 
        "short_term_average": 1377705
    }, 
    {
        "date": "2012-01-31", 
        "operating_revenue": 1105314, 
        "accumulated_operating_revenue": 1105314, 
        "long_term_average": 1354983, 
        "short_term_average": 1321237
    }, 
    {
        "date": "2012-02-29", 
        "operating_revenue": 1164107, 
        "accumulated_operating_revenue": 2269421, 
        "long_term_average": 1323170, 
        "short_term_average": 1274979
    }, 
    {
        "date": "2012-03-31", 
        "operating_revenue": 1229558, 
        "accumulated_operating_revenue": 3498979, 
        "long_term_average": 1309797, 
        "short_term_average": 1166326
    }, 
    {
        "date": "2012-04-30", 
        "operating_revenue": 1145192, 
        "accumulated_operating_revenue": 4644171, 
        "long_term_average": 1289221, 
        "short_term_average": 1179619
    }, 
    {
        "date": "2012-05-31", 
        "operating_revenue": 1265279, 
        "accumulated_operating_revenue": 5909450, 
        "long_term_average": 1286561, 
        "short_term_average": 1213343
    }, 
    {
        "date": "2012-06-30", 
        "operating_revenue": 1340169, 
        "accumulated_operating_revenue": 7249619, 
        "long_term_average": 1291922, 
        "short_term_average": 1250213
    }, 
    {
        "date": "2012-07-31", 
        "operating_revenue": 1387623, 
        "accumulated_operating_revenue": 8637242, 
        "long_term_average": 1300622, 
        "short_term_average": 1331023
    }, 
    {
        "date": "2012-08-31", 
        "operating_revenue": 1456940, 
        "accumulated_operating_revenue": 10094182, 
        "long_term_average": 1313648, 
        "short_term_average": 1394910
    }, 
    {
        "accumulated_operating_revenue_yoy": 645.4294409451176, 
        "accumulated_operating_revenue": 11453419, 
        "long_term_average": 1298877, 
        "date": "2012-09-30", 
        "operating_revenue": 1359237, 
        "short_term_average": 1401266
    }, 
    {
        "accumulated_operating_revenue_yoy": 353.4175202448772, 
        "accumulated_operating_revenue": 12746496, 
        "long_term_average": 1300407, 
        "date": "2012-10-31", 
        "operating_revenue": 1293077, 
        "short_term_average": 1369751
    }, 
    {
        "accumulated_operating_revenue_yoy": 243.79914367350213, 
        "accumulated_operating_revenue": 14144189, 
        "long_term_average": 1308308, 
        "date": "2012-11-30", 
        "operating_revenue": 1397693, 
        "short_term_average": 1350002
    }, 
    {
        "accumulated_operating_revenue_yoy": 172.886950442024, 
        "accumulated_operating_revenue": 15471604, 
        "long_term_average": 1289300, 
        "date": "2012-12-31", 
        "operating_revenue": 1327415, 
        "short_term_average": 1339395
    }, 
    {
        "accumulated_operating_revenue_yoy": 15.370112022466015, 
        "accumulated_operating_revenue": 1275202, 
        "long_term_average": 1303457, 
        "date": "2013-01-31", 
        "operating_revenue": 1275202, 
        "short_term_average": 1333436
    }, 
    {
        "accumulated_operating_revenue_yoy": -6.859723250996621, 
        "accumulated_operating_revenue": 2113745, 
        "long_term_average": 1276327, 
        "date": "2013-02-28", 
        "operating_revenue": 838543, 
        "short_term_average": 1147053
    }, 
    {
        "accumulated_operating_revenue_yoy": -6.49252253300177, 
        "accumulated_operating_revenue": 3271807, 
        "long_term_average": 1270369, 
        "date": "2013-03-31", 
        "operating_revenue": 1158062, 
        "short_term_average": 1090602
    }, 
    {
        "accumulated_operating_revenue_yoy": -6.471940848000644, 
        "accumulated_operating_revenue": 4343603, 
        "long_term_average": 1264253, 
        "date": "2013-04-30", 
        "operating_revenue": 1071796, 
        "short_term_average": 1022800
    }, 
    {
        "accumulated_operating_revenue_yoy": -7.950570696088469, 
        "accumulated_operating_revenue": 5439615, 
        "long_term_average": 1250147, 
        "date": "2013-05-31", 
        "operating_revenue": 1096012, 
        "short_term_average": 1108623
    }, 
    {
        "accumulated_operating_revenue_yoy": -8.614880313020588, 
        "accumulated_operating_revenue": 6625073, 
        "long_term_average": 1237254, 
        "date": "2013-06-30", 
        "operating_revenue": 1185458, 
        "short_term_average": 1117755
    }, 
    {
        "accumulated_operating_revenue_yoy": -8.968302613264743, 
        "accumulated_operating_revenue": 7862628, 
        "long_term_average": 1224749, 
        "date": "2013-07-31", 
        "operating_revenue": 1237555, 
        "short_term_average": 1173008
    }, 
    {
        "accumulated_operating_revenue_yoy": -9.614429381201964, 
        "accumulated_operating_revenue": 9123684, 
        "long_term_average": 1208425, 
        "date": "2013-08-31", 
        "operating_revenue": 1261056, 
        "short_term_average": 1228023
    }, 
    {
        "accumulated_operating_revenue_yoy": -9.340887642371243, 
        "accumulated_operating_revenue": 10383568, 
        "long_term_average": 1200146, 
        "date": "2013-09-30", 
        "operating_revenue": 1259884, 
        "short_term_average": 1252831
    }, 
    {
        "accumulated_operating_revenue_yoy": -8.417364270149223, 
        "accumulated_operating_revenue": 11673577, 
        "long_term_average": 1199890, 
        "date": "2013-10-31", 
        "operating_revenue": 1290009, 
        "short_term_average": 1270316
    }, 
    {
        "accumulated_operating_revenue_yoy": -8.685708314559427, 
        "accumulated_operating_revenue": 12915666, 
        "long_term_average": 1186923, 
        "date": "2013-11-30", 
        "operating_revenue": 1242089, 
        "short_term_average": 1263994
    }, 
    {
        "accumulated_operating_revenue_yoy": -6.342063822212617, 
        "accumulated_operating_revenue": 14490385, 
        "long_term_average": 1207532, 
        "date": "2013-12-31", 
        "operating_revenue": 1574719, 
        "short_term_average": 1368939
    }, 
    {
        "accumulated_operating_revenue_yoy": -0.8539823494630654, 
        "accumulated_operating_revenue": 1264312, 
        "long_term_average": 1206624, 
        "date": "2014-01-31", 
        "operating_revenue": 1264312, 
        "short_term_average": 1360373
    }, 
    {
        "accumulated_operating_revenue_yoy": 5.881031060984177, 
        "accumulated_operating_revenue": 2238055, 
        "long_term_average": 1217891, 
        "date": "2014-02-28", 
        "operating_revenue": 973743, 
        "short_term_average": 1270924
    }, 
    {
        "accumulated_operating_revenue_yoy": 3.6888483947861226, 
        "accumulated_operating_revenue": 3392499, 
        "long_term_average": 1217589, 
        "date": "2014-03-31", 
        "operating_revenue": 1154444, 
        "short_term_average": 1130833
    }, 
    {
        "accumulated_operating_revenue_yoy": 6.487402278707331, 
        "accumulated_operating_revenue": 4625390, 
        "long_term_average": 1231014, 
        "date": "2014-04-30", 
        "operating_revenue": 1232891, 
        "short_term_average": 1120359
    }, 
    {
        "accumulated_operating_revenue_yoy": 7.2777760926094945, 
        "accumulated_operating_revenue": 5835498, 
        "long_term_average": 1240522, 
        "date": "2014-05-31", 
        "operating_revenue": 1210108, 
        "short_term_average": 1199147
    }, 
    {
        "accumulated_operating_revenue_yoy": 8.968776645932808, 
        "accumulated_operating_revenue": 7219261, 
        "long_term_average": 1257047, 
        "date": "2014-06-30", 
        "operating_revenue": 1383763, 
        "short_term_average": 1275587
    }, 
    {
        "accumulated_operating_revenue_yoy": 9.782950433366553, 
        "accumulated_operating_revenue": 8631825, 
        "long_term_average": 1271631, 
        "date": "2014-07-31", 
        "operating_revenue": 1412564, 
        "short_term_average": 1335478
    }, 
    {
        "accumulated_operating_revenue_yoy": 10.860010057340872, 
        "accumulated_operating_revenue": 10114517, 
        "long_term_average": 1290101, 
        "date": "2014-08-31", 
        "operating_revenue": 1482692, 
        "short_term_average": 1426339
    }, 
    {
        "accumulated_operating_revenue_yoy": 10.073078926241925, 
        "accumulated_operating_revenue": 11429513, 
        "long_term_average": 1294694, 
        "date": "2014-09-30", 
        "operating_revenue": 1314996, 
        "short_term_average": 1403417
    }, 
    {
        "accumulated_operating_revenue_yoy": 8.757187278586503, 
        "accumulated_operating_revenue": 12695854, 
        "long_term_average": 1292721, 
        "date": "2014-10-31", 
        "operating_revenue": 1266341, 
        "short_term_average": 1354676
    }, 
    {
        "accumulated_operating_revenue_yoy": 7.4617677477878415, 
        "accumulated_operating_revenue": 13879403, 
        "long_term_average": 1287843, 
        "date": "2014-11-30", 
        "operating_revenue": 1183549, 
        "short_term_average": 1254962
    }, 
    {
        "accumulated_operating_revenue_yoy": 6.495376071788293, 
        "accumulated_operating_revenue": 15431590, 
        "long_term_average": 1285965, 
        "date": "2014-12-31", 
        "operating_revenue": 1552187, 
        "short_term_average": 1334025
    }, 
    {
        "accumulated_operating_revenue_yoy": -6.300976341282848, 
        "accumulated_operating_revenue": 1184648, 
        "long_term_average": 1279327, 
        "date": "2015-01-31", 
        "operating_revenue": 1184648, 
        "short_term_average": 1306794
    }, 
    {
        "accumulated_operating_revenue_yoy": -1.7173840678624968, 
        "accumulated_operating_revenue": 2199619, 
        "long_term_average": 1282762, 
        "date": "2015-02-28", 
        "operating_revenue": 1014971, 
        "short_term_average": 1250602
    }, 
    {
        "accumulated_operating_revenue_yoy": 3.546883875278961, 
        "accumulated_operating_revenue": 3512827, 
        "long_term_average": 1295993, 
        "date": "2015-03-31", 
        "operating_revenue": 1313208, 
        "short_term_average": 1170942
    }, 
    {
        "accumulated_operating_revenue_yoy": 3.016610491223443, 
        "accumulated_operating_revenue": 4764920, 
        "long_term_average": 1297593, 
        "date": "2015-04-30", 
        "operating_revenue": 1252093, 
        "short_term_average": 1193424
    }, 
    {
        "accumulated_operating_revenue_yoy": 1.9955794689673443, 
        "accumulated_operating_revenue": 5951950, 
        "long_term_average": 1295670, 
        "date": "2015-05-31", 
        "operating_revenue": 1187030, 
        "short_term_average": 1250777
    }, 
    {
        "accumulated_operating_revenue_yoy": 0.9539203527895721, 
        "accumulated_operating_revenue": 7288127, 
        "long_term_average": 1291704, 
        "date": "2015-06-30", 
        "operating_revenue": 1336177, 
        "short_term_average": 1258433
    }, 
    {
        "accumulated_operating_revenue_yoy": 0.6752917256779418, 
        "accumulated_operating_revenue": 8690115, 
        "long_term_average": 1290823, 
        "date": "2015-07-31", 
        "operating_revenue": 1401988, 
        "short_term_average": 1308398
    }, 
    {
        "accumulated_operating_revenue_yoy": -0.3770916594435503, 
        "accumulated_operating_revenue": 10076376, 
        "long_term_average": 1282787, 
        "date": "2015-08-31", 
        "operating_revenue": 1386261, 
        "short_term_average": 1374808
    }
]