[
    {
        "date": "2011-09-30", 
        "operating_revenue": 169608, 
        "accumulated_operating_revenue": 169608, 
        "long_term_average": 169608, 
        "short_term_average": 169608
    }, 
    {
        "date": "2011-10-31", 
        "operating_revenue": 155077, 
        "accumulated_operating_revenue": 324685, 
        "long_term_average": 162342, 
        "short_term_average": 162342
    }, 
    {
        "date": "2011-11-30", 
        "operating_revenue": 153246, 
        "accumulated_operating_revenue": 477931, 
        "long_term_average": 159310, 
        "short_term_average": 159310
    }, 
    {
        "date": "2011-12-31", 
        "operating_revenue": 179566, 
        "accumulated_operating_revenue": 657497, 
        "long_term_average": 164374, 
        "short_term_average": 162629
    }, 
    {
        "date": "2012-01-31", 
        "operating_revenue": 109717, 
        "accumulated_operating_revenue": 109717, 
        "long_term_average": 153442, 
        "short_term_average": 147509
    }, 
    {
        "date": "2012-02-29", 
        "operating_revenue": 138258, 
        "accumulated_operating_revenue": 247975, 
        "long_term_average": 150912, 
        "short_term_average": 142513
    }, 
    {
        "date": "2012-03-31", 
        "operating_revenue": 179193, 
        "accumulated_operating_revenue": 427168, 
        "long_term_average": 154952, 
        "short_term_average": 142389
    }, 
    {
        "date": "2012-04-30", 
        "operating_revenue": 164130, 
        "accumulated_operating_revenue": 591298, 
        "long_term_average": 156099, 
        "short_term_average": 160527
    }, 
    {
        "date": "2012-05-31", 
        "operating_revenue": 170696, 
        "accumulated_operating_revenue": 761994, 
        "long_term_average": 157721, 
        "short_term_average": 171339
    }, 
    {
        "date": "2012-06-30", 
        "operating_revenue": 146377, 
        "accumulated_operating_revenue": 908371, 
        "long_term_average": 156586, 
        "short_term_average": 160401
    }, 
    {
        "date": "2012-07-31", 
        "operating_revenue": 154562, 
        "accumulated_operating_revenue": 1062933, 
        "long_term_average": 156402, 
        "short_term_average": 157211
    }, 
    {
        "date": "2012-08-31", 
        "operating_revenue": 167671, 
        "accumulated_operating_revenue": 1230604, 
        "long_term_average": 157341, 
        "short_term_average": 156203
    }, 
    {
        "accumulated_operating_revenue_yoy": 708.5738880241498, 
        "accumulated_operating_revenue": 1371406, 
        "long_term_average": 154941, 
        "date": "2012-09-30", 
        "operating_revenue": 140802, 
        "short_term_average": 154345
    }, 
    {
        "accumulated_operating_revenue_yoy": 367.76598857354054, 
        "accumulated_operating_revenue": 1518766, 
        "long_term_average": 154298, 
        "date": "2012-10-31", 
        "operating_revenue": 147360, 
        "short_term_average": 151944
    }, 
    {
        "accumulated_operating_revenue_yoy": 244.82697293123903, 
        "accumulated_operating_revenue": 1648035, 
        "long_term_average": 152300, 
        "date": "2012-11-30", 
        "operating_revenue": 129269, 
        "short_term_average": 139143
    }, 
    {
        "accumulated_operating_revenue_yoy": 170.2902066473307, 
        "accumulated_operating_revenue": 1777150, 
        "long_term_average": 148095, 
        "date": "2012-12-31", 
        "operating_revenue": 129115, 
        "short_term_average": 135248
    }, 
    {
        "accumulated_operating_revenue_yoy": 47.5040331033477, 
        "accumulated_operating_revenue": 161837, 
        "long_term_average": 152439, 
        "date": "2013-01-31", 
        "operating_revenue": 161837, 
        "short_term_average": 140073
    }, 
    {
        "accumulated_operating_revenue_yoy": 4.392378263937897, 
        "accumulated_operating_revenue": 258867, 
        "long_term_average": 149003, 
        "date": "2013-02-28", 
        "operating_revenue": 97030, 
        "short_term_average": 129327
    }, 
    {
        "accumulated_operating_revenue_yoy": -5.6066933852723055, 
        "accumulated_operating_revenue": 403218, 
        "long_term_average": 146100, 
        "date": "2013-03-31", 
        "operating_revenue": 144351, 
        "short_term_average": 134406
    }, 
    {
        "accumulated_operating_revenue_yoy": -4.130911993614049, 
        "accumulated_operating_revenue": 566872, 
        "long_term_average": 146060, 
        "date": "2013-04-30", 
        "operating_revenue": 163654, 
        "short_term_average": 135011
    }, 
    {
        "accumulated_operating_revenue_yoy": -3.842549941338121, 
        "accumulated_operating_revenue": 732714, 
        "long_term_average": 145655, 
        "date": "2013-05-31", 
        "operating_revenue": 165842, 
        "short_term_average": 157949
    }, 
    {
        "accumulated_operating_revenue_yoy": -3.9461849838887417, 
        "accumulated_operating_revenue": 872525, 
        "long_term_average": 145108, 
        "date": "2013-06-30", 
        "operating_revenue": 139811, 
        "short_term_average": 156435
    }, 
    {
        "accumulated_operating_revenue_yoy": -2.922573671153309, 
        "accumulated_operating_revenue": 1031868, 
        "long_term_average": 145507, 
        "date": "2013-07-31", 
        "operating_revenue": 159343, 
        "short_term_average": 154998
    }, 
    {
        "accumulated_operating_revenue_yoy": -2.3976843891292408, 
        "accumulated_operating_revenue": 1201098, 
        "long_term_average": 145637, 
        "date": "2013-08-31", 
        "operating_revenue": 169230, 
        "short_term_average": 156128
    }, 
    {
        "accumulated_operating_revenue_yoy": -0.4149026619396444, 
        "accumulated_operating_revenue": 1365716, 
        "long_term_average": 147621, 
        "date": "2013-09-30", 
        "operating_revenue": 164618, 
        "short_term_average": 164397
    }, 
    {
        "accumulated_operating_revenue_yoy": 0.8709044052869238, 
        "accumulated_operating_revenue": 1531993, 
        "long_term_average": 149198, 
        "date": "2013-10-31", 
        "operating_revenue": 166277, 
        "short_term_average": 166708
    }, 
    {
        "accumulated_operating_revenue_yoy": 2.019435266848095, 
        "accumulated_operating_revenue": 1681316, 
        "long_term_average": 150869, 
        "date": "2013-11-30", 
        "operating_revenue": 149323, 
        "short_term_average": 160072
    }, 
    {
        "accumulated_operating_revenue_yoy": 4.295585628675126, 
        "accumulated_operating_revenue": 1853489, 
        "long_term_average": 154457, 
        "date": "2013-12-31", 
        "operating_revenue": 172173, 
        "short_term_average": 162591
    }, 
    {
        "accumulated_operating_revenue_yoy": 10.393173378152092, 
        "accumulated_operating_revenue": 178657, 
        "long_term_average": 155859, 
        "date": "2014-01-31", 
        "operating_revenue": 178657, 
        "short_term_average": 166717
    }, 
    {
        "accumulated_operating_revenue_yoy": 17.280302240146483, 
        "accumulated_operating_revenue": 303600, 
        "long_term_average": 158185, 
        "date": "2014-02-28", 
        "operating_revenue": 124943, 
        "short_term_average": 158591
    }, 
    {
        "accumulated_operating_revenue_yoy": 26.969282125301948, 
        "accumulated_operating_revenue": 511963, 
        "long_term_average": 163519, 
        "date": "2014-03-31", 
        "operating_revenue": 208363, 
        "short_term_average": 170654
    }, 
    {
        "accumulated_operating_revenue_yoy": 21.56253969150002, 
        "accumulated_operating_revenue": 689104, 
        "long_term_average": 164643, 
        "date": "2014-04-30", 
        "operating_revenue": 177141, 
        "short_term_average": 170149
    }, 
    {
        "accumulated_operating_revenue_yoy": 19.05463796242463, 
        "accumulated_operating_revenue": 872330, 
        "long_term_average": 166092, 
        "date": "2014-05-31", 
        "operating_revenue": 183226, 
        "short_term_average": 189576
    }, 
    {
        "accumulated_operating_revenue_yoy": 21.29853012807656, 
        "accumulated_operating_revenue": 1058360, 
        "long_term_average": 169943, 
        "date": "2014-06-30", 
        "operating_revenue": 186030, 
        "short_term_average": 182132
    }, 
    {
        "accumulated_operating_revenue_yoy": 20.8767012834975, 
        "accumulated_operating_revenue": 1247288, 
        "long_term_average": 172409, 
        "date": "2014-07-31", 
        "operating_revenue": 188928, 
        "short_term_average": 186061
    }, 
    {
        "accumulated_operating_revenue_yoy": 19.396002657568324, 
        "accumulated_operating_revenue": 1434063, 
        "long_term_average": 173871, 
        "date": "2014-08-31", 
        "operating_revenue": 186775, 
        "short_term_average": 187244
    }, 
    {
        "accumulated_operating_revenue_yoy": 18.1384709558942, 
        "accumulated_operating_revenue": 1613436, 
        "long_term_average": 175100, 
        "date": "2014-09-30", 
        "operating_revenue": 179373, 
        "short_term_average": 185025
    }, 
    {
        "accumulated_operating_revenue_yoy": 17.33545779908916, 
        "accumulated_operating_revenue": 1797571, 
        "long_term_average": 176588, 
        "date": "2014-10-31", 
        "operating_revenue": 184135, 
        "short_term_average": 183427
    }, 
    {
        "accumulated_operating_revenue_yoy": 16.376754875347643, 
        "accumulated_operating_revenue": 1956661, 
        "long_term_average": 177402, 
        "date": "2014-11-30", 
        "operating_revenue": 159090, 
        "short_term_average": 174199
    }, 
    {
        "accumulated_operating_revenue_yoy": 15.719542980832365, 
        "accumulated_operating_revenue": 2144849, 
        "long_term_average": 178737, 
        "date": "2014-12-31", 
        "operating_revenue": 188188, 
        "short_term_average": 177137
    }, 
    {
        "accumulated_operating_revenue_yoy": -1.5969147584477519, 
        "accumulated_operating_revenue": 175804, 
        "long_term_average": 178499, 
        "date": "2015-01-31", 
        "operating_revenue": 175804, 
        "short_term_average": 174360
    }, 
    {
        "accumulated_operating_revenue_yoy": 2.116930171277997, 
        "accumulated_operating_revenue": 310027, 
        "long_term_average": 179273, 
        "date": "2015-02-28", 
        "operating_revenue": 134223, 
        "short_term_average": 166071
    }, 
    {
        "accumulated_operating_revenue_yoy": -6.3430365084976845, 
        "accumulated_operating_revenue": 479489, 
        "long_term_average": 176031, 
        "date": "2015-03-31", 
        "operating_revenue": 169462, 
        "short_term_average": 159829
    }, 
    {
        "accumulated_operating_revenue_yoy": -6.554888667022684, 
        "accumulated_operating_revenue": 643934, 
        "long_term_average": 174973, 
        "date": "2015-04-30", 
        "operating_revenue": 164445, 
        "short_term_average": 156043
    }, 
    {
        "accumulated_operating_revenue_yoy": -5.886533765891349, 
        "accumulated_operating_revenue": 820980, 
        "long_term_average": 174458, 
        "date": "2015-05-31", 
        "operating_revenue": 177046, 
        "short_term_average": 170317
    }, 
    {
        "accumulated_operating_revenue_yoy": -5.495483578366529, 
        "accumulated_operating_revenue": 1000198, 
        "long_term_average": 173890, 
        "date": "2015-06-30", 
        "operating_revenue": 179218, 
        "short_term_average": 173569
    }, 
    {
        "accumulated_operating_revenue_yoy": -3.2259590407347787, 
        "accumulated_operating_revenue": 1207051, 
        "long_term_average": 175384, 
        "date": "2015-07-31", 
        "operating_revenue": 206853, 
        "short_term_average": 187705
    }, 
    {
        "accumulated_operating_revenue_yoy": -2.090215004501197, 
        "accumulated_operating_revenue": 1404088, 
        "long_term_average": 176239, 
        "date": "2015-08-31", 
        "operating_revenue": 197037, 
        "short_term_average": 194369
    }, 
    {
        "accumulated_operating_revenue_yoy": -1.7703832070190575, 
        "accumulated_operating_revenue": 1584872, 
        "long_term_average": 176357, 
        "date": "2015-09-30", 
        "operating_revenue": 180784, 
        "short_term_average": 194891
    }, 
    {
        "accumulated_operating_revenue_yoy": -1.0362316704041177, 
        "accumulated_operating_revenue": 1778944, 
        "long_term_average": 177185, 
        "date": "2015-10-31", 
        "operating_revenue": 194072, 
        "short_term_average": 190631
    }
]