[
    {
        "date": "2011-09-30", 
        "operating_revenue": 157988, 
        "accumulated_operating_revenue": 157988, 
        "long_term_average": 157988, 
        "short_term_average": 157988
    }, 
    {
        "date": "2011-10-31", 
        "operating_revenue": 151520, 
        "accumulated_operating_revenue": 309508, 
        "long_term_average": 154754, 
        "short_term_average": 154754
    }, 
    {
        "date": "2011-11-30", 
        "operating_revenue": 154666, 
        "accumulated_operating_revenue": 464174, 
        "long_term_average": 154724, 
        "short_term_average": 154724
    }, 
    {
        "date": "2011-12-31", 
        "operating_revenue": 118325, 
        "accumulated_operating_revenue": 582499, 
        "long_term_average": 145624, 
        "short_term_average": 141503
    }, 
    {
        "date": "2012-01-31", 
        "operating_revenue": 144469, 
        "accumulated_operating_revenue": 144469, 
        "long_term_average": 145393, 
        "short_term_average": 139153
    }, 
    {
        "date": "2012-02-29", 
        "operating_revenue": 115763, 
        "accumulated_operating_revenue": 260232, 
        "long_term_average": 140455, 
        "short_term_average": 126185
    }, 
    {
        "date": "2012-03-31", 
        "operating_revenue": 130518, 
        "accumulated_operating_revenue": 390750, 
        "long_term_average": 139035, 
        "short_term_average": 130250
    }, 
    {
        "date": "2012-04-30", 
        "operating_revenue": 119824, 
        "accumulated_operating_revenue": 510574, 
        "long_term_average": 136634, 
        "short_term_average": 122035
    }, 
    {
        "date": "2012-05-31", 
        "operating_revenue": 116304, 
        "accumulated_operating_revenue": 626878, 
        "long_term_average": 134375, 
        "short_term_average": 122215
    }, 
    {
        "date": "2012-06-30", 
        "operating_revenue": 95730, 
        "accumulated_operating_revenue": 722608, 
        "long_term_average": 130510, 
        "short_term_average": 110619
    }, 
    {
        "date": "2012-07-31", 
        "operating_revenue": 102331, 
        "accumulated_operating_revenue": 824939, 
        "long_term_average": 127948, 
        "short_term_average": 104788
    }, 
    {
        "date": "2012-08-31", 
        "operating_revenue": 89604, 
        "accumulated_operating_revenue": 914543, 
        "long_term_average": 124753, 
        "short_term_average": 95888
    }, 
    {
        "accumulated_operating_revenue_yoy": 540.8334810238753, 
        "accumulated_operating_revenue": 1012440, 
        "long_term_average": 119745, 
        "date": "2012-09-30", 
        "operating_revenue": 97897, 
        "short_term_average": 96610
    }, 
    {
        "accumulated_operating_revenue_yoy": 259.4821458572961, 
        "accumulated_operating_revenue": 1112626, 
        "long_term_average": 115468, 
        "date": "2012-10-31", 
        "operating_revenue": 100186, 
        "short_term_average": 95895
    }, 
    {
        "accumulated_operating_revenue_yoy": 161.20484990542337, 
        "accumulated_operating_revenue": 1212445, 
        "long_term_average": 110897, 
        "date": "2012-11-30", 
        "operating_revenue": 99819, 
        "short_term_average": 99300
    }, 
    {
        "accumulated_operating_revenue_yoy": 123.18733594392437, 
        "accumulated_operating_revenue": 1300064, 
        "long_term_average": 108338, 
        "date": "2012-12-31", 
        "operating_revenue": 87619, 
        "short_term_average": 95874
    }, 
    {
        "accumulated_operating_revenue_yoy": -30.342149526888125, 
        "accumulated_operating_revenue": 100634, 
        "long_term_average": 104685, 
        "date": "2013-01-31", 
        "operating_revenue": 100634, 
        "short_term_average": 96024
    }, 
    {
        "accumulated_operating_revenue_yoy": -24.55578099541947, 
        "accumulated_operating_revenue": 196330, 
        "long_term_average": 103013, 
        "date": "2013-02-28", 
        "operating_revenue": 95696, 
        "short_term_average": 94649
    }, 
    {
        "accumulated_operating_revenue_yoy": -27.845937300063976, 
        "accumulated_operating_revenue": 281942, 
        "long_term_average": 99271, 
        "date": "2013-03-31", 
        "operating_revenue": 85612, 
        "short_term_average": 93980
    }, 
    {
        "accumulated_operating_revenue_yoy": -29.40141879531664, 
        "accumulated_operating_revenue": 360458, 
        "long_term_average": 95829, 
        "date": "2013-04-30", 
        "operating_revenue": 78516, 
        "short_term_average": 86608
    }, 
    {
        "accumulated_operating_revenue_yoy": -30.174930369226548, 
        "accumulated_operating_revenue": 437718, 
        "long_term_average": 92575, 
        "date": "2013-05-31", 
        "operating_revenue": 77260, 
        "short_term_average": 80462
    }, 
    {
        "accumulated_operating_revenue_yoy": -26.319525939375154, 
        "accumulated_operating_revenue": 532421, 
        "long_term_average": 92489, 
        "date": "2013-06-30", 
        "operating_revenue": 94703, 
        "short_term_average": 83493
    }, 
    {
        "accumulated_operating_revenue_yoy": -24.106146030191322, 
        "accumulated_operating_revenue": 626078, 
        "long_term_average": 91766, 
        "date": "2013-07-31", 
        "operating_revenue": 93657, 
        "short_term_average": 88540
    }, 
    {
        "accumulated_operating_revenue_yoy": -22.481829722604623, 
        "accumulated_operating_revenue": 708937, 
        "long_term_average": 91204, 
        "date": "2013-08-31", 
        "operating_revenue": 82859, 
        "short_term_average": 90406
    }, 
    {
        "accumulated_operating_revenue_yoy": -20.81397416143179, 
        "accumulated_operating_revenue": 801711, 
        "long_term_average": 90777, 
        "date": "2013-09-30", 
        "operating_revenue": 92774, 
        "short_term_average": 89763
    }, 
    {
        "accumulated_operating_revenue_yoy": -20.570074760072117, 
        "accumulated_operating_revenue": 883758, 
        "long_term_average": 89266, 
        "date": "2013-10-31", 
        "operating_revenue": 82047, 
        "short_term_average": 85893
    }, 
    {
        "accumulated_operating_revenue_yoy": -19.777227008235425, 
        "accumulated_operating_revenue": 972657, 
        "long_term_average": 88356, 
        "date": "2013-11-30", 
        "operating_revenue": 88899, 
        "short_term_average": 87906
    }, 
    {
        "accumulated_operating_revenue_yoy": -18.248716986240677, 
        "accumulated_operating_revenue": 1062819, 
        "long_term_average": 88568, 
        "date": "2013-12-31", 
        "operating_revenue": 90162, 
        "short_term_average": 87036
    }, 
    {
        "accumulated_operating_revenue_yoy": -13.728958403720412, 
        "accumulated_operating_revenue": 86818, 
        "long_term_average": 87416, 
        "date": "2014-01-31", 
        "operating_revenue": 86818, 
        "short_term_average": 88626
    }, 
    {
        "accumulated_operating_revenue_yoy": -17.01217338155147, 
        "accumulated_operating_revenue": 162930, 
        "long_term_average": 85784, 
        "date": "2014-02-28", 
        "operating_revenue": 76112, 
        "short_term_average": 84364
    }, 
    {
        "accumulated_operating_revenue_yoy": -14.716501975583633, 
        "accumulated_operating_revenue": 240450, 
        "long_term_average": 85110, 
        "date": "2014-03-31", 
        "operating_revenue": 77520, 
        "short_term_average": 80150
    }, 
    {
        "accumulated_operating_revenue_yoy": -20.001775518923147, 
        "accumulated_operating_revenue": 288360, 
        "long_term_average": 82560, 
        "date": "2014-04-30", 
        "operating_revenue": 47910, 
        "short_term_average": 67180
    }, 
    {
        "accumulated_operating_revenue_yoy": -15.215960961166777, 
        "accumulated_operating_revenue": 371115, 
        "long_term_average": 83018, 
        "date": "2014-05-31", 
        "operating_revenue": 82755, 
        "short_term_average": 69395
    }, 
    {
        "accumulated_operating_revenue_yoy": -18.14879578378764, 
        "accumulated_operating_revenue": 435793, 
        "long_term_average": 80515, 
        "date": "2014-06-30", 
        "operating_revenue": 64678, 
        "short_term_average": 65114
    }, 
    {
        "accumulated_operating_revenue_yoy": -19.267727024428265, 
        "accumulated_operating_revenue": 505447, 
        "long_term_average": 78515, 
        "date": "2014-07-31", 
        "operating_revenue": 69654, 
        "short_term_average": 72362
    }, 
    {
        "accumulated_operating_revenue_yoy": -20.51479891725217, 
        "accumulated_operating_revenue": 563500, 
        "long_term_average": 76448, 
        "date": "2014-08-31", 
        "operating_revenue": 58053, 
        "short_term_average": 64128
    }, 
    {
        "accumulated_operating_revenue_yoy": -22.214738228613555, 
        "accumulated_operating_revenue": 623613, 
        "long_term_average": 73726, 
        "date": "2014-09-30", 
        "operating_revenue": 60113, 
        "short_term_average": 62606
    }, 
    {
        "accumulated_operating_revenue_yoy": -22.087607693508858, 
        "accumulated_operating_revenue": 688557, 
        "long_term_average": 72301, 
        "date": "2014-10-31", 
        "operating_revenue": 64944, 
        "short_term_average": 61036
    }, 
    {
        "accumulated_operating_revenue_yoy": -22.389290366490965, 
        "accumulated_operating_revenue": 754886, 
        "long_term_average": 70420, 
        "date": "2014-11-30", 
        "operating_revenue": 66329, 
        "short_term_average": 63795
    }, 
    {
        "accumulated_operating_revenue_yoy": -23.142416535647182, 
        "accumulated_operating_revenue": 816857, 
        "long_term_average": 68071, 
        "date": "2014-12-31", 
        "operating_revenue": 61971, 
        "short_term_average": 64414
    }, 
    {
        "accumulated_operating_revenue_yoy": 115.57280748231933, 
        "accumulated_operating_revenue": 187156, 
        "long_term_average": 76432, 
        "date": "2015-01-31", 
        "operating_revenue": 187156, 
        "short_term_average": 105152
    }, 
    {
        "accumulated_operating_revenue_yoy": 104.90026391701959, 
        "accumulated_operating_revenue": 333844, 
        "long_term_average": 82314, 
        "date": "2015-02-28", 
        "operating_revenue": 146688, 
        "short_term_average": 131938
    }, 
    {
        "accumulated_operating_revenue_yoy": 113.01601164483262, 
        "accumulated_operating_revenue": 512197, 
        "long_term_average": 90717, 
        "date": "2015-03-31", 
        "operating_revenue": 178353, 
        "short_term_average": 170732
    }, 
    {
        "accumulated_operating_revenue_yoy": 137.4622000277431, 
        "accumulated_operating_revenue": 684746, 
        "long_term_average": 101103, 
        "date": "2015-04-30", 
        "operating_revenue": 172549, 
        "short_term_average": 165863
    }, 
    {
        "accumulated_operating_revenue_yoy": 127.60761489026314, 
        "accumulated_operating_revenue": 844686, 
        "long_term_average": 107535, 
        "date": "2015-05-31", 
        "operating_revenue": 159940, 
        "short_term_average": 170280
    }, 
    {
        "accumulated_operating_revenue_yoy": 143.93232566837926, 
        "accumulated_operating_revenue": 1063040, 
        "long_term_average": 120342, 
        "date": "2015-06-30", 
        "operating_revenue": 218354, 
        "short_term_average": 183614
    }, 
    {
        "accumulated_operating_revenue_yoy": 154.5831709358251, 
        "accumulated_operating_revenue": 1286783, 
        "long_term_average": 133182, 
        "date": "2015-07-31", 
        "operating_revenue": 223743, 
        "short_term_average": 200679
    }, 
    {
        "accumulated_operating_revenue_yoy": 165.7787045252884, 
        "accumulated_operating_revenue": 1497663, 
        "long_term_average": 145918, 
        "date": "2015-08-31", 
        "operating_revenue": 210880, 
        "short_term_average": 217659
    }
]