[
    {
        "date": "2011-09-30", 
        "operating_revenue": 675962, 
        "accumulated_operating_revenue": 675962, 
        "long_term_average": 675962, 
        "short_term_average": 675962
    }, 
    {
        "date": "2011-10-31", 
        "operating_revenue": 621000, 
        "accumulated_operating_revenue": 1296962, 
        "long_term_average": 648481, 
        "short_term_average": 648481
    }, 
    {
        "date": "2011-11-30", 
        "operating_revenue": 702328, 
        "accumulated_operating_revenue": 1999290, 
        "long_term_average": 666430, 
        "short_term_average": 666430
    }, 
    {
        "date": "2011-12-31", 
        "operating_revenue": 678452, 
        "accumulated_operating_revenue": 2677742, 
        "long_term_average": 669435, 
        "short_term_average": 667260
    }, 
    {
        "date": "2012-01-31", 
        "operating_revenue": 444889, 
        "accumulated_operating_revenue": 444889, 
        "long_term_average": 624526, 
        "short_term_average": 608556
    }, 
    {
        "date": "2012-02-29", 
        "operating_revenue": 596462, 
        "accumulated_operating_revenue": 1041351, 
        "long_term_average": 619848, 
        "short_term_average": 573267
    }, 
    {
        "date": "2012-03-31", 
        "operating_revenue": 674004, 
        "accumulated_operating_revenue": 1715355, 
        "long_term_average": 627585, 
        "short_term_average": 571785
    }, 
    {
        "date": "2012-04-30", 
        "operating_revenue": 502176, 
        "accumulated_operating_revenue": 2217531, 
        "long_term_average": 611909, 
        "short_term_average": 590880
    }, 
    {
        "date": "2012-05-31", 
        "operating_revenue": 538225, 
        "accumulated_operating_revenue": 2755756, 
        "long_term_average": 603722, 
        "short_term_average": 571468
    }, 
    {
        "date": "2012-06-30", 
        "operating_revenue": 825940, 
        "accumulated_operating_revenue": 3581696, 
        "long_term_average": 625943, 
        "short_term_average": 622113
    }, 
    {
        "date": "2012-07-31", 
        "operating_revenue": 482622, 
        "accumulated_operating_revenue": 4064318, 
        "long_term_average": 612914, 
        "short_term_average": 615595
    }, 
    {
        "date": "2012-08-31", 
        "operating_revenue": 603819, 
        "accumulated_operating_revenue": 4668137, 
        "long_term_average": 612156, 
        "short_term_average": 637460
    }, 
    {
        "accumulated_operating_revenue_yoy": 670.6850385080818, 
        "accumulated_operating_revenue": 5209538, 
        "long_term_average": 600943, 
        "date": "2012-09-30", 
        "operating_revenue": 541401, 
        "short_term_average": 542614
    }, 
    {
        "accumulated_operating_revenue_yoy": 340.5175325105901, 
        "accumulated_operating_revenue": 5713345, 
        "long_term_average": 591177, 
        "date": "2012-10-31", 
        "operating_revenue": 503807, 
        "short_term_average": 549675
    }, 
    {
        "accumulated_operating_revenue_yoy": 218.07196554776945, 
        "accumulated_operating_revenue": 6359181, 
        "long_term_average": 586469, 
        "date": "2012-11-30", 
        "operating_revenue": 645836, 
        "short_term_average": 563681
    }, 
    {
        "accumulated_operating_revenue_yoy": 166.29697707994274, 
        "accumulated_operating_revenue": 7130746, 
        "long_term_average": 594228, 
        "date": "2012-12-31", 
        "operating_revenue": 771565, 
        "short_term_average": 640402
    }, 
    {
        "accumulated_operating_revenue_yoy": 0.45944044469519363, 
        "accumulated_operating_revenue": 446933, 
        "long_term_average": 594399, 
        "date": "2013-01-31", 
        "operating_revenue": 446933, 
        "short_term_average": 621444
    }, 
    {
        "accumulated_operating_revenue_yoy": -15.455979780112566, 
        "accumulated_operating_revenue": 880400, 
        "long_term_average": 580816, 
        "date": "2013-02-28", 
        "operating_revenue": 433467, 
        "short_term_average": 550655
    }, 
    {
        "accumulated_operating_revenue_yoy": -20.34995671449933, 
        "accumulated_operating_revenue": 1366281, 
        "long_term_average": 565139, 
        "date": "2013-03-31", 
        "operating_revenue": 485881, 
        "short_term_average": 455427
    }, 
    {
        "accumulated_operating_revenue_yoy": -11.743691519983262, 
        "accumulated_operating_revenue": 1957111, 
        "long_term_average": 572527, 
        "date": "2013-04-30", 
        "operating_revenue": 590830, 
        "short_term_average": 503392
    }, 
    {
        "accumulated_operating_revenue_yoy": -1.822476300514269, 
        "accumulated_operating_revenue": 2705533, 
        "long_term_average": 590043, 
        "date": "2013-05-31", 
        "operating_revenue": 748422, 
        "short_term_average": 608377
    }, 
    {
        "accumulated_operating_revenue_yoy": -2.009243665570724, 
        "accumulated_operating_revenue": 3509731, 
        "long_term_average": 588231, 
        "date": "2013-06-30", 
        "operating_revenue": 804198, 
        "short_term_average": 714483
    }, 
    {
        "accumulated_operating_revenue_yoy": -2.5598144633367763, 
        "accumulated_operating_revenue": 3960279, 
        "long_term_average": 585558, 
        "date": "2013-07-31", 
        "operating_revenue": 450548, 
        "short_term_average": 667722
    }, 
    {
        "accumulated_operating_revenue_yoy": -4.5906536162070655, 
        "accumulated_operating_revenue": 4453839, 
        "long_term_average": 576370, 
        "date": "2013-08-31", 
        "operating_revenue": 493560, 
        "short_term_average": 582768
    }, 
    {
        "accumulated_operating_revenue_yoy": -5.60901945623585, 
        "accumulated_operating_revenue": 4917334, 
        "long_term_average": 569878, 
        "date": "2013-09-30", 
        "operating_revenue": 463495, 
        "short_term_average": 469201
    }, 
    {
        "accumulated_operating_revenue_yoy": -3.955301141450411, 
        "accumulated_operating_revenue": 5487365, 
        "long_term_average": 575397, 
        "date": "2013-10-31", 
        "operating_revenue": 570031, 
        "short_term_average": 509028
    }, 
    {
        "accumulated_operating_revenue_yoy": -3.789481695834731, 
        "accumulated_operating_revenue": 6118201, 
        "long_term_average": 574147, 
        "date": "2013-11-30", 
        "operating_revenue": 630836, 
        "short_term_average": 554787
    }, 
    {
        "accumulated_operating_revenue_yoy": -3.8356014924665662, 
        "accumulated_operating_revenue": 6857239, 
        "long_term_average": 571436, 
        "date": "2013-12-31", 
        "operating_revenue": 739038, 
        "short_term_average": 646635
    }, 
    {
        "accumulated_operating_revenue_yoy": 22.717275296297206, 
        "accumulated_operating_revenue": 548464, 
        "long_term_average": 579897, 
        "date": "2014-01-31", 
        "operating_revenue": 548464, 
        "short_term_average": 639446
    }, 
    {
        "accumulated_operating_revenue_yoy": 24.23625624716038, 
        "accumulated_operating_revenue": 1093776, 
        "long_term_average": 589217, 
        "date": "2014-02-28", 
        "operating_revenue": 545312, 
        "short_term_average": 610938
    }, 
    {
        "accumulated_operating_revenue_yoy": 9.424854769992411, 
        "accumulated_operating_revenue": 1495051, 
        "long_term_average": 582167, 
        "date": "2014-03-31", 
        "operating_revenue": 401275, 
        "short_term_average": 498350
    }, 
    {
        "accumulated_operating_revenue_yoy": -3.0547577526261924, 
        "accumulated_operating_revenue": 1897326, 
        "long_term_average": 566454, 
        "date": "2014-04-30", 
        "operating_revenue": 402275, 
        "short_term_average": 449620
    }, 
    {
        "accumulated_operating_revenue_yoy": -16.847881729773764, 
        "accumulated_operating_revenue": 2249708, 
        "long_term_average": 533451, 
        "date": "2014-05-31", 
        "operating_revenue": 352382, 
        "short_term_average": 385310
    }, 
    {
        "accumulated_operating_revenue_yoy": -21.999235838871982, 
        "accumulated_operating_revenue": 2737617, 
        "long_term_average": 507093, 
        "date": "2014-06-30", 
        "operating_revenue": 487909, 
        "short_term_average": 414188
    }, 
    {
        "accumulated_operating_revenue_yoy": -19.174532905383685, 
        "accumulated_operating_revenue": 3200914, 
        "long_term_average": 508156, 
        "date": "2014-07-31", 
        "operating_revenue": 463297, 
        "short_term_average": 434529
    }, 
    {
        "accumulated_operating_revenue_yoy": -18.253892877582686, 
        "accumulated_operating_revenue": 3640840, 
        "long_term_average": 503686, 
        "date": "2014-08-31", 
        "operating_revenue": 439926, 
        "short_term_average": 463710
    }, 
    {
        "accumulated_operating_revenue_yoy": -13.336901662567563, 
        "accumulated_operating_revenue": 4261514, 
        "long_term_average": 516784, 
        "date": "2014-09-30", 
        "operating_revenue": 620674, 
        "short_term_average": 507965
    }, 
    {
        "accumulated_operating_revenue_yoy": -11.801912211052116, 
        "accumulated_operating_revenue": 4839751, 
        "long_term_average": 517468, 
        "date": "2014-10-31", 
        "operating_revenue": 578237, 
        "short_term_average": 546279
    }, 
    {
        "accumulated_operating_revenue_yoy": -11.24698256889566, 
        "accumulated_operating_revenue": 5430088, 
        "long_term_average": 514093, 
        "date": "2014-11-30", 
        "operating_revenue": 590337, 
        "short_term_average": 596416
    }, 
    {
        "accumulated_operating_revenue_yoy": -10.735020319402604, 
        "accumulated_operating_revenue": 6121113, 
        "long_term_average": 510092, 
        "date": "2014-12-31", 
        "operating_revenue": 691025, 
        "short_term_average": 619866
    }, 
    {
        "accumulated_operating_revenue_yoy": -0.5973044721257913, 
        "accumulated_operating_revenue": 545188, 
        "long_term_average": 509819, 
        "date": "2015-01-31", 
        "operating_revenue": 545188, 
        "short_term_average": 608850
    }, 
    {
        "accumulated_operating_revenue_yoy": 1.1909202615526395, 
        "accumulated_operating_revenue": 1106802, 
        "long_term_average": 511178, 
        "date": "2015-02-28", 
        "operating_revenue": 561614, 
        "short_term_average": 599275
    }, 
    {
        "accumulated_operating_revenue_yoy": 22.710930931453174, 
        "accumulated_operating_revenue": 1834591, 
        "long_term_average": 538387, 
        "date": "2015-03-31", 
        "operating_revenue": 727789, 
        "short_term_average": 611530
    }, 
    {
        "accumulated_operating_revenue_yoy": 40.2624008736506, 
        "accumulated_operating_revenue": 2661235, 
        "long_term_average": 573751, 
        "date": "2015-04-30", 
        "operating_revenue": 826644, 
        "short_term_average": 705349
    }, 
    {
        "accumulated_operating_revenue_yoy": 40.58717842493337, 
        "accumulated_operating_revenue": 3162801, 
        "long_term_average": 586183, 
        "date": "2015-05-31", 
        "operating_revenue": 501566, 
        "short_term_average": 685333
    }, 
    {
        "accumulated_operating_revenue_yoy": 41.8065054388543, 
        "accumulated_operating_revenue": 3882119, 
        "long_term_average": 605467, 
        "date": "2015-06-30", 
        "operating_revenue": 719318, 
        "short_term_average": 682509
    }, 
    {
        "accumulated_operating_revenue_yoy": 38.981178500890685, 
        "accumulated_operating_revenue": 4448668, 
        "long_term_average": 614072, 
        "date": "2015-07-31", 
        "operating_revenue": 566549, 
        "short_term_average": 595811
    }, 
    {
        "accumulated_operating_revenue_yoy": 43.25710550312565, 
        "accumulated_operating_revenue": 5215762, 
        "long_term_average": 641336, 
        "date": "2015-08-31", 
        "operating_revenue": 767094, 
        "short_term_average": 684320
    }, 
    {
        "accumulated_operating_revenue_yoy": 35.13084786298954, 
        "accumulated_operating_revenue": 5758620, 
        "long_term_average": 634851, 
        "date": "2015-09-30", 
        "operating_revenue": 542858, 
        "short_term_average": 625500
    }
]