[
    {
        "date": "2012-01-31", 
        "operating_revenue": 252963, 
        "accumulated_operating_revenue": 252963, 
        "long_term_average": 252963, 
        "short_term_average": 252963
    }, 
    {
        "date": "2012-02-29", 
        "operating_revenue": 248166, 
        "accumulated_operating_revenue": 501129, 
        "long_term_average": 250564, 
        "short_term_average": 250564
    }, 
    {
        "date": "2012-03-31", 
        "operating_revenue": 326208, 
        "accumulated_operating_revenue": 827337, 
        "long_term_average": 275779, 
        "short_term_average": 275779
    }, 
    {
        "date": "2012-04-30", 
        "operating_revenue": 313959, 
        "accumulated_operating_revenue": 1141296, 
        "long_term_average": 285324, 
        "short_term_average": 296111
    }, 
    {
        "date": "2012-05-31", 
        "operating_revenue": 307771, 
        "accumulated_operating_revenue": 1449067, 
        "long_term_average": 289813, 
        "short_term_average": 315979
    }, 
    {
        "date": "2012-06-30", 
        "operating_revenue": 298011, 
        "accumulated_operating_revenue": 1747078, 
        "long_term_average": 291179, 
        "short_term_average": 306580
    }, 
    {
        "date": "2012-07-31", 
        "operating_revenue": 318958, 
        "accumulated_operating_revenue": 2066036, 
        "long_term_average": 295148, 
        "short_term_average": 308246
    }, 
    {
        "date": "2012-08-31", 
        "operating_revenue": 339199, 
        "accumulated_operating_revenue": 2405235, 
        "long_term_average": 300654, 
        "short_term_average": 318722
    }, 
    {
        "date": "2012-09-30", 
        "operating_revenue": 270799, 
        "accumulated_operating_revenue": 2676034, 
        "long_term_average": 297337, 
        "short_term_average": 309652
    }, 
    {
        "date": "2012-10-31", 
        "operating_revenue": 280403, 
        "accumulated_operating_revenue": 2956437, 
        "long_term_average": 295643, 
        "short_term_average": 296800
    }, 
    {
        "date": "2012-11-30", 
        "operating_revenue": 277652, 
        "accumulated_operating_revenue": 3234089, 
        "long_term_average": 294008, 
        "short_term_average": 276284
    }, 
    {
        "date": "2012-12-31", 
        "operating_revenue": 249266, 
        "accumulated_operating_revenue": 3483355, 
        "long_term_average": 290279, 
        "short_term_average": 269107
    }, 
    {
        "accumulated_operating_revenue_yoy": 28.572162727355384, 
        "accumulated_operating_revenue": 325240, 
        "long_term_average": 296302, 
        "date": "2013-01-31", 
        "operating_revenue": 325240, 
        "short_term_average": 284052
    }, 
    {
        "accumulated_operating_revenue_yoy": 9.729430944926357, 
        "accumulated_operating_revenue": 549886, 
        "long_term_average": 294342, 
        "date": "2013-02-28", 
        "operating_revenue": 224646, 
        "short_term_average": 266384
    }, 
    {
        "accumulated_operating_revenue_yoy": 3.7324572695286204, 
        "accumulated_operating_revenue": 858217, 
        "long_term_average": 292852, 
        "date": "2013-03-31", 
        "operating_revenue": 308331, 
        "short_term_average": 286072
    }, 
    {
        "accumulated_operating_revenue_yoy": -2.487260097292902, 
        "accumulated_operating_revenue": 1112909, 
        "long_term_average": 287914, 
        "date": "2013-04-30", 
        "operating_revenue": 254692, 
        "short_term_average": 262556
    }, 
    {
        "accumulated_operating_revenue_yoy": 0.16217331565759208, 
        "accumulated_operating_revenue": 1451417, 
        "long_term_average": 290475, 
        "date": "2013-05-31", 
        "operating_revenue": 338508, 
        "short_term_average": 300510
    }, 
    {
        "accumulated_operating_revenue_yoy": -3.281364655728021, 
        "accumulated_operating_revenue": 1689750, 
        "long_term_average": 285502, 
        "date": "2013-06-30", 
        "operating_revenue": 238333, 
        "short_term_average": 277177
    }, 
    {
        "accumulated_operating_revenue_yoy": -3.358702365302444, 
        "accumulated_operating_revenue": 1996644, 
        "long_term_average": 284496, 
        "date": "2013-07-31", 
        "operating_revenue": 306894, 
        "short_term_average": 294578
    }, 
    {
        "accumulated_operating_revenue_yoy": -4.601670938598516, 
        "accumulated_operating_revenue": 2294554, 
        "long_term_average": 281056, 
        "date": "2013-08-31", 
        "operating_revenue": 297910, 
        "short_term_average": 281045
    }, 
    {
        "accumulated_operating_revenue_yoy": -4.306559632650407, 
        "accumulated_operating_revenue": 2560789, 
        "long_term_average": 280675, 
        "date": "2013-09-30", 
        "operating_revenue": 266235, 
        "short_term_average": 290346
    }, 
    {
        "accumulated_operating_revenue_yoy": -3.3332352422865767, 
        "accumulated_operating_revenue": 2857892, 
        "long_term_average": 282067, 
        "date": "2013-10-31", 
        "operating_revenue": 297103, 
        "short_term_average": 287082
    }, 
    {
        "accumulated_operating_revenue_yoy": -2.3815052708815374, 
        "accumulated_operating_revenue": 3157069, 
        "long_term_average": 283861, 
        "date": "2013-11-30", 
        "operating_revenue": 299177, 
        "short_term_average": 287505
    }, 
    {
        "accumulated_operating_revenue_yoy": -0.9440611134954664, 
        "accumulated_operating_revenue": 3450470, 
        "long_term_average": 287539, 
        "date": "2013-12-31", 
        "operating_revenue": 293401, 
        "short_term_average": 296560
    }, 
    {
        "accumulated_operating_revenue_yoy": -13.849465010453818, 
        "accumulated_operating_revenue": 280196, 
        "long_term_average": 283785, 
        "date": "2014-01-31", 
        "operating_revenue": 280196, 
        "short_term_average": 290924
    }, 
    {
        "accumulated_operating_revenue_yoy": -0.946196120650462, 
        "accumulated_operating_revenue": 544683, 
        "long_term_average": 287105, 
        "date": "2014-02-28", 
        "operating_revenue": 264487, 
        "short_term_average": 279361
    }, 
    {
        "accumulated_operating_revenue_yoy": 0.7421199999533917, 
        "accumulated_operating_revenue": 864586, 
        "long_term_average": 288069, 
        "date": "2014-03-31", 
        "operating_revenue": 319903, 
        "short_term_average": 288195
    }, 
    {
        "accumulated_operating_revenue_yoy": 2.530126003114361, 
        "accumulated_operating_revenue": 1141067, 
        "long_term_average": 289885, 
        "date": "2014-04-30", 
        "operating_revenue": 276481, 
        "short_term_average": 286957
    }, 
    {
        "accumulated_operating_revenue_yoy": -1.4312220402544549, 
        "accumulated_operating_revenue": 1430644, 
        "long_term_average": 285808, 
        "date": "2014-05-31", 
        "operating_revenue": 289577, 
        "short_term_average": 295320
    }, 
    {
        "accumulated_operating_revenue_yoy": -0.28057404941559405, 
        "accumulated_operating_revenue": 1685009, 
        "long_term_average": 287144, 
        "date": "2014-06-30", 
        "operating_revenue": 254365, 
        "short_term_average": 273474
    }, 
    {
        "accumulated_operating_revenue_yoy": -0.6299570679600369, 
        "accumulated_operating_revenue": 1984066, 
        "long_term_average": 286491, 
        "date": "2014-07-31", 
        "operating_revenue": 299057, 
        "short_term_average": 280999
    }, 
    {
        "accumulated_operating_revenue_yoy": -0.21411568435521672, 
        "accumulated_operating_revenue": 2289641, 
        "long_term_average": 287129, 
        "date": "2014-08-31", 
        "operating_revenue": 305575, 
        "short_term_average": 286332
    }, 
    {
        "accumulated_operating_revenue_yoy": -0.19361220311396216, 
        "accumulated_operating_revenue": 2555831, 
        "long_term_average": 287126, 
        "date": "2014-09-30", 
        "operating_revenue": 266190, 
        "short_term_average": 290274
    }, 
    {
        "accumulated_operating_revenue_yoy": 0.026697999784456514, 
        "accumulated_operating_revenue": 2858655, 
        "long_term_average": 287602, 
        "date": "2014-10-31", 
        "operating_revenue": 302824, 
        "short_term_average": 291529
    }, 
    {
        "accumulated_operating_revenue_yoy": -0.6330238585219391, 
        "accumulated_operating_revenue": 3137084, 
        "long_term_average": 285873, 
        "date": "2014-11-30", 
        "operating_revenue": 278429, 
        "short_term_average": 282481
    }, 
    {
        "accumulated_operating_revenue_yoy": -1.4913040832118523, 
        "accumulated_operating_revenue": 3399013, 
        "long_term_average": 283251, 
        "date": "2014-12-31", 
        "operating_revenue": 261929, 
        "short_term_average": 281060
    }, 
    {
        "accumulated_operating_revenue_yoy": 7.2549215549115615, 
        "accumulated_operating_revenue": 300524, 
        "long_term_average": 284945, 
        "date": "2015-01-31", 
        "operating_revenue": 300524, 
        "short_term_average": 280294
    }, 
    {
        "accumulated_operating_revenue_yoy": -4.581563955548456, 
        "accumulated_operating_revenue": 519728, 
        "long_term_average": 281171, 
        "date": "2015-02-28", 
        "operating_revenue": 219204, 
        "short_term_average": 260552
    }, 
    {
        "accumulated_operating_revenue_yoy": -7.206107894414206, 
        "accumulated_operating_revenue": 802283, 
        "long_term_average": 278059, 
        "date": "2015-03-31", 
        "operating_revenue": 282555, 
        "short_term_average": 267427
    }, 
    {
        "accumulated_operating_revenue_yoy": -3.9087100056350765, 
        "accumulated_operating_revenue": 1096466, 
        "long_term_average": 279534, 
        "date": "2015-04-30", 
        "operating_revenue": 294183, 
        "short_term_average": 265314
    }, 
    {
        "accumulated_operating_revenue_yoy": -4.700330760133198, 
        "accumulated_operating_revenue": 1363399, 
        "long_term_average": 277647, 
        "date": "2015-05-31", 
        "operating_revenue": 266933, 
        "short_term_average": 281223
    }, 
    {
        "accumulated_operating_revenue_yoy": -3.063425773986964, 
        "accumulated_operating_revenue": 1633390, 
        "long_term_average": 278949, 
        "date": "2015-06-30", 
        "operating_revenue": 269991, 
        "short_term_average": 277035
    }, 
    {
        "accumulated_operating_revenue_yoy": -3.5480674534012477, 
        "accumulated_operating_revenue": 1913670, 
        "long_term_average": 277384, 
        "date": "2015-07-31", 
        "operating_revenue": 280280, 
        "short_term_average": 272401
    }, 
    {
        "accumulated_operating_revenue_yoy": -4.394619069102973, 
        "accumulated_operating_revenue": 2189020, 
        "long_term_average": 274866, 
        "date": "2015-08-31", 
        "operating_revenue": 275350, 
        "short_term_average": 275207
    }, 
    {
        "accumulated_operating_revenue_yoy": -3.5353667750332476, 
        "accumulated_operating_revenue": 2465473, 
        "long_term_average": 275721, 
        "date": "2015-09-30", 
        "operating_revenue": 276453, 
        "short_term_average": 277361
    }, 
    {
        "accumulated_operating_revenue_yoy": -3.6112787307317604, 
        "accumulated_operating_revenue": 2755421, 
        "long_term_average": 274648, 
        "date": "2015-10-31", 
        "operating_revenue": 289948, 
        "short_term_average": 280583
    }
]