[
    {
        "date": "2011-09-30", 
        "operating_revenue": 664068, 
        "accumulated_operating_revenue": 664068, 
        "long_term_average": 664068, 
        "short_term_average": 664068
    }, 
    {
        "date": "2011-10-31", 
        "operating_revenue": 608177, 
        "accumulated_operating_revenue": 1272245, 
        "long_term_average": 636122, 
        "short_term_average": 636122
    }, 
    {
        "date": "2011-11-30", 
        "operating_revenue": 583762, 
        "accumulated_operating_revenue": 1856007, 
        "long_term_average": 618669, 
        "short_term_average": 618669
    }, 
    {
        "date": "2011-12-31", 
        "operating_revenue": 615097, 
        "accumulated_operating_revenue": 2471104, 
        "long_term_average": 617776, 
        "short_term_average": 602345
    }, 
    {
        "date": "2012-01-31", 
        "operating_revenue": 493446, 
        "accumulated_operating_revenue": 493446, 
        "long_term_average": 592910, 
        "short_term_average": 564101
    }, 
    {
        "date": "2012-02-29", 
        "operating_revenue": 570446, 
        "accumulated_operating_revenue": 1063892, 
        "long_term_average": 589166, 
        "short_term_average": 559663
    }, 
    {
        "date": "2012-03-31", 
        "operating_revenue": 687976, 
        "accumulated_operating_revenue": 1751868, 
        "long_term_average": 603281, 
        "short_term_average": 583956
    }, 
    {
        "date": "2012-04-30", 
        "operating_revenue": 681447, 
        "accumulated_operating_revenue": 2433315, 
        "long_term_average": 613052, 
        "short_term_average": 646623
    }, 
    {
        "date": "2012-05-31", 
        "operating_revenue": 677127, 
        "accumulated_operating_revenue": 3110442, 
        "long_term_average": 620171, 
        "short_term_average": 682183
    }, 
    {
        "date": "2012-06-30", 
        "operating_revenue": 690964, 
        "accumulated_operating_revenue": 3801406, 
        "long_term_average": 627251, 
        "short_term_average": 683179
    }, 
    {
        "date": "2012-07-31", 
        "operating_revenue": 692165, 
        "accumulated_operating_revenue": 4493571, 
        "long_term_average": 633152, 
        "short_term_average": 686752
    }, 
    {
        "date": "2012-08-31", 
        "operating_revenue": 731316, 
        "accumulated_operating_revenue": 5224887, 
        "long_term_average": 641332, 
        "short_term_average": 704815
    }, 
    {
        "accumulated_operating_revenue_yoy": 791.8999259112019, 
        "accumulated_operating_revenue": 5922822, 
        "long_term_average": 644154, 
        "date": "2012-09-30", 
        "operating_revenue": 697935, 
        "short_term_average": 707138
    }, 
    {
        "accumulated_operating_revenue_yoy": 413.12420170643236, 
        "accumulated_operating_revenue": 6528197, 
        "long_term_average": 643921, 
        "date": "2012-10-31", 
        "operating_revenue": 605375, 
        "short_term_average": 678208
    }, 
    {
        "accumulated_operating_revenue_yoy": 285.70226297637885, 
        "accumulated_operating_revenue": 7158661, 
        "long_term_average": 647813, 
        "date": "2012-11-30", 
        "operating_revenue": 630464, 
        "short_term_average": 644591
    }, 
    {
        "accumulated_operating_revenue_yoy": 211.9447825749139, 
        "accumulated_operating_revenue": 7708480, 
        "long_term_average": 642373, 
        "date": "2012-12-31", 
        "operating_revenue": 549819, 
        "short_term_average": 595219
    }, 
    {
        "accumulated_operating_revenue_yoy": 36.458092678834156, 
        "accumulated_operating_revenue": 673347, 
        "long_term_average": 657365, 
        "date": "2013-01-31", 
        "operating_revenue": 673347, 
        "short_term_average": 617876
    }, 
    {
        "accumulated_operating_revenue_yoy": 2.2761708895263806, 
        "accumulated_operating_revenue": 1088108, 
        "long_term_average": 644391, 
        "date": "2013-02-28", 
        "operating_revenue": 414761, 
        "short_term_average": 545975
    }, 
    {
        "accumulated_operating_revenue_yoy": -4.5645562336888394, 
        "accumulated_operating_revenue": 1671903, 
        "long_term_average": 635709, 
        "date": "2013-03-31", 
        "operating_revenue": 583795, 
        "short_term_average": 557301
    }, 
    {
        "accumulated_operating_revenue_yoy": -3.5313964694254545, 
        "accumulated_operating_revenue": 2347385, 
        "long_term_average": 635212, 
        "date": "2013-04-30", 
        "operating_revenue": 675482, 
        "short_term_average": 558012
    }, 
    {
        "accumulated_operating_revenue_yoy": -0.06953995605769213, 
        "accumulated_operating_revenue": 3108279, 
        "long_term_average": 642193, 
        "date": "2013-05-31", 
        "operating_revenue": 760894, 
        "short_term_average": 673390
    }, 
    {
        "accumulated_operating_revenue_yoy": -0.3184874228114545, 
        "accumulated_operating_revenue": 3789299, 
        "long_term_average": 641364, 
        "date": "2013-06-30", 
        "operating_revenue": 681020, 
        "short_term_average": 705798
    }, 
    {
        "accumulated_operating_revenue_yoy": 1.6898809432409103, 
        "accumulated_operating_revenue": 4569507, 
        "long_term_average": 648701, 
        "date": "2013-07-31", 
        "operating_revenue": 780208, 
        "short_term_average": 740707
    }, 
    {
        "accumulated_operating_revenue_yoy": 1.7044961929320195, 
        "accumulated_operating_revenue": 5313945, 
        "long_term_average": 649794, 
        "date": "2013-08-31", 
        "operating_revenue": 744438, 
        "short_term_average": 735222
    }, 
    {
        "accumulated_operating_revenue_yoy": 1.623297137749539, 
        "accumulated_operating_revenue": 6018967, 
        "long_term_average": 650385, 
        "date": "2013-09-30", 
        "operating_revenue": 705022, 
        "short_term_average": 743222
    }, 
    {
        "accumulated_operating_revenue_yoy": 2.7538078277968636, 
        "accumulated_operating_revenue": 6707971, 
        "long_term_average": 657354, 
        "date": "2013-10-31", 
        "operating_revenue": 689004, 
        "short_term_average": 712821
    }, 
    {
        "accumulated_operating_revenue_yoy": 4.436569911607771, 
        "accumulated_operating_revenue": 7476260, 
        "long_term_average": 668839, 
        "date": "2013-11-30", 
        "operating_revenue": 768289, 
        "short_term_average": 720771
    }, 
    {
        "accumulated_operating_revenue_yoy": 7.088751608618041, 
        "accumulated_operating_revenue": 8254915, 
        "long_term_average": 687909, 
        "date": "2013-12-31", 
        "operating_revenue": 778655, 
        "short_term_average": 745316
    }, 
    {
        "accumulated_operating_revenue_yoy": 13.82823417940527, 
        "accumulated_operating_revenue": 766459, 
        "long_term_average": 695668, 
        "date": "2014-01-31", 
        "operating_revenue": 766459, 
        "short_term_average": 771134
    }, 
    {
        "accumulated_operating_revenue_yoy": 17.097751326155127, 
        "accumulated_operating_revenue": 1274150, 
        "long_term_average": 703413, 
        "date": "2014-02-28", 
        "operating_revenue": 507691, 
        "short_term_average": 684268
    }, 
    {
        "accumulated_operating_revenue_yoy": 20.64940370344452, 
        "accumulated_operating_revenue": 2017141, 
        "long_term_average": 716679, 
        "date": "2014-03-31", 
        "operating_revenue": 742991, 
        "short_term_average": 672380
    }, 
    {
        "accumulated_operating_revenue_yoy": 22.483359142194402, 
        "accumulated_operating_revenue": 2875156, 
        "long_term_average": 731890, 
        "date": "2014-04-30", 
        "operating_revenue": 858015, 
        "short_term_average": 702899
    }, 
    {
        "accumulated_operating_revenue_yoy": 19.114789888552476, 
        "accumulated_operating_revenue": 3702420, 
        "long_term_average": 737421, 
        "date": "2014-05-31", 
        "operating_revenue": 827264, 
        "short_term_average": 809423
    }, 
    {
        "accumulated_operating_revenue_yoy": 19.390631354242565, 
        "accumulated_operating_revenue": 4524068, 
        "long_term_average": 749140, 
        "date": "2014-06-30", 
        "operating_revenue": 821648, 
        "short_term_average": 835642
    }, 
    {
        "accumulated_operating_revenue_yoy": 17.42483379498051, 
        "accumulated_operating_revenue": 5365736, 
        "long_term_average": 754262, 
        "date": "2014-07-31", 
        "operating_revenue": 841668, 
        "short_term_average": 830193
    }, 
    {
        "accumulated_operating_revenue_yoy": 16.278885084433504, 
        "accumulated_operating_revenue": 6178996, 
        "long_term_average": 759997, 
        "date": "2014-08-31", 
        "operating_revenue": 813260, 
        "short_term_average": 825525
    }, 
    {
        "accumulated_operating_revenue_yoy": 17.059937361344563, 
        "accumulated_operating_revenue": 7045799, 
        "long_term_average": 773478, 
        "date": "2014-09-30", 
        "operating_revenue": 866803, 
        "short_term_average": 840577
    }, 
    {
        "accumulated_operating_revenue_yoy": 16.175487341850463, 
        "accumulated_operating_revenue": 7793018, 
        "long_term_average": 778330, 
        "date": "2014-10-31", 
        "operating_revenue": 747219, 
        "short_term_average": 809094
    }, 
    {
        "accumulated_operating_revenue_yoy": 15.444112430546825, 
        "accumulated_operating_revenue": 8630902, 
        "long_term_average": 784129, 
        "date": "2014-11-30", 
        "operating_revenue": 837884, 
        "short_term_average": 817302
    }, 
    {
        "accumulated_operating_revenue_yoy": 15.475156315964488, 
        "accumulated_operating_revenue": 9532376, 
        "long_term_average": 794364, 
        "date": "2014-12-31", 
        "operating_revenue": 901474, 
        "short_term_average": 828859
    }, 
    {
        "accumulated_operating_revenue_yoy": 14.552246108402406, 
        "accumulated_operating_revenue": 877996, 
        "long_term_average": 803659, 
        "date": "2015-01-31", 
        "operating_revenue": 877996, 
        "short_term_average": 872451
    }, 
    {
        "accumulated_operating_revenue_yoy": 15.685986736255542, 
        "accumulated_operating_revenue": 1474013, 
        "long_term_average": 811019, 
        "date": "2015-02-28", 
        "operating_revenue": 596017, 
        "short_term_average": 791829
    }, 
    {
        "accumulated_operating_revenue_yoy": 12.848234208714215, 
        "accumulated_operating_revenue": 2276308, 
        "long_term_average": 815961, 
        "date": "2015-03-31", 
        "operating_revenue": 802295, 
        "short_term_average": 758769
    }, 
    {
        "accumulated_operating_revenue_yoy": 7.813662980373934, 
        "accumulated_operating_revenue": 3099811, 
        "long_term_average": 813085, 
        "date": "2015-04-30", 
        "operating_revenue": 823503, 
        "short_term_average": 740605
    }, 
    {
        "accumulated_operating_revenue_yoy": 4.596723224269532, 
        "accumulated_operating_revenue": 3872610, 
        "long_term_average": 808547, 
        "date": "2015-05-31", 
        "operating_revenue": 772799, 
        "short_term_average": 799532
    }, 
    {
        "accumulated_operating_revenue_yoy": 3.9708731168497025, 
        "accumulated_operating_revenue": 4703713, 
        "long_term_average": 809335, 
        "date": "2015-06-30", 
        "operating_revenue": 831103, 
        "short_term_average": 809135
    }, 
    {
        "accumulated_operating_revenue_yoy": 3.5306806000146116, 
        "accumulated_operating_revenue": 5555183, 
        "long_term_average": 810151, 
        "date": "2015-07-31", 
        "operating_revenue": 851470, 
        "short_term_average": 818457
    }, 
    {
        "accumulated_operating_revenue_yoy": 4.497186921629339, 
        "accumulated_operating_revenue": 6456877, 
        "long_term_average": 817521, 
        "date": "2015-08-31", 
        "operating_revenue": 901694, 
        "short_term_average": 861422
    }
]