[
    {
        "date": "2012-01-31", 
        "operating_revenue": 83960, 
        "accumulated_operating_revenue": 83960, 
        "long_term_average": 83960, 
        "short_term_average": 83960
    }, 
    {
        "date": "2012-02-29", 
        "operating_revenue": 137920, 
        "accumulated_operating_revenue": 221880, 
        "long_term_average": 110940, 
        "short_term_average": 110940
    }, 
    {
        "date": "2012-03-31", 
        "operating_revenue": 177555, 
        "accumulated_operating_revenue": 399435, 
        "long_term_average": 133145, 
        "short_term_average": 133145
    }, 
    {
        "date": "2012-04-30", 
        "operating_revenue": 141086, 
        "accumulated_operating_revenue": 540521, 
        "long_term_average": 135130, 
        "short_term_average": 152187
    }, 
    {
        "date": "2012-05-31", 
        "operating_revenue": 189010, 
        "accumulated_operating_revenue": 729531, 
        "long_term_average": 145906, 
        "short_term_average": 169217
    }, 
    {
        "date": "2012-06-30", 
        "operating_revenue": 198747, 
        "accumulated_operating_revenue": 928278, 
        "long_term_average": 154713, 
        "short_term_average": 176281
    }, 
    {
        "date": "2012-07-31", 
        "operating_revenue": 143836, 
        "accumulated_operating_revenue": 1072114, 
        "long_term_average": 153159, 
        "short_term_average": 177197
    }, 
    {
        "date": "2012-08-31", 
        "operating_revenue": 166757, 
        "accumulated_operating_revenue": 1238871, 
        "long_term_average": 154858, 
        "short_term_average": 169780
    }, 
    {
        "date": "2012-09-30", 
        "operating_revenue": 153481, 
        "accumulated_operating_revenue": 1392352, 
        "long_term_average": 154705, 
        "short_term_average": 154691
    }, 
    {
        "date": "2012-10-31", 
        "operating_revenue": 184773, 
        "accumulated_operating_revenue": 1577125, 
        "long_term_average": 157712, 
        "short_term_average": 168337
    }, 
    {
        "date": "2012-11-30", 
        "operating_revenue": 171372, 
        "accumulated_operating_revenue": 1748497, 
        "long_term_average": 158954, 
        "short_term_average": 169875
    }, 
    {
        "date": "2012-12-31", 
        "operating_revenue": 161125, 
        "accumulated_operating_revenue": 1909622, 
        "long_term_average": 159135, 
        "short_term_average": 172423
    }, 
    {
        "accumulated_operating_revenue_yoy": 73.81729394949976, 
        "accumulated_operating_revenue": 145937, 
        "long_term_average": 164299, 
        "date": "2013-01-31", 
        "operating_revenue": 145937, 
        "short_term_average": 159478
    }, 
    {
        "accumulated_operating_revenue_yoy": 18.10302866414278, 
        "accumulated_operating_revenue": 262047, 
        "long_term_average": 162482, 
        "date": "2013-02-28", 
        "operating_revenue": 116110, 
        "short_term_average": 141057
    }, 
    {
        "accumulated_operating_revenue_yoy": 16.65126991876025, 
        "accumulated_operating_revenue": 465946, 
        "long_term_average": 164677, 
        "date": "2013-03-31", 
        "operating_revenue": 203899, 
        "short_term_average": 155315
    }, 
    {
        "accumulated_operating_revenue_yoy": 20.12206741273697, 
        "accumulated_operating_revenue": 649285, 
        "long_term_average": 168198, 
        "date": "2013-04-30", 
        "operating_revenue": 183339, 
        "short_term_average": 167782
    }, 
    {
        "accumulated_operating_revenue_yoy": 12.98299866626641, 
        "accumulated_operating_revenue": 824246, 
        "long_term_average": 167028, 
        "date": "2013-05-31", 
        "operating_revenue": 174961, 
        "short_term_average": 187399
    }, 
    {
        "accumulated_operating_revenue_yoy": 7.371606350683739, 
        "accumulated_operating_revenue": 996707, 
        "long_term_average": 164837, 
        "date": "2013-06-30", 
        "operating_revenue": 172461, 
        "short_term_average": 176920
    }, 
    {
        "accumulated_operating_revenue_yoy": 10.671346517254694, 
        "accumulated_operating_revenue": 1186523, 
        "long_term_average": 168669, 
        "date": "2013-07-31", 
        "operating_revenue": 189816, 
        "short_term_average": 179079
    }, 
    {
        "accumulated_operating_revenue_yoy": 9.566694191727791, 
        "accumulated_operating_revenue": 1357390, 
        "long_term_average": 169011, 
        "date": "2013-08-31", 
        "operating_revenue": 170867, 
        "short_term_average": 177714
    }, 
    {
        "accumulated_operating_revenue_yoy": 9.724767874790283, 
        "accumulated_operating_revenue": 1527755, 
        "long_term_average": 170418, 
        "date": "2013-09-30", 
        "operating_revenue": 170365, 
        "short_term_average": 177016
    }, 
    {
        "accumulated_operating_revenue_yoy": 8.172846159942933, 
        "accumulated_operating_revenue": 1706021, 
        "long_term_average": 169876, 
        "date": "2013-10-31", 
        "operating_revenue": 178266, 
        "short_term_average": 173166
    }, 
    {
        "accumulated_operating_revenue_yoy": 8.78600306434612, 
        "accumulated_operating_revenue": 1902120, 
        "long_term_average": 171937, 
        "date": "2013-11-30", 
        "operating_revenue": 196099, 
        "short_term_average": 181576
    }, 
    {
        "accumulated_operating_revenue_yoy": 9.982813352590199, 
        "accumulated_operating_revenue": 2100256, 
        "long_term_average": 175021, 
        "date": "2013-12-31", 
        "operating_revenue": 198136, 
        "short_term_average": 190833
    }, 
    {
        "accumulated_operating_revenue_yoy": -10.359264614182832, 
        "accumulated_operating_revenue": 130819, 
        "long_term_average": 173761, 
        "date": "2014-01-31", 
        "operating_revenue": 130819, 
        "short_term_average": 175018
    }, 
    {
        "accumulated_operating_revenue_yoy": -6.718642075658184, 
        "accumulated_operating_revenue": 244441, 
        "long_term_average": 173554, 
        "date": "2014-02-28", 
        "operating_revenue": 113622, 
        "short_term_average": 147525
    }, 
    {
        "accumulated_operating_revenue_yoy": 0.9370184527820821, 
        "accumulated_operating_revenue": 470312, 
        "long_term_average": 175385, 
        "date": "2014-03-31", 
        "operating_revenue": 225871, 
        "short_term_average": 156770
    }, 
    {
        "accumulated_operating_revenue_yoy": 1.1697482615492427, 
        "accumulated_operating_revenue": 656880, 
        "long_term_average": 175654, 
        "date": "2014-04-30", 
        "operating_revenue": 186568, 
        "short_term_average": 175353
    }, 
    {
        "accumulated_operating_revenue_yoy": 0.9070107710562137, 
        "accumulated_operating_revenue": 831722, 
        "long_term_average": 175644, 
        "date": "2014-05-31", 
        "operating_revenue": 174842, 
        "short_term_average": 195760
    }, 
    {
        "accumulated_operating_revenue_yoy": 2.2987698491131296, 
        "accumulated_operating_revenue": 1019619, 
        "long_term_average": 176930, 
        "date": "2014-06-30", 
        "operating_revenue": 187897, 
        "short_term_average": 183102
    }, 
    {
        "accumulated_operating_revenue_yoy": 0.1600474664207942, 
        "accumulated_operating_revenue": 1188422, 
        "long_term_average": 175179, 
        "date": "2014-07-31", 
        "operating_revenue": 168803, 
        "short_term_average": 177180
    }, 
    {
        "accumulated_operating_revenue_yoy": 1.0766986643484922, 
        "accumulated_operating_revenue": 1372005, 
        "long_term_average": 176239, 
        "date": "2014-08-31", 
        "operating_revenue": 183583, 
        "short_term_average": 180094
    }, 
    {
        "accumulated_operating_revenue_yoy": 3.044467208420198, 
        "accumulated_operating_revenue": 1574267, 
        "long_term_average": 178897, 
        "date": "2014-09-30", 
        "operating_revenue": 202262, 
        "short_term_average": 184882
    }, 
    {
        "accumulated_operating_revenue_yoy": 2.1265857805970736, 
        "accumulated_operating_revenue": 1742301, 
        "long_term_average": 178044, 
        "date": "2014-10-31", 
        "operating_revenue": 168034, 
        "short_term_average": 184626
    }, 
    {
        "accumulated_operating_revenue_yoy": 0.7885412066536287, 
        "accumulated_operating_revenue": 1917119, 
        "long_term_average": 176271, 
        "date": "2014-11-30", 
        "operating_revenue": 174818, 
        "short_term_average": 181704
    }, 
    {
        "accumulated_operating_revenue_yoy": 3.8415316989928847, 
        "accumulated_operating_revenue": 2180938, 
        "long_term_average": 181744, 
        "date": "2014-12-31", 
        "operating_revenue": 263819, 
        "short_term_average": 202223
    }, 
    {
        "accumulated_operating_revenue_yoy": 19.44595204060572, 
        "accumulated_operating_revenue": 156258, 
        "long_term_average": 183864, 
        "date": "2015-01-31", 
        "operating_revenue": 156258, 
        "short_term_average": 198298
    }, 
    {
        "accumulated_operating_revenue_yoy": 11.828212124807214, 
        "accumulated_operating_revenue": 273354, 
        "long_term_average": 184154, 
        "date": "2015-02-28", 
        "operating_revenue": 117096, 
        "short_term_average": 179057
    }, 
    {
        "accumulated_operating_revenue_yoy": -1.5914967085679292, 
        "accumulated_operating_revenue": 462827, 
        "long_term_average": 181121, 
        "date": "2015-03-31", 
        "operating_revenue": 189473, 
        "short_term_average": 154275
    }, 
    {
        "accumulated_operating_revenue_yoy": -3.8997990500548045, 
        "accumulated_operating_revenue": 631263, 
        "long_term_average": 179610, 
        "date": "2015-04-30", 
        "operating_revenue": 168436, 
        "short_term_average": 158335
    }, 
    {
        "accumulated_operating_revenue_yoy": -5.031128189467154, 
        "accumulated_operating_revenue": 789877, 
        "long_term_average": 178257, 
        "date": "2015-05-31", 
        "operating_revenue": 158614, 
        "short_term_average": 172174
    }, 
    {
        "accumulated_operating_revenue_yoy": -5.631515301303723, 
        "accumulated_operating_revenue": 962199, 
        "long_term_average": 176959, 
        "date": "2015-06-30", 
        "operating_revenue": 172322, 
        "short_term_average": 166457
    }, 
    {
        "accumulated_operating_revenue_yoy": -4.612671256506527, 
        "accumulated_operating_revenue": 1133604, 
        "long_term_average": 177176, 
        "date": "2015-07-31", 
        "operating_revenue": 171405, 
        "short_term_average": 167447
    }, 
    {
        "accumulated_operating_revenue_yoy": -5.03627902230677, 
        "accumulated_operating_revenue": 1302907, 
        "long_term_average": 175986, 
        "date": "2015-08-31", 
        "operating_revenue": 169303, 
        "short_term_average": 171010
    }, 
    {
        "accumulated_operating_revenue_yoy": -5.291859640073762, 
        "accumulated_operating_revenue": 1490959, 
        "long_term_average": 174802, 
        "date": "2015-09-30", 
        "operating_revenue": 188052, 
        "short_term_average": 176253
    }
]