[
    {
        "date": "2012-01-31", 
        "operating_revenue": 12598, 
        "accumulated_operating_revenue": 12598, 
        "long_term_average": 12598, 
        "short_term_average": 12598
    }, 
    {
        "date": "2012-02-29", 
        "operating_revenue": 12532, 
        "accumulated_operating_revenue": 25130, 
        "long_term_average": 12565, 
        "short_term_average": 12565
    }, 
    {
        "date": "2012-03-31", 
        "operating_revenue": 8393, 
        "accumulated_operating_revenue": 33523, 
        "long_term_average": 11174, 
        "short_term_average": 11174
    }, 
    {
        "date": "2012-04-30", 
        "operating_revenue": 2452, 
        "accumulated_operating_revenue": 35975, 
        "long_term_average": 8993, 
        "short_term_average": 7792
    }, 
    {
        "date": "2012-05-31", 
        "operating_revenue": 13314, 
        "accumulated_operating_revenue": 49289, 
        "long_term_average": 9857, 
        "short_term_average": 8053
    }, 
    {
        "date": "2012-06-30", 
        "operating_revenue": 2472, 
        "accumulated_operating_revenue": 51761, 
        "long_term_average": 8626, 
        "short_term_average": 6079
    }, 
    {
        "date": "2012-07-31", 
        "operating_revenue": 18522, 
        "accumulated_operating_revenue": 70283, 
        "long_term_average": 10040, 
        "short_term_average": 11436
    }, 
    {
        "date": "2012-08-31", 
        "operating_revenue": 4812, 
        "accumulated_operating_revenue": 75095, 
        "long_term_average": 9386, 
        "short_term_average": 8602
    }, 
    {
        "date": "2012-09-30", 
        "operating_revenue": 10773, 
        "accumulated_operating_revenue": 85868, 
        "long_term_average": 9540, 
        "short_term_average": 11369
    }, 
    {
        "date": "2012-10-31", 
        "operating_revenue": 2407, 
        "accumulated_operating_revenue": 88275, 
        "long_term_average": 8827, 
        "short_term_average": 5997
    }, 
    {
        "date": "2012-11-30", 
        "operating_revenue": 2237, 
        "accumulated_operating_revenue": 90512, 
        "long_term_average": 8228, 
        "short_term_average": 5139
    }, 
    {
        "date": "2012-12-31", 
        "operating_revenue": 2417, 
        "accumulated_operating_revenue": 92929, 
        "long_term_average": 7744, 
        "short_term_average": 2353
    }, 
    {
        "accumulated_operating_revenue_yoy": -77.74249880933482, 
        "accumulated_operating_revenue": 2804, 
        "long_term_average": 6927, 
        "date": "2013-01-31", 
        "operating_revenue": 2804, 
        "short_term_average": 2486
    }, 
    {
        "accumulated_operating_revenue_yoy": -31.738957421408674, 
        "accumulated_operating_revenue": 17154, 
        "long_term_average": 7079, 
        "date": "2013-02-28", 
        "operating_revenue": 14350, 
        "short_term_average": 6523
    }, 
    {
        "accumulated_operating_revenue_yoy": -42.976463920293526, 
        "accumulated_operating_revenue": 19116, 
        "long_term_average": 6543, 
        "date": "2013-03-31", 
        "operating_revenue": 1962, 
        "short_term_average": 6372
    }, 
    {
        "accumulated_operating_revenue_yoy": 40.04725503822099, 
        "accumulated_operating_revenue": 50382, 
        "long_term_average": 8944, 
        "date": "2013-04-30", 
        "operating_revenue": 31266, 
        "short_term_average": 15859
    }, 
    {
        "accumulated_operating_revenue_yoy": 77.17949238166732, 
        "accumulated_operating_revenue": 87330, 
        "long_term_average": 10914, 
        "date": "2013-05-31", 
        "operating_revenue": 36948, 
        "short_term_average": 23392
    }, 
    {
        "accumulated_operating_revenue_yoy": 140.2909526477464, 
        "accumulated_operating_revenue": 124377, 
        "long_term_average": 13795, 
        "date": "2013-06-30", 
        "operating_revenue": 37047, 
        "short_term_average": 35087
    }, 
    {
        "accumulated_operating_revenue_yoy": 111.01262040607259, 
        "accumulated_operating_revenue": 148306, 
        "long_term_average": 14246, 
        "date": "2013-07-31", 
        "operating_revenue": 23929, 
        "short_term_average": 32641
    }, 
    {
        "accumulated_operating_revenue_yoy": 100.1571342965577, 
        "accumulated_operating_revenue": 150308, 
        "long_term_average": 14011, 
        "date": "2013-08-31", 
        "operating_revenue": 2002, 
        "short_term_average": 20992
    }, 
    {
        "accumulated_operating_revenue_yoy": 77.34196673964689, 
        "accumulated_operating_revenue": 152280, 
        "long_term_average": 13278, 
        "date": "2013-09-30", 
        "operating_revenue": 1972, 
        "short_term_average": 9301
    }, 
    {
        "accumulated_operating_revenue_yoy": 182.57264231096008, 
        "accumulated_operating_revenue": 249441, 
        "long_term_average": 21174, 
        "date": "2013-10-31", 
        "operating_revenue": 97161, 
        "short_term_average": 33711
    }, 
    {
        "accumulated_operating_revenue_yoy": 179.42372282128335, 
        "accumulated_operating_revenue": 252912, 
        "long_term_average": 21277, 
        "date": "2013-11-30", 
        "operating_revenue": 3471, 
        "short_term_average": 34201
    }, 
    {
        "accumulated_operating_revenue_yoy": 389.3510099107921, 
        "accumulated_operating_revenue": 454749, 
        "long_term_average": 37895, 
        "date": "2013-12-31", 
        "operating_revenue": 201837, 
        "short_term_average": 100823
    }, 
    {
        "accumulated_operating_revenue_yoy": -30.563480741797434, 
        "accumulated_operating_revenue": 1947, 
        "long_term_average": 37824, 
        "date": "2014-01-31", 
        "operating_revenue": 1947, 
        "short_term_average": 69085
    }, 
    {
        "accumulated_operating_revenue_yoy": -80.05712953247055, 
        "accumulated_operating_revenue": 3421, 
        "long_term_average": 36751, 
        "date": "2014-02-28", 
        "operating_revenue": 1474, 
        "short_term_average": 68419
    }, 
    {
        "accumulated_operating_revenue_yoy": -41.70851642603055, 
        "accumulated_operating_revenue": 11143, 
        "long_term_average": 37231, 
        "date": "2014-03-31", 
        "operating_revenue": 7722, 
        "short_term_average": 3714
    }, 
    {
        "accumulated_operating_revenue_yoy": -75.00893176134333, 
        "accumulated_operating_revenue": 12591, 
        "long_term_average": 34746, 
        "date": "2014-04-30", 
        "operating_revenue": 1448, 
        "short_term_average": 3548
    }, 
    {
        "accumulated_operating_revenue_yoy": -49.915263941371805, 
        "accumulated_operating_revenue": 43739, 
        "long_term_average": 34263, 
        "date": "2014-05-31", 
        "operating_revenue": 31148, 
        "short_term_average": 13439
    }, 
    {
        "accumulated_operating_revenue_yoy": -63.73766854000338, 
        "accumulated_operating_revenue": 45102, 
        "long_term_average": 31289, 
        "date": "2014-06-30", 
        "operating_revenue": 1363, 
        "short_term_average": 11319
    }, 
    {
        "accumulated_operating_revenue_yoy": -68.6438849405958, 
        "accumulated_operating_revenue": 46503, 
        "long_term_average": 29412, 
        "date": "2014-07-31", 
        "operating_revenue": 1401, 
        "short_term_average": 11304
    }, 
    {
        "accumulated_operating_revenue_yoy": -68.14274689304628, 
        "accumulated_operating_revenue": 47884, 
        "long_term_average": 29360, 
        "date": "2014-08-31", 
        "operating_revenue": 1381, 
        "short_term_average": 1381
    }, 
    {
        "accumulated_operating_revenue_yoy": -67.59718938796952, 
        "accumulated_operating_revenue": 49343, 
        "long_term_average": 29317, 
        "date": "2014-09-30", 
        "operating_revenue": 1459, 
        "short_term_average": 1413
    }, 
    {
        "accumulated_operating_revenue_yoy": -80.20774451673944, 
        "accumulated_operating_revenue": 49370, 
        "long_term_average": 21223, 
        "date": "2014-10-31", 
        "operating_revenue": 27, 
        "short_term_average": 955
    }, 
    {
        "accumulated_operating_revenue_yoy": -79.77043398494338, 
        "accumulated_operating_revenue": 51163, 
        "long_term_average": 21083, 
        "date": "2014-11-30", 
        "operating_revenue": 1793, 
        "short_term_average": 1093
    }, 
    {
        "accumulated_operating_revenue_yoy": -88.69838086504863, 
        "accumulated_operating_revenue": 51394, 
        "long_term_average": 4282, 
        "date": "2014-12-31", 
        "operating_revenue": 231, 
        "short_term_average": 683
    }, 
    {
        "accumulated_operating_revenue_yoy": -55.57267591165896, 
        "accumulated_operating_revenue": 865, 
        "long_term_average": 4192, 
        "date": "2015-01-31", 
        "operating_revenue": 865, 
        "short_term_average": 963
    }, 
    {
        "accumulated_operating_revenue_yoy": -73.95498392282958, 
        "accumulated_operating_revenue": 891, 
        "long_term_average": 4072, 
        "date": "2015-02-28", 
        "operating_revenue": 26, 
        "short_term_average": 374
    }, 
    {
        "accumulated_operating_revenue_yoy": -86.23350982679709, 
        "accumulated_operating_revenue": 1534, 
        "long_term_average": 3482, 
        "date": "2015-03-31", 
        "operating_revenue": 643, 
        "short_term_average": 511
    }, 
    {
        "accumulated_operating_revenue_yoy": -87.67373520768803, 
        "accumulated_operating_revenue": 1552, 
        "long_term_average": 3362, 
        "date": "2015-04-30", 
        "operating_revenue": 18, 
        "short_term_average": 229
    }, 
    {
        "accumulated_operating_revenue_yoy": -95.59889343606393, 
        "accumulated_operating_revenue": 1925, 
        "long_term_average": 798, 
        "date": "2015-05-31", 
        "operating_revenue": 373, 
        "short_term_average": 344
    }, 
    {
        "accumulated_operating_revenue_yoy": -95.66316349607557, 
        "accumulated_operating_revenue": 1956, 
        "long_term_average": 687, 
        "date": "2015-06-30", 
        "operating_revenue": 31, 
        "short_term_average": 140
    }, 
    {
        "accumulated_operating_revenue_yoy": -95.3830935638561, 
        "accumulated_operating_revenue": 2147, 
        "long_term_average": 586, 
        "date": "2015-07-31", 
        "operating_revenue": 191, 
        "short_term_average": 198
    }, 
    {
        "accumulated_operating_revenue_yoy": -95.10901344916883, 
        "accumulated_operating_revenue": 2342, 
        "long_term_average": 487, 
        "date": "2015-08-31", 
        "operating_revenue": 195, 
        "short_term_average": 139
    }
]