[
    {
        "date": "2011-09-30", 
        "operating_revenue": 76905, 
        "accumulated_operating_revenue": 76905, 
        "long_term_average": 76905, 
        "short_term_average": 76905
    }, 
    {
        "date": "2011-10-31", 
        "operating_revenue": 41079, 
        "accumulated_operating_revenue": 117984, 
        "long_term_average": 58992, 
        "short_term_average": 58992
    }, 
    {
        "date": "2011-12-31", 
        "operating_revenue": 6588, 
        "accumulated_operating_revenue": 124572, 
        "long_term_average": 41524, 
        "short_term_average": 41524
    }, 
    {
        "date": "2012-01-31", 
        "operating_revenue": 20445, 
        "accumulated_operating_revenue": 20445, 
        "long_term_average": 36254, 
        "short_term_average": 22704
    }, 
    {
        "date": "2012-02-29", 
        "operating_revenue": 57244, 
        "accumulated_operating_revenue": 77689, 
        "long_term_average": 40452, 
        "short_term_average": 28092
    }, 
    {
        "date": "2012-03-31", 
        "operating_revenue": 157405, 
        "accumulated_operating_revenue": 235094, 
        "long_term_average": 59944, 
        "short_term_average": 78364
    }, 
    {
        "date": "2012-04-30", 
        "operating_revenue": 173223, 
        "accumulated_operating_revenue": 408317, 
        "long_term_average": 76127, 
        "short_term_average": 129290
    }, 
    {
        "date": "2012-05-31", 
        "operating_revenue": 207217, 
        "accumulated_operating_revenue": 615534, 
        "long_term_average": 92513, 
        "short_term_average": 179281
    }, 
    {
        "date": "2012-06-30", 
        "operating_revenue": 190613, 
        "accumulated_operating_revenue": 806147, 
        "long_term_average": 103413, 
        "short_term_average": 190351
    }, 
    {
        "date": "2012-07-31", 
        "operating_revenue": 197866, 
        "accumulated_operating_revenue": 1004013, 
        "long_term_average": 112858, 
        "short_term_average": 198565
    }, 
    {
        "date": "2012-08-31", 
        "operating_revenue": 220670, 
        "accumulated_operating_revenue": 1224683, 
        "long_term_average": 122659, 
        "short_term_average": 203049
    }, 
    {
        "accumulated_operating_revenue_yoy": 1799.632013523178, 
        "accumulated_operating_revenue": 1460912, 
        "long_term_average": 132123, 
        "date": "2012-09-30", 
        "operating_revenue": 236229, 
        "short_term_average": 218255
    }, 
    {
        "accumulated_operating_revenue_yoy": 1379.4870490914022, 
        "accumulated_operating_revenue": 1745558, 
        "long_term_average": 149435, 
        "date": "2012-10-31", 
        "operating_revenue": 284646, 
        "short_term_average": 247181
    }, 
    {
        "date": "2012-11-30", 
        "operating_revenue": 309332, 
        "accumulated_operating_revenue": 2054890, 
        "long_term_average": 171789, 
        "short_term_average": 276735
    }, 
    {
        "accumulated_operating_revenue_yoy": 1810.468644639245, 
        "accumulated_operating_revenue": 2379909, 
        "long_term_average": 198325, 
        "date": "2012-12-31", 
        "operating_revenue": 325019, 
        "short_term_average": 306332
    }, 
    {
        "accumulated_operating_revenue_yoy": 1362.6314502323307, 
        "accumulated_operating_revenue": 299035, 
        "long_term_average": 221541, 
        "date": "2013-01-31", 
        "operating_revenue": 299035, 
        "short_term_average": 311128
    }, 
    {
        "accumulated_operating_revenue_yoy": 812.5178596712534, 
        "accumulated_operating_revenue": 708926, 
        "long_term_average": 250928, 
        "date": "2013-02-28", 
        "operating_revenue": 409891, 
        "short_term_average": 344648
    }, 
    {
        "accumulated_operating_revenue_yoy": 382.77837801049793, 
        "accumulated_operating_revenue": 1134983, 
        "long_term_average": 273316, 
        "date": "2013-03-31", 
        "operating_revenue": 426057, 
        "short_term_average": 378327
    }, 
    {
        "accumulated_operating_revenue_yoy": 288.59268656460546, 
        "accumulated_operating_revenue": 1586690, 
        "long_term_average": 296523, 
        "date": "2013-04-30", 
        "operating_revenue": 451707, 
        "short_term_average": 429218
    }, 
    {
        "accumulated_operating_revenue_yoy": 233.20580179161507, 
        "accumulated_operating_revenue": 2050995, 
        "long_term_average": 317947, 
        "date": "2013-05-31", 
        "operating_revenue": 464305, 
        "short_term_average": 447356
    }, 
    {
        "accumulated_operating_revenue_yoy": 218.8816679836308, 
        "accumulated_operating_revenue": 2570655, 
        "long_term_average": 345368, 
        "date": "2013-06-30", 
        "operating_revenue": 519660, 
        "short_term_average": 478557
    }, 
    {
        "accumulated_operating_revenue_yoy": 207.78067614662362, 
        "accumulated_operating_revenue": 3090158, 
        "long_term_average": 372171, 
        "date": "2013-07-31", 
        "operating_revenue": 519503, 
        "short_term_average": 501156
    }, 
    {
        "accumulated_operating_revenue_yoy": 204.2296659625389, 
        "accumulated_operating_revenue": 3725849, 
        "long_term_average": 406756, 
        "date": "2013-08-31", 
        "operating_revenue": 635691, 
        "short_term_average": 558284
    }, 
    {
        "accumulated_operating_revenue_yoy": 189.2612970527999, 
        "accumulated_operating_revenue": 4225853, 
        "long_term_average": 428737, 
        "date": "2013-09-30", 
        "operating_revenue": 500004, 
        "short_term_average": 551732
    }, 
    {
        "accumulated_operating_revenue_yoy": 174.87187478158847, 
        "accumulated_operating_revenue": 4798048, 
        "long_term_average": 452699, 
        "date": "2013-10-31", 
        "operating_revenue": 572195, 
        "short_term_average": 569296
    }, 
    {
        "accumulated_operating_revenue_yoy": 161.85469781837472, 
        "accumulated_operating_revenue": 5380826, 
        "long_term_average": 475487, 
        "date": "2013-11-30", 
        "operating_revenue": 582778, 
        "short_term_average": 551659
    }, 
    {
        "accumulated_operating_revenue_yoy": 157.9607455579184, 
        "accumulated_operating_revenue": 6139231, 
        "long_term_average": 511602, 
        "date": "2013-12-31", 
        "operating_revenue": 758405, 
        "short_term_average": 637792
    }, 
    {
        "accumulated_operating_revenue_yoy": 123.96742856187404, 
        "accumulated_operating_revenue": 669741, 
        "long_term_average": 542494, 
        "date": "2014-01-31", 
        "operating_revenue": 669741, 
        "short_term_average": 670308
    }, 
    {
        "accumulated_operating_revenue_yoy": 84.19891497843216, 
        "accumulated_operating_revenue": 1305834, 
        "long_term_average": 561344, 
        "date": "2014-02-28", 
        "operating_revenue": 636093, 
        "short_term_average": 688079
    }, 
    {
        "accumulated_operating_revenue_yoy": 71.47992524998172, 
        "accumulated_operating_revenue": 1946268, 
        "long_term_average": 579209, 
        "date": "2014-03-31", 
        "operating_revenue": 640434, 
        "short_term_average": 648756
    }, 
    {
        "accumulated_operating_revenue_yoy": 44.44018680397557, 
        "accumulated_operating_revenue": 2291818, 
        "long_term_average": 570363, 
        "date": "2014-04-30", 
        "operating_revenue": 345550, 
        "short_term_average": 540692
    }, 
    {
        "accumulated_operating_revenue_yoy": 27.792510464433118, 
        "accumulated_operating_revenue": 2621018, 
        "long_term_average": 559104, 
        "date": "2014-05-31", 
        "operating_revenue": 329200, 
        "short_term_average": 438394
    }, 
    {
        "accumulated_operating_revenue_yoy": 18.128492543729127, 
        "accumulated_operating_revenue": 3036676, 
        "long_term_average": 550437, 
        "date": "2014-06-30", 
        "operating_revenue": 415658, 
        "short_term_average": 363469
    }, 
    {
        "accumulated_operating_revenue_yoy": 11.86369758439536, 
        "accumulated_operating_revenue": 3456765, 
        "long_term_average": 542153, 
        "date": "2014-07-31", 
        "operating_revenue": 420089, 
        "short_term_average": 388315
    }, 
    {
        "accumulated_operating_revenue_yoy": 4.985065148909685, 
        "accumulated_operating_revenue": 3911585, 
        "long_term_average": 527080, 
        "date": "2014-08-31", 
        "operating_revenue": 454820, 
        "short_term_average": 430189
    }, 
    {
        "accumulated_operating_revenue_yoy": 3.25886868284344, 
        "accumulated_operating_revenue": 4363568, 
        "long_term_average": 523078, 
        "date": "2014-09-30", 
        "operating_revenue": 451983, 
        "short_term_average": 442297
    }, 
    {
        "accumulated_operating_revenue_yoy": 0.7517432089049546, 
        "accumulated_operating_revenue": 4834117, 
        "long_term_average": 514608, 
        "date": "2014-10-31", 
        "operating_revenue": 470549, 
        "short_term_average": 459117
    }, 
    {
        "accumulated_operating_revenue_yoy": 0.9708546606041526, 
        "accumulated_operating_revenue": 5433066, 
        "long_term_average": 515955, 
        "date": "2014-11-30", 
        "operating_revenue": 598949, 
        "short_term_average": 507160
    }, 
    {
        "accumulated_operating_revenue_yoy": -4.474355175754097, 
        "accumulated_operating_revenue": 5864540, 
        "long_term_average": 488711, 
        "date": "2014-12-31", 
        "operating_revenue": 431474, 
        "short_term_average": 500324
    }, 
    {
        "accumulated_operating_revenue_yoy": -12.942465818876252, 
        "accumulated_operating_revenue": 583060, 
        "long_term_average": 481488, 
        "date": "2015-01-31", 
        "operating_revenue": 583060, 
        "short_term_average": 537827
    }, 
    {
        "accumulated_operating_revenue_yoy": -24.702067797285107, 
        "accumulated_operating_revenue": 983266, 
        "long_term_average": 461831, 
        "date": "2015-02-28", 
        "operating_revenue": 400206, 
        "short_term_average": 471580
    }, 
    {
        "accumulated_operating_revenue_yoy": -11.675987068584593, 
        "accumulated_operating_revenue": 1719022, 
        "long_term_average": 469774, 
        "date": "2015-03-31", 
        "operating_revenue": 735756, 
        "short_term_average": 573007
    }, 
    {
        "accumulated_operating_revenue_yoy": 2.6084532017812934, 
        "accumulated_operating_revenue": 2351599, 
        "long_term_average": 493693, 
        "date": "2015-04-30", 
        "operating_revenue": 632577, 
        "short_term_average": 589513
    }, 
    {
        "accumulated_operating_revenue_yoy": 13.156948941212917, 
        "accumulated_operating_revenue": 2965864, 
        "long_term_average": 517448, 
        "date": "2015-05-31", 
        "operating_revenue": 614265, 
        "short_term_average": 660866
    }, 
    {
        "accumulated_operating_revenue_yoy": 17.186225991841077, 
        "accumulated_operating_revenue": 3558566, 
        "long_term_average": 532202, 
        "date": "2015-06-30", 
        "operating_revenue": 592702, 
        "short_term_average": 613181
    }, 
    {
        "accumulated_operating_revenue_yoy": 20.383827075314638, 
        "accumulated_operating_revenue": 4161386, 
        "long_term_average": 547430, 
        "date": "2015-07-31", 
        "operating_revenue": 602820, 
        "short_term_average": 603262
    }, 
    {
        "accumulated_operating_revenue_yoy": 22.88427836797615, 
        "accumulated_operating_revenue": 4806723, 
        "long_term_average": 563306, 
        "date": "2015-08-31", 
        "operating_revenue": 645337, 
        "short_term_average": 613619
    }
]