[
    {
        "date": "2011-09-30", 
        "operating_revenue": 252345, 
        "accumulated_operating_revenue": 252345, 
        "long_term_average": 252345, 
        "short_term_average": 252345
    }, 
    {
        "date": "2011-10-31", 
        "operating_revenue": 257336, 
        "accumulated_operating_revenue": 509681, 
        "long_term_average": 254840, 
        "short_term_average": 254840
    }, 
    {
        "date": "2011-11-30", 
        "operating_revenue": 218417, 
        "accumulated_operating_revenue": 728098, 
        "long_term_average": 242699, 
        "short_term_average": 242699
    }, 
    {
        "date": "2011-12-31", 
        "operating_revenue": 216519, 
        "accumulated_operating_revenue": 944617, 
        "long_term_average": 236154, 
        "short_term_average": 230757
    }, 
    {
        "date": "2012-01-31", 
        "operating_revenue": 201863, 
        "accumulated_operating_revenue": 201863, 
        "long_term_average": 229296, 
        "short_term_average": 212266
    }, 
    {
        "date": "2012-02-29", 
        "operating_revenue": 306968, 
        "accumulated_operating_revenue": 508831, 
        "long_term_average": 242241, 
        "short_term_average": 241783
    }, 
    {
        "date": "2012-03-31", 
        "operating_revenue": 348605, 
        "accumulated_operating_revenue": 857436, 
        "long_term_average": 257436, 
        "short_term_average": 285812
    }, 
    {
        "date": "2012-04-30", 
        "operating_revenue": 321653, 
        "accumulated_operating_revenue": 1179089, 
        "long_term_average": 265463, 
        "short_term_average": 325742
    }, 
    {
        "date": "2012-05-31", 
        "operating_revenue": 315458, 
        "accumulated_operating_revenue": 1494547, 
        "long_term_average": 271018, 
        "short_term_average": 328572
    }, 
    {
        "date": "2012-06-30", 
        "operating_revenue": 295138, 
        "accumulated_operating_revenue": 1789685, 
        "long_term_average": 273430, 
        "short_term_average": 310749
    }, 
    {
        "date": "2012-07-31", 
        "operating_revenue": 285535, 
        "accumulated_operating_revenue": 2075220, 
        "long_term_average": 274530, 
        "short_term_average": 298710
    }, 
    {
        "date": "2012-08-31", 
        "operating_revenue": 278827, 
        "accumulated_operating_revenue": 2354047, 
        "long_term_average": 274888, 
        "short_term_average": 286500
    }, 
    {
        "accumulated_operating_revenue_yoy": 933.4415185559452, 
        "accumulated_operating_revenue": 2607838, 
        "long_term_average": 275009, 
        "date": "2012-09-30", 
        "operating_revenue": 253791, 
        "short_term_average": 272717
    }, 
    {
        "accumulated_operating_revenue_yoy": 455.7158300976493, 
        "accumulated_operating_revenue": 2832378, 
        "long_term_average": 272276, 
        "date": "2012-10-31", 
        "operating_revenue": 224540, 
        "short_term_average": 252386
    }, 
    {
        "accumulated_operating_revenue_yoy": 322.56564363588416, 
        "accumulated_operating_revenue": 3076692, 
        "long_term_average": 274434, 
        "date": "2012-11-30", 
        "operating_revenue": 244314, 
        "short_term_average": 240881
    }, 
    {
        "accumulated_operating_revenue_yoy": 253.60288878984818, 
        "accumulated_operating_revenue": 3340193, 
        "long_term_average": 278349, 
        "date": "2012-12-31", 
        "operating_revenue": 263501, 
        "short_term_average": 244118
    }, 
    {
        "accumulated_operating_revenue_yoy": 37.13112358381675, 
        "accumulated_operating_revenue": 276817, 
        "long_term_average": 284595, 
        "date": "2013-01-31", 
        "operating_revenue": 276817, 
        "short_term_average": 261544
    }, 
    {
        "accumulated_operating_revenue_yoy": -2.8667671584475003, 
        "accumulated_operating_revenue": 494244, 
        "long_term_average": 277133, 
        "date": "2013-02-28", 
        "operating_revenue": 217427, 
        "short_term_average": 252581
    }, 
    {
        "accumulated_operating_revenue_yoy": -10.137316371134405, 
        "accumulated_operating_revenue": 770515, 
        "long_term_average": 271106, 
        "date": "2013-03-31", 
        "operating_revenue": 276271, 
        "short_term_average": 256838
    }, 
    {
        "accumulated_operating_revenue_yoy": -9.212196874027322, 
        "accumulated_operating_revenue": 1070469, 
        "long_term_average": 269297, 
        "date": "2013-04-30", 
        "operating_revenue": 299954, 
        "short_term_average": 264550
    }, 
    {
        "accumulated_operating_revenue_yoy": -8.651450907867066, 
        "accumulated_operating_revenue": 1365247, 
        "long_term_average": 267574, 
        "date": "2013-05-31", 
        "operating_revenue": 294778, 
        "short_term_average": 290334
    }, 
    {
        "accumulated_operating_revenue_yoy": -7.546188295705669, 
        "accumulated_operating_revenue": 1654632, 
        "long_term_average": 267095, 
        "date": "2013-06-30", 
        "operating_revenue": 289385, 
        "short_term_average": 294705
    }, 
    {
        "accumulated_operating_revenue_yoy": -8.358583668237586, 
        "accumulated_operating_revenue": 1901761, 
        "long_term_average": 263894, 
        "date": "2013-07-31", 
        "operating_revenue": 247129, 
        "short_term_average": 277097
    }, 
    {
        "accumulated_operating_revenue_yoy": -5.957909931280047, 
        "accumulated_operating_revenue": 2213795, 
        "long_term_average": 266661, 
        "date": "2013-08-31", 
        "operating_revenue": 312034, 
        "short_term_average": 282849
    }, 
    {
        "accumulated_operating_revenue_yoy": 1.6965777782208864, 
        "accumulated_operating_revenue": 2652082, 
        "long_term_average": 282036, 
        "date": "2013-09-30", 
        "operating_revenue": 438287, 
        "short_term_average": 332483
    }, 
    {
        "accumulated_operating_revenue_yoy": 12.760832064081843, 
        "accumulated_operating_revenue": 3193813, 
        "long_term_average": 308469, 
        "date": "2013-10-31", 
        "operating_revenue": 541731, 
        "short_term_average": 430684
    }, 
    {
        "accumulated_operating_revenue_yoy": 16.82852882251457, 
        "accumulated_operating_revenue": 3594454, 
        "long_term_average": 321496, 
        "date": "2013-11-30", 
        "operating_revenue": 400641, 
        "short_term_average": 460219
    }, 
    {
        "accumulated_operating_revenue_yoy": 24.050855743964494, 
        "accumulated_operating_revenue": 4143538, 
        "long_term_average": 345294, 
        "date": "2013-12-31", 
        "operating_revenue": 549084, 
        "short_term_average": 497152
    }, 
    {
        "accumulated_operating_revenue_yoy": 57.584252412243465, 
        "accumulated_operating_revenue": 436220, 
        "long_term_average": 358578, 
        "date": "2014-01-31", 
        "operating_revenue": 436220, 
        "short_term_average": 461981
    }, 
    {
        "accumulated_operating_revenue_yoy": 69.5915377829574, 
        "accumulated_operating_revenue": 838196, 
        "long_term_average": 373957, 
        "date": "2014-02-28", 
        "operating_revenue": 401976, 
        "short_term_average": 462426
    }, 
    {
        "accumulated_operating_revenue_yoy": 68.0816077558516, 
        "accumulated_operating_revenue": 1295094, 
        "long_term_average": 389009, 
        "date": "2014-03-31", 
        "operating_revenue": 456898, 
        "short_term_average": 431698
    }, 
    {
        "accumulated_operating_revenue_yoy": 70.63361946959698, 
        "accumulated_operating_revenue": 1826580, 
        "long_term_average": 408304, 
        "date": "2014-04-30", 
        "operating_revenue": 531486, 
        "short_term_average": 463453
    }, 
    {
        "accumulated_operating_revenue_yoy": 67.74927906818327, 
        "accumulated_operating_revenue": 2290192, 
        "long_term_average": 422373, 
        "date": "2014-05-31", 
        "operating_revenue": 463612, 
        "short_term_average": 483998
    }, 
    {
        "accumulated_operating_revenue_yoy": 64.54323378249666, 
        "accumulated_operating_revenue": 2722585, 
        "long_term_average": 434290, 
        "date": "2014-06-30", 
        "operating_revenue": 432393, 
        "short_term_average": 475830
    }, 
    {
        "accumulated_operating_revenue_yoy": 64.83480311143198, 
        "accumulated_operating_revenue": 3134764, 
        "long_term_average": 448045, 
        "date": "2014-07-31", 
        "operating_revenue": 412179, 
        "short_term_average": 436061
    }, 
    {
        "accumulated_operating_revenue_yoy": 57.56991952732751, 
        "accumulated_operating_revenue": 3488275, 
        "long_term_average": 451501, 
        "date": "2014-08-31", 
        "operating_revenue": 353511, 
        "short_term_average": 399361
    }, 
    {
        "accumulated_operating_revenue_yoy": 45.0954382255149, 
        "accumulated_operating_revenue": 3848050, 
        "long_term_average": 444958, 
        "date": "2014-09-30", 
        "operating_revenue": 359775, 
        "short_term_average": 375155
    }, 
    {
        "accumulated_operating_revenue_yoy": 30.770743309016524, 
        "accumulated_operating_revenue": 4176573, 
        "long_term_average": 427191, 
        "date": "2014-10-31", 
        "operating_revenue": 328523, 
        "short_term_average": 347269
    }, 
    {
        "accumulated_operating_revenue_yoy": 25.56571874337521, 
        "accumulated_operating_revenue": 4513402, 
        "long_term_average": 421873, 
        "date": "2014-11-30", 
        "operating_revenue": 336829, 
        "short_term_average": 341709
    }, 
    {
        "accumulated_operating_revenue_yoy": 15.894605045253599, 
        "accumulated_operating_revenue": 4802137, 
        "long_term_average": 400178, 
        "date": "2014-12-31", 
        "operating_revenue": 288735, 
        "short_term_average": 318029
    }, 
    {
        "accumulated_operating_revenue_yoy": -32.09045894273532, 
        "accumulated_operating_revenue": 296235, 
        "long_term_average": 388512, 
        "date": "2015-01-31", 
        "operating_revenue": 296235, 
        "short_term_average": 307266
    }, 
    {
        "accumulated_operating_revenue_yoy": -39.12294976353979, 
        "accumulated_operating_revenue": 510269, 
        "long_term_average": 372850, 
        "date": "2015-02-28", 
        "operating_revenue": 214034, 
        "short_term_average": 266334
    }, 
    {
        "accumulated_operating_revenue_yoy": -33.53038466705892, 
        "accumulated_operating_revenue": 860844, 
        "long_term_average": 363990, 
        "date": "2015-03-31", 
        "operating_revenue": 350575, 
        "short_term_average": 286948
    }, 
    {
        "accumulated_operating_revenue_yoy": -35.03454543463741, 
        "accumulated_operating_revenue": 1186646, 
        "long_term_average": 346850, 
        "date": "2015-04-30", 
        "operating_revenue": 325802, 
        "short_term_average": 296803
    }, 
    {
        "accumulated_operating_revenue_yoy": -33.92815973507898, 
        "accumulated_operating_revenue": 1513172, 
        "long_term_average": 335426, 
        "date": "2015-05-31", 
        "operating_revenue": 326526, 
        "short_term_average": 334301
    }, 
    {
        "accumulated_operating_revenue_yoy": -32.421320179167964, 
        "accumulated_operating_revenue": 1839887, 
        "long_term_average": 326619, 
        "date": "2015-06-30", 
        "operating_revenue": 326715, 
        "short_term_average": 326347
    }, 
    {
        "accumulated_operating_revenue_yoy": -32.402056422748245, 
        "accumulated_operating_revenue": 2119036, 
        "long_term_average": 315534, 
        "date": "2015-07-31", 
        "operating_revenue": 279149, 
        "short_term_average": 310796
    }, 
    {
        "accumulated_operating_revenue_yoy": -30.370770653116512, 
        "accumulated_operating_revenue": 2428859, 
        "long_term_average": 311893, 
        "date": "2015-08-31", 
        "operating_revenue": 309823, 
        "short_term_average": 305229
    }, 
    {
        "accumulated_operating_revenue_yoy": -29.052766985875962, 
        "accumulated_operating_revenue": 2730085, 
        "long_term_average": 307014, 
        "date": "2015-09-30", 
        "operating_revenue": 301226, 
        "short_term_average": 296732
    }, 
    {
        "accumulated_operating_revenue_yoy": -27.7347480817407, 
        "accumulated_operating_revenue": 3018211, 
        "long_term_average": 303647, 
        "date": "2015-10-31", 
        "operating_revenue": 288126, 
        "short_term_average": 299725
    }
]