[
    {
        "date": "2012-01-31", 
        "operating_revenue": 161653, 
        "accumulated_operating_revenue": 161653, 
        "long_term_average": 161653, 
        "short_term_average": 161653
    }, 
    {
        "date": "2012-02-29", 
        "operating_revenue": 143153, 
        "accumulated_operating_revenue": 304806, 
        "long_term_average": 152403, 
        "short_term_average": 152403
    }, 
    {
        "date": "2012-03-31", 
        "operating_revenue": 209875, 
        "accumulated_operating_revenue": 514681, 
        "long_term_average": 171560, 
        "short_term_average": 171560
    }, 
    {
        "date": "2012-04-30", 
        "operating_revenue": 139147, 
        "accumulated_operating_revenue": 653828, 
        "long_term_average": 163457, 
        "short_term_average": 164058
    }, 
    {
        "date": "2012-05-31", 
        "operating_revenue": 160532, 
        "accumulated_operating_revenue": 814360, 
        "long_term_average": 162872, 
        "short_term_average": 169851
    }, 
    {
        "date": "2012-06-30", 
        "operating_revenue": 167431, 
        "accumulated_operating_revenue": 981791, 
        "long_term_average": 163631, 
        "short_term_average": 155703
    }, 
    {
        "date": "2012-07-31", 
        "operating_revenue": 124324, 
        "accumulated_operating_revenue": 1106115, 
        "long_term_average": 158016, 
        "short_term_average": 150762
    }, 
    {
        "date": "2012-08-31", 
        "operating_revenue": 161681, 
        "accumulated_operating_revenue": 1267796, 
        "long_term_average": 158474, 
        "short_term_average": 151145
    }, 
    {
        "date": "2012-09-30", 
        "operating_revenue": 92777, 
        "accumulated_operating_revenue": 1360573, 
        "long_term_average": 151174, 
        "short_term_average": 126260
    }, 
    {
        "date": "2012-10-31", 
        "operating_revenue": 189863, 
        "accumulated_operating_revenue": 1550436, 
        "long_term_average": 155043, 
        "short_term_average": 148107
    }, 
    {
        "date": "2012-11-30", 
        "operating_revenue": 255295, 
        "accumulated_operating_revenue": 1805731, 
        "long_term_average": 164157, 
        "short_term_average": 179311
    }, 
    {
        "date": "2012-12-31", 
        "operating_revenue": 380428, 
        "accumulated_operating_revenue": 2186159, 
        "long_term_average": 182179, 
        "short_term_average": 275195
    }, 
    {
        "accumulated_operating_revenue_yoy": 26.131899810087038, 
        "accumulated_operating_revenue": 203896, 
        "long_term_average": 185700, 
        "date": "2013-01-31", 
        "operating_revenue": 203896, 
        "short_term_average": 279873
    }, 
    {
        "accumulated_operating_revenue_yoy": 13.248754945768784, 
        "accumulated_operating_revenue": 345189, 
        "long_term_average": 185545, 
        "date": "2013-02-28", 
        "operating_revenue": 141293, 
        "short_term_average": 241872
    }, 
    {
        "accumulated_operating_revenue_yoy": 19.652172899329877, 
        "accumulated_operating_revenue": 615827, 
        "long_term_average": 190608, 
        "date": "2013-03-31", 
        "operating_revenue": 270638, 
        "short_term_average": 205275
    }, 
    {
        "accumulated_operating_revenue_yoy": 10.42323057440183, 
        "accumulated_operating_revenue": 721978, 
        "long_term_average": 187859, 
        "date": "2013-04-30", 
        "operating_revenue": 106151, 
        "short_term_average": 172694
    }, 
    {
        "accumulated_operating_revenue_yoy": 17.82061987327472, 
        "accumulated_operating_revenue": 959484, 
        "long_term_average": 194273, 
        "date": "2013-05-31", 
        "operating_revenue": 237506, 
        "short_term_average": 204765
    }, 
    {
        "accumulated_operating_revenue_yoy": 10.699629554558964, 
        "accumulated_operating_revenue": 1086839, 
        "long_term_average": 190933, 
        "date": "2013-06-30", 
        "operating_revenue": 127355, 
        "short_term_average": 157004
    }, 
    {
        "accumulated_operating_revenue_yoy": 11.632153980372745, 
        "accumulated_operating_revenue": 1234780, 
        "long_term_average": 192902, 
        "date": "2013-07-31", 
        "operating_revenue": 147941, 
        "short_term_average": 170934
    }, 
    {
        "accumulated_operating_revenue_yoy": 5.914358461455944, 
        "accumulated_operating_revenue": 1342778, 
        "long_term_average": 188428, 
        "date": "2013-08-31", 
        "operating_revenue": 107998, 
        "short_term_average": 127764
    }, 
    {
        "accumulated_operating_revenue_yoy": 19.58020628073613, 
        "accumulated_operating_revenue": 1626976, 
        "long_term_average": 204380, 
        "date": "2013-09-30", 
        "operating_revenue": 284198, 
        "short_term_average": 180045
    }, 
    {
        "accumulated_operating_revenue_yoy": 13.096961112874055, 
        "accumulated_operating_revenue": 1753496, 
        "long_term_average": 199101, 
        "date": "2013-10-31", 
        "operating_revenue": 126520, 
        "short_term_average": 172905
    }, 
    {
        "accumulated_operating_revenue_yoy": 5.617060348412914, 
        "accumulated_operating_revenue": 1907160, 
        "long_term_average": 190632, 
        "date": "2013-11-30", 
        "operating_revenue": 153664, 
        "short_term_average": 188127
    }, 
    {
        "accumulated_operating_revenue_yoy": 1.9419447533322143, 
        "accumulated_operating_revenue": 2228613, 
        "long_term_average": 185717, 
        "date": "2013-12-31", 
        "operating_revenue": 321453, 
        "short_term_average": 200545
    }, 
    {
        "accumulated_operating_revenue_yoy": -52.87646643386824, 
        "accumulated_operating_revenue": 96083, 
        "long_term_average": 176733, 
        "date": "2014-01-31", 
        "operating_revenue": 96083, 
        "short_term_average": 190400
    }, 
    {
        "accumulated_operating_revenue_yoy": -42.4115484560632, 
        "accumulated_operating_revenue": 198789, 
        "long_term_average": 173517, 
        "date": "2014-02-28", 
        "operating_revenue": 102706, 
        "short_term_average": 173414
    }, 
    {
        "accumulated_operating_revenue_yoy": -34.893078738022204, 
        "accumulated_operating_revenue": 400946, 
        "long_term_average": 167811, 
        "date": "2014-03-31", 
        "operating_revenue": 202157, 
        "short_term_average": 133648
    }, 
    {
        "accumulated_operating_revenue_yoy": -29.194933917653998, 
        "accumulated_operating_revenue": 511197, 
        "long_term_average": 168152, 
        "date": "2014-04-30", 
        "operating_revenue": 110251, 
        "short_term_average": 138371
    }, 
    {
        "accumulated_operating_revenue_yoy": -35.85083232237328, 
        "accumulated_operating_revenue": 615501, 
        "long_term_average": 157052, 
        "date": "2014-05-31", 
        "operating_revenue": 104304, 
        "short_term_average": 138904
    }, 
    {
        "accumulated_operating_revenue_yoy": -24.4409705577367, 
        "accumulated_operating_revenue": 821205, 
        "long_term_average": 163581, 
        "date": "2014-06-30", 
        "operating_revenue": 205704, 
        "short_term_average": 140086
    }, 
    {
        "accumulated_operating_revenue_yoy": -23.538687053564196, 
        "accumulated_operating_revenue": 944129, 
        "long_term_average": 161496, 
        "date": "2014-07-31", 
        "operating_revenue": 122924, 
        "short_term_average": 144310
    }, 
    {
        "accumulated_operating_revenue_yoy": -21.847989764503144, 
        "accumulated_operating_revenue": 1049408, 
        "long_term_average": 161270, 
        "date": "2014-08-31", 
        "operating_revenue": 105279, 
        "short_term_average": 144635
    }, 
    {
        "accumulated_operating_revenue_yoy": -26.73923893161301, 
        "accumulated_operating_revenue": 1191935, 
        "long_term_average": 149464, 
        "date": "2014-09-30", 
        "operating_revenue": 142527, 
        "short_term_average": 123576
    }, 
    {
        "accumulated_operating_revenue_yoy": -21.764577734993406, 
        "accumulated_operating_revenue": 1371855, 
        "long_term_average": 153914, 
        "date": "2014-10-31", 
        "operating_revenue": 179920, 
        "short_term_average": 142575
    }, 
    {
        "accumulated_operating_revenue_yoy": -21.343411145367984, 
        "accumulated_operating_revenue": 1500107, 
        "long_term_average": 151796, 
        "date": "2014-11-30", 
        "operating_revenue": 128252, 
        "short_term_average": 150233
    }, 
    {
        "accumulated_operating_revenue_yoy": -13.55165746587676, 
        "accumulated_operating_revenue": 1926599, 
        "long_term_average": 160549, 
        "date": "2014-12-31", 
        "operating_revenue": 426492, 
        "short_term_average": 244888
    }, 
    {
        "accumulated_operating_revenue_yoy": 94.24143709084854, 
        "accumulated_operating_revenue": 186633, 
        "long_term_average": 168095, 
        "date": "2015-01-31", 
        "operating_revenue": 186633, 
        "short_term_average": 247125
    }, 
    {
        "accumulated_operating_revenue_yoy": 87.13409695707509, 
        "accumulated_operating_revenue": 372002, 
        "long_term_average": 174984, 
        "date": "2015-02-28", 
        "operating_revenue": 185369, 
        "short_term_average": 266164
    }, 
    {
        "accumulated_operating_revenue_yoy": 13.853486504417054, 
        "accumulated_operating_revenue": 456491, 
        "long_term_average": 165178, 
        "date": "2015-03-31", 
        "operating_revenue": 84489, 
        "short_term_average": 152163
    }, 
    {
        "accumulated_operating_revenue_yoy": 12.442561282636635, 
        "accumulated_operating_revenue": 574803, 
        "long_term_average": 165850, 
        "date": "2015-04-30", 
        "operating_revenue": 118312, 
        "short_term_average": 129390
    }, 
    {
        "accumulated_operating_revenue_yoy": 8.627280865506311, 
        "accumulated_operating_revenue": 668602, 
        "long_term_average": 164975, 
        "date": "2015-05-31", 
        "operating_revenue": 93799, 
        "short_term_average": 98866
    }, 
    {
        "accumulated_operating_revenue_yoy": 0.6026509823978179, 
        "accumulated_operating_revenue": 826154, 
        "long_term_average": 160962, 
        "date": "2015-06-30", 
        "operating_revenue": 157552, 
        "short_term_average": 123221
    }, 
    {
        "accumulated_operating_revenue_yoy": 4.593546009072913, 
        "accumulated_operating_revenue": 987498, 
        "long_term_average": 164164, 
        "date": "2015-07-31", 
        "operating_revenue": 161344, 
        "short_term_average": 137565
    }, 
    {
        "accumulated_operating_revenue_yoy": 4.344640025614441, 
        "accumulated_operating_revenue": 1095001, 
        "long_term_average": 164349, 
        "date": "2015-08-31", 
        "operating_revenue": 107503, 
        "short_term_average": 142133
    }, 
    {
        "accumulated_operating_revenue_yoy": 4.409300842747298, 
        "accumulated_operating_revenue": 1244491, 
        "long_term_average": 164929, 
        "date": "2015-09-30", 
        "operating_revenue": 149490, 
        "short_term_average": 139445
    }
]