[
    {
        "date": "2011-09-30", 
        "operating_revenue": 349224, 
        "accumulated_operating_revenue": 349224, 
        "long_term_average": 349224, 
        "short_term_average": 349224
    }, 
    {
        "date": "2011-10-31", 
        "operating_revenue": 346457, 
        "accumulated_operating_revenue": 695681, 
        "long_term_average": 347840, 
        "short_term_average": 347840
    }, 
    {
        "date": "2011-11-30", 
        "operating_revenue": 371586, 
        "accumulated_operating_revenue": 1067267, 
        "long_term_average": 355755, 
        "short_term_average": 355755
    }, 
    {
        "date": "2011-12-31", 
        "operating_revenue": 360683, 
        "accumulated_operating_revenue": 1427950, 
        "long_term_average": 356987, 
        "short_term_average": 359575
    }, 
    {
        "date": "2012-01-31", 
        "operating_revenue": 270145, 
        "accumulated_operating_revenue": 270145, 
        "long_term_average": 339619, 
        "short_term_average": 334138
    }, 
    {
        "date": "2012-02-29", 
        "operating_revenue": 315388, 
        "accumulated_operating_revenue": 585533, 
        "long_term_average": 335580, 
        "short_term_average": 315405
    }, 
    {
        "date": "2012-03-31", 
        "operating_revenue": 371813, 
        "accumulated_operating_revenue": 957346, 
        "long_term_average": 340756, 
        "short_term_average": 319115
    }, 
    {
        "date": "2012-04-30", 
        "operating_revenue": 363004, 
        "accumulated_operating_revenue": 1320350, 
        "long_term_average": 343537, 
        "short_term_average": 350068
    }, 
    {
        "date": "2012-05-31", 
        "operating_revenue": 366944, 
        "accumulated_operating_revenue": 1687294, 
        "long_term_average": 346138, 
        "short_term_average": 367253
    }, 
    {
        "date": "2012-06-30", 
        "operating_revenue": 371690, 
        "accumulated_operating_revenue": 2058984, 
        "long_term_average": 348693, 
        "short_term_average": 367212
    }, 
    {
        "date": "2012-07-31", 
        "operating_revenue": 349585, 
        "accumulated_operating_revenue": 2408569, 
        "long_term_average": 348774, 
        "short_term_average": 362739
    }, 
    {
        "date": "2012-08-31", 
        "operating_revenue": 356397, 
        "accumulated_operating_revenue": 2764966, 
        "long_term_average": 349409, 
        "short_term_average": 359224
    }, 
    {
        "accumulated_operating_revenue_yoy": 795.4129727624676, 
        "accumulated_operating_revenue": 3126997, 
        "long_term_average": 350476, 
        "date": "2012-09-30", 
        "operating_revenue": 362031, 
        "short_term_average": 356004
    }, 
    {
        "accumulated_operating_revenue_yoy": 394.6084484124189, 
        "accumulated_operating_revenue": 3440897, 
        "long_term_average": 347763, 
        "date": "2012-10-31", 
        "operating_revenue": 313900, 
        "short_term_average": 344109
    }, 
    {
        "accumulated_operating_revenue_yoy": 255.1605174712607, 
        "accumulated_operating_revenue": 3790511, 
        "long_term_average": 345932, 
        "date": "2012-11-30", 
        "operating_revenue": 349614, 
        "short_term_average": 341848
    }, 
    {
        "accumulated_operating_revenue_yoy": 189.5177001995868, 
        "accumulated_operating_revenue": 4134168, 
        "long_term_average": 344514, 
        "date": "2012-12-31", 
        "operating_revenue": 343657, 
        "short_term_average": 335723
    }, 
    {
        "accumulated_operating_revenue_yoy": 35.55497973310629, 
        "accumulated_operating_revenue": 366195, 
        "long_term_average": 352518, 
        "date": "2013-01-31", 
        "operating_revenue": 366195, 
        "short_term_average": 353155
    }, 
    {
        "accumulated_operating_revenue_yoy": 3.5536852747838292, 
        "accumulated_operating_revenue": 606341, 
        "long_term_average": 346248, 
        "date": "2013-02-28", 
        "operating_revenue": 240146, 
        "short_term_average": 316666
    }, 
    {
        "accumulated_operating_revenue_yoy": -7.328071564512725, 
        "accumulated_operating_revenue": 887191, 
        "long_term_average": 338667, 
        "date": "2013-03-31", 
        "operating_revenue": 280850, 
        "short_term_average": 295730
    }, 
    {
        "accumulated_operating_revenue_yoy": -5.015185367516189, 
        "accumulated_operating_revenue": 1254132, 
        "long_term_average": 338995, 
        "date": "2013-04-30", 
        "operating_revenue": 366941, 
        "short_term_average": 295979
    }, 
    {
        "accumulated_operating_revenue_yoy": -2.831930890526488, 
        "accumulated_operating_revenue": 1639511, 
        "long_term_average": 340532, 
        "date": "2013-05-31", 
        "operating_revenue": 385379, 
        "short_term_average": 344390
    }, 
    {
        "accumulated_operating_revenue_yoy": -2.979430631806755, 
        "accumulated_operating_revenue": 1997638, 
        "long_term_average": 339401, 
        "date": "2013-06-30", 
        "operating_revenue": 358127, 
        "short_term_average": 370149
    }, 
    {
        "accumulated_operating_revenue_yoy": -0.7619462012506182, 
        "accumulated_operating_revenue": 2390217, 
        "long_term_average": 342984, 
        "date": "2013-07-31", 
        "operating_revenue": 392579, 
        "short_term_average": 378695
    }, 
    {
        "accumulated_operating_revenue_yoy": -0.07435896137601693, 
        "accumulated_operating_revenue": 2762910, 
        "long_term_average": 344342, 
        "date": "2013-08-31", 
        "operating_revenue": 372693, 
        "short_term_average": 374466
    }, 
    {
        "accumulated_operating_revenue_yoy": 0.2147427707797609, 
        "accumulated_operating_revenue": 3133712, 
        "long_term_average": 345073, 
        "date": "2013-09-30", 
        "operating_revenue": 370802, 
        "short_term_average": 378691
    }, 
    {
        "accumulated_operating_revenue_yoy": 1.6284707156302556, 
        "accumulated_operating_revenue": 3496931, 
        "long_term_average": 349183, 
        "date": "2013-10-31", 
        "operating_revenue": 363219, 
        "short_term_average": 368904
    }, 
    {
        "accumulated_operating_revenue_yoy": 2.306338116417549, 
        "accumulated_operating_revenue": 3877933, 
        "long_term_average": 351799, 
        "date": "2013-11-30", 
        "operating_revenue": 381002, 
        "short_term_average": 371674
    }, 
    {
        "accumulated_operating_revenue_yoy": 3.0898357299461465, 
        "accumulated_operating_revenue": 4261907, 
        "long_term_average": 355158, 
        "date": "2013-12-31", 
        "operating_revenue": 383974, 
        "short_term_average": 376065
    }, 
    {
        "accumulated_operating_revenue_yoy": -1.1611299990442252, 
        "accumulated_operating_revenue": 361943, 
        "long_term_average": 354804, 
        "date": "2014-01-31", 
        "operating_revenue": 361943, 
        "short_term_average": 375639
    }, 
    {
        "accumulated_operating_revenue_yoy": 6.590845745215976, 
        "accumulated_operating_revenue": 646304, 
        "long_term_average": 358489, 
        "date": "2014-02-28", 
        "operating_revenue": 284361, 
        "short_term_average": 343426
    }, 
    {
        "accumulated_operating_revenue_yoy": 13.337826916639145, 
        "accumulated_operating_revenue": 1005523, 
        "long_term_average": 365019, 
        "date": "2014-03-31", 
        "operating_revenue": 359219, 
        "short_term_average": 335174
    }, 
    {
        "accumulated_operating_revenue_yoy": 10.126127074343051, 
        "accumulated_operating_revenue": 1381127, 
        "long_term_average": 365741, 
        "date": "2014-04-30", 
        "operating_revenue": 375604, 
        "short_term_average": 339728
    }, 
    {
        "accumulated_operating_revenue_yoy": 8.247825113707686, 
        "accumulated_operating_revenue": 1774735, 
        "long_term_average": 366427, 
        "date": "2014-05-31", 
        "operating_revenue": 393608, 
        "short_term_average": 376143
    }, 
    {
        "accumulated_operating_revenue_yoy": 7.0371608870075555, 
        "accumulated_operating_revenue": 2138215, 
        "long_term_average": 366873, 
        "date": "2014-06-30", 
        "operating_revenue": 363480, 
        "short_term_average": 377564
    }, 
    {
        "accumulated_operating_revenue_yoy": 6.291520811708727, 
        "accumulated_operating_revenue": 2540598, 
        "long_term_average": 367690, 
        "date": "2014-07-31", 
        "operating_revenue": 402383, 
        "short_term_average": 386490
    }, 
    {
        "accumulated_operating_revenue_yoy": 7.280729375911629, 
        "accumulated_operating_revenue": 2964070, 
        "long_term_average": 371922, 
        "date": "2014-08-31", 
        "operating_revenue": 423472, 
        "short_term_average": 396445
    }, 
    {
        "accumulated_operating_revenue_yoy": 7.519644434459835, 
        "accumulated_operating_revenue": 3369356, 
        "long_term_average": 374795, 
        "date": "2014-09-30", 
        "operating_revenue": 405286, 
        "short_term_average": 410380
    }, 
    {
        "accumulated_operating_revenue_yoy": 6.996363382634659, 
        "accumulated_operating_revenue": 3741589, 
        "long_term_average": 375547, 
        "date": "2014-10-31", 
        "operating_revenue": 372233, 
        "short_term_average": 400330
    }, 
    {
        "accumulated_operating_revenue_yoy": 6.694236336728871, 
        "accumulated_operating_revenue": 4137531, 
        "long_term_average": 376792, 
        "date": "2014-11-30", 
        "operating_revenue": 395942, 
        "short_term_average": 391153
    }, 
    {
        "accumulated_operating_revenue_yoy": 6.916223183659334, 
        "accumulated_operating_revenue": 4556670, 
        "long_term_average": 379722, 
        "date": "2014-12-31", 
        "operating_revenue": 419139, 
        "short_term_average": 395771
    }, 
    {
        "accumulated_operating_revenue_yoy": 15.930408931793128, 
        "accumulated_operating_revenue": 419602, 
        "long_term_average": 384527, 
        "date": "2015-01-31", 
        "operating_revenue": 419602, 
        "short_term_average": 411561
    }, 
    {
        "accumulated_operating_revenue_yoy": 8.952133980294102, 
        "accumulated_operating_revenue": 704162, 
        "long_term_average": 384544, 
        "date": "2015-02-28", 
        "operating_revenue": 284560, 
        "short_term_average": 374433
    }, 
    {
        "accumulated_operating_revenue_yoy": 9.746271343370564, 
        "accumulated_operating_revenue": 1103524, 
        "long_term_average": 387889, 
        "date": "2015-03-31", 
        "operating_revenue": 399362, 
        "short_term_average": 367841
    }, 
    {
        "accumulated_operating_revenue_yoy": 10.34698474506689, 
        "accumulated_operating_revenue": 1524032, 
        "long_term_average": 391631, 
        "date": "2015-04-30", 
        "operating_revenue": 420508, 
        "short_term_average": 368143
    }, 
    {
        "accumulated_operating_revenue_yoy": 9.993773718329779, 
        "accumulated_operating_revenue": 1952098, 
        "long_term_average": 394502, 
        "date": "2015-05-31", 
        "operating_revenue": 428066, 
        "short_term_average": 415978
    }, 
    {
        "accumulated_operating_revenue_yoy": 12.081105033871712, 
        "accumulated_operating_revenue": 2396535, 
        "long_term_average": 401249, 
        "date": "2015-06-30", 
        "operating_revenue": 444437, 
        "short_term_average": 431003
    }, 
    {
        "accumulated_operating_revenue_yoy": 12.663475292037543, 
        "accumulated_operating_revenue": 2862326, 
        "long_term_average": 406533, 
        "date": "2015-07-31", 
        "operating_revenue": 465791, 
        "short_term_average": 446098
    }, 
    {
        "accumulated_operating_revenue_yoy": 11.907680992689107, 
        "accumulated_operating_revenue": 3317022, 
        "long_term_average": 409135, 
        "date": "2015-08-31", 
        "operating_revenue": 454696, 
        "short_term_average": 454974
    }, 
    {
        "accumulated_operating_revenue_yoy": 12.504021540021299, 
        "accumulated_operating_revenue": 3790661, 
        "long_term_average": 414831, 
        "date": "2015-09-30", 
        "operating_revenue": 473639, 
        "short_term_average": 464708
    }
]