[
    {
        "date": "2012-01-31", 
        "operating_revenue": 46834, 
        "accumulated_operating_revenue": 46834, 
        "long_term_average": 46834, 
        "short_term_average": 46834
    }, 
    {
        "date": "2012-02-29", 
        "operating_revenue": 33964, 
        "accumulated_operating_revenue": 80798, 
        "long_term_average": 40399, 
        "short_term_average": 40399
    }, 
    {
        "date": "2012-03-31", 
        "operating_revenue": 82603, 
        "accumulated_operating_revenue": 163401, 
        "long_term_average": 54467, 
        "short_term_average": 54467
    }, 
    {
        "date": "2012-04-30", 
        "operating_revenue": 62089, 
        "accumulated_operating_revenue": 225490, 
        "long_term_average": 56372, 
        "short_term_average": 59552
    }, 
    {
        "date": "2012-05-31", 
        "operating_revenue": 58874, 
        "accumulated_operating_revenue": 284364, 
        "long_term_average": 56872, 
        "short_term_average": 67855
    }, 
    {
        "date": "2012-06-30", 
        "operating_revenue": 68134, 
        "accumulated_operating_revenue": 352498, 
        "long_term_average": 58749, 
        "short_term_average": 63032
    }, 
    {
        "date": "2012-07-31", 
        "operating_revenue": 64110, 
        "accumulated_operating_revenue": 416608, 
        "long_term_average": 59515, 
        "short_term_average": 63706
    }, 
    {
        "date": "2012-08-31", 
        "operating_revenue": 80986, 
        "accumulated_operating_revenue": 497594, 
        "long_term_average": 62199, 
        "short_term_average": 71076
    }, 
    {
        "date": "2012-09-30", 
        "operating_revenue": 81356, 
        "accumulated_operating_revenue": 578950, 
        "long_term_average": 64327, 
        "short_term_average": 75484
    }, 
    {
        "date": "2012-10-31", 
        "operating_revenue": 76915, 
        "accumulated_operating_revenue": 655865, 
        "long_term_average": 65586, 
        "short_term_average": 79752
    }, 
    {
        "date": "2012-11-30", 
        "operating_revenue": 74027, 
        "accumulated_operating_revenue": 729892, 
        "long_term_average": 66353, 
        "short_term_average": 77432
    }, 
    {
        "date": "2012-12-31", 
        "operating_revenue": 43511, 
        "accumulated_operating_revenue": 773403, 
        "long_term_average": 64450, 
        "short_term_average": 64817
    }, 
    {
        "accumulated_operating_revenue_yoy": 41.777341247811414, 
        "accumulated_operating_revenue": 66400, 
        "long_term_average": 66080, 
        "date": "2013-01-31", 
        "operating_revenue": 66400, 
        "short_term_average": 61312
    }, 
    {
        "accumulated_operating_revenue_yoy": 39.92054258768781, 
        "accumulated_operating_revenue": 113053, 
        "long_term_average": 67138, 
        "date": "2013-02-28", 
        "operating_revenue": 46653, 
        "short_term_average": 52188
    }, 
    {
        "accumulated_operating_revenue_yoy": -0.8023206712321223, 
        "accumulated_operating_revenue": 162090, 
        "long_term_average": 64341, 
        "date": "2013-03-31", 
        "operating_revenue": 49037, 
        "short_term_average": 54030
    }, 
    {
        "accumulated_operating_revenue_yoy": -1.7832276375892502, 
        "accumulated_operating_revenue": 221469, 
        "long_term_average": 64115, 
        "date": "2013-04-30", 
        "operating_revenue": 59379, 
        "short_term_average": 51689
    }, 
    {
        "accumulated_operating_revenue_yoy": -0.2071288911395254, 
        "accumulated_operating_revenue": 283775, 
        "long_term_average": 64401, 
        "date": "2013-05-31", 
        "operating_revenue": 62306, 
        "short_term_average": 56907
    }, 
    {
        "accumulated_operating_revenue_yoy": -7.595504087966456, 
        "accumulated_operating_revenue": 325724, 
        "long_term_average": 62219, 
        "date": "2013-06-30", 
        "operating_revenue": 41949, 
        "short_term_average": 54544
    }, 
    {
        "accumulated_operating_revenue_yoy": -9.264104385897534, 
        "accumulated_operating_revenue": 378013, 
        "long_term_average": 61234, 
        "date": "2013-07-31", 
        "operating_revenue": 52289, 
        "short_term_average": 52181
    }, 
    {
        "accumulated_operating_revenue_yoy": -13.479262209753335, 
        "accumulated_operating_revenue": 430522, 
        "long_term_average": 58860, 
        "date": "2013-08-31", 
        "operating_revenue": 52509, 
        "short_term_average": 48915
    }, 
    {
        "accumulated_operating_revenue_yoy": -16.50177044649797, 
        "accumulated_operating_revenue": 483413, 
        "long_term_average": 56488, 
        "date": "2013-09-30", 
        "operating_revenue": 52891, 
        "short_term_average": 52563
    }, 
    {
        "accumulated_operating_revenue_yoy": -18.49465972418104, 
        "accumulated_operating_revenue": 534565, 
        "long_term_average": 54341, 
        "date": "2013-10-31", 
        "operating_revenue": 51152, 
        "short_term_average": 52184
    }, 
    {
        "accumulated_operating_revenue_yoy": -19.776076460627053, 
        "accumulated_operating_revenue": 585548, 
        "long_term_average": 52421, 
        "date": "2013-11-30", 
        "operating_revenue": 50983, 
        "short_term_average": 51675
    }, 
    {
        "accumulated_operating_revenue_yoy": -17.932306960278147, 
        "accumulated_operating_revenue": 634714, 
        "long_term_average": 52892, 
        "date": "2013-12-31", 
        "operating_revenue": 49166, 
        "short_term_average": 50433
    }, 
    {
        "accumulated_operating_revenue_yoy": 5.695783132530121, 
        "accumulated_operating_revenue": 70182, 
        "long_term_average": 53208, 
        "date": "2014-01-31", 
        "operating_revenue": 70182, 
        "short_term_average": 56777
    }, 
    {
        "accumulated_operating_revenue_yoy": 11.33273774247477, 
        "accumulated_operating_revenue": 125865, 
        "long_term_average": 53960, 
        "date": "2014-02-28", 
        "operating_revenue": 55683, 
        "short_term_average": 58343
    }, 
    {
        "accumulated_operating_revenue_yoy": 22.20803257449565, 
        "accumulated_operating_revenue": 198087, 
        "long_term_average": 55892, 
        "date": "2014-03-31", 
        "operating_revenue": 72222, 
        "short_term_average": 66029
    }, 
    {
        "accumulated_operating_revenue_yoy": 26.530575385268367, 
        "accumulated_operating_revenue": 280226, 
        "long_term_average": 57789, 
        "date": "2014-04-30", 
        "operating_revenue": 82139, 
        "short_term_average": 70014
    }, 
    {
        "accumulated_operating_revenue_yoy": 30.425865562505507, 
        "accumulated_operating_revenue": 370116, 
        "long_term_average": 60087, 
        "date": "2014-05-31", 
        "operating_revenue": 89890, 
        "short_term_average": 81417
    }, 
    {
        "accumulated_operating_revenue_yoy": 34.801242769952474, 
        "accumulated_operating_revenue": 439080, 
        "long_term_average": 62339, 
        "date": "2014-06-30", 
        "operating_revenue": 68964, 
        "short_term_average": 80331
    }, 
    {
        "accumulated_operating_revenue_yoy": 34.83028361458469, 
        "accumulated_operating_revenue": 509676, 
        "long_term_average": 63864, 
        "date": "2014-07-31", 
        "operating_revenue": 70596, 
        "short_term_average": 76483
    }, 
    {
        "accumulated_operating_revenue_yoy": 32.76510840328717, 
        "accumulated_operating_revenue": 571583, 
        "long_term_average": 64647, 
        "date": "2014-08-31", 
        "operating_revenue": 61907, 
        "short_term_average": 67155
    }, 
    {
        "accumulated_operating_revenue_yoy": 31.338420770645392, 
        "accumulated_operating_revenue": 634907, 
        "long_term_average": 65517, 
        "date": "2014-09-30", 
        "operating_revenue": 63324, 
        "short_term_average": 65275
    }, 
    {
        "accumulated_operating_revenue_yoy": 30.804485890396865, 
        "accumulated_operating_revenue": 699235, 
        "long_term_average": 66615, 
        "date": "2014-10-31", 
        "operating_revenue": 64328, 
        "short_term_average": 63186
    }, 
    {
        "accumulated_operating_revenue_yoy": 29.42815960433645, 
        "accumulated_operating_revenue": 757864, 
        "long_term_average": 67252, 
        "date": "2014-11-30", 
        "operating_revenue": 58629, 
        "short_term_average": 62093
    }, 
    {
        "accumulated_operating_revenue_yoy": 29.740796642267224, 
        "accumulated_operating_revenue": 823483, 
        "long_term_average": 68623, 
        "date": "2014-12-31", 
        "operating_revenue": 65619, 
        "short_term_average": 62858
    }, 
    {
        "accumulated_operating_revenue_yoy": 5.950243652218518, 
        "accumulated_operating_revenue": 74358, 
        "long_term_average": 68971, 
        "date": "2015-01-31", 
        "operating_revenue": 74358, 
        "short_term_average": 66202
    }, 
    {
        "accumulated_operating_revenue_yoy": -4.562825249275017, 
        "accumulated_operating_revenue": 120122, 
        "long_term_average": 68145, 
        "date": "2015-02-28", 
        "operating_revenue": 45764, 
        "short_term_average": 61913
    }, 
    {
        "accumulated_operating_revenue_yoy": -8.63862848142483, 
        "accumulated_operating_revenue": 180975, 
        "long_term_average": 67197, 
        "date": "2015-03-31", 
        "operating_revenue": 60853, 
        "short_term_average": 60325
    }, 
    {
        "accumulated_operating_revenue_yoy": -14.507219173096, 
        "accumulated_operating_revenue": 239573, 
        "long_term_average": 65235, 
        "date": "2015-04-30", 
        "operating_revenue": 58598, 
        "short_term_average": 55071
    }, 
    {
        "accumulated_operating_revenue_yoy": -19.38716510499411, 
        "accumulated_operating_revenue": 298361, 
        "long_term_average": 62644, 
        "date": "2015-05-31", 
        "operating_revenue": 58788, 
        "short_term_average": 59413
    }, 
    {
        "accumulated_operating_revenue_yoy": -17.529835109774982, 
        "accumulated_operating_revenue": 362110, 
        "long_term_average": 62209, 
        "date": "2015-06-30", 
        "operating_revenue": 63749, 
        "short_term_average": 60378
    }, 
    {
        "accumulated_operating_revenue_yoy": -16.61290702328538, 
        "accumulated_operating_revenue": 425004, 
        "long_term_average": 61567, 
        "date": "2015-07-31", 
        "operating_revenue": 62894, 
        "short_term_average": 61810
    }, 
    {
        "accumulated_operating_revenue_yoy": -15.157378718401352, 
        "accumulated_operating_revenue": 484946, 
        "long_term_average": 61403, 
        "date": "2015-08-31", 
        "operating_revenue": 59942, 
        "short_term_average": 62195
    }, 
    {
        "accumulated_operating_revenue_yoy": -13.679798773678664, 
        "accumulated_operating_revenue": 548053, 
        "long_term_average": 61385, 
        "date": "2015-09-30", 
        "operating_revenue": 63107, 
        "short_term_average": 61981
    }
]