[
    {
        "date": "2012-01-31", 
        "operating_revenue": 3286793, 
        "accumulated_operating_revenue": 3286793, 
        "long_term_average": 3286793, 
        "short_term_average": 3286793
    }, 
    {
        "date": "2012-02-29", 
        "operating_revenue": 2029393, 
        "accumulated_operating_revenue": 5316186, 
        "long_term_average": 2658093, 
        "short_term_average": 2658093
    }, 
    {
        "date": "2012-03-31", 
        "operating_revenue": 2134372, 
        "accumulated_operating_revenue": 7450558, 
        "long_term_average": 2483519, 
        "short_term_average": 2483519
    }, 
    {
        "date": "2012-04-30", 
        "operating_revenue": 2612506, 
        "accumulated_operating_revenue": 10063064, 
        "long_term_average": 2515766, 
        "short_term_average": 2258757
    }, 
    {
        "date": "2012-05-31", 
        "operating_revenue": 2141038, 
        "accumulated_operating_revenue": 12204102, 
        "long_term_average": 2440820, 
        "short_term_average": 2295972
    }, 
    {
        "date": "2012-06-30", 
        "operating_revenue": 2238333, 
        "accumulated_operating_revenue": 14442435, 
        "long_term_average": 2407072, 
        "short_term_average": 2330625
    }, 
    {
        "date": "2012-07-31", 
        "operating_revenue": 3302952, 
        "accumulated_operating_revenue": 17745387, 
        "long_term_average": 2535055, 
        "short_term_average": 2560774
    }, 
    {
        "date": "2012-08-31", 
        "operating_revenue": 2399411, 
        "accumulated_operating_revenue": 20144798, 
        "long_term_average": 2518099, 
        "short_term_average": 2646898
    }, 
    {
        "date": "2012-09-30", 
        "operating_revenue": 2165575, 
        "accumulated_operating_revenue": 22310373, 
        "long_term_average": 2478930, 
        "short_term_average": 2622646
    }, 
    {
        "date": "2012-10-31", 
        "operating_revenue": 1752401, 
        "accumulated_operating_revenue": 24062774, 
        "long_term_average": 2406277, 
        "short_term_average": 2105795
    }, 
    {
        "date": "2012-11-30", 
        "operating_revenue": 2298127, 
        "accumulated_operating_revenue": 26360901, 
        "long_term_average": 2396445, 
        "short_term_average": 2072034
    }, 
    {
        "date": "2012-12-31", 
        "operating_revenue": 2437454, 
        "accumulated_operating_revenue": 28798355, 
        "long_term_average": 2399862, 
        "short_term_average": 2162660
    }, 
    {
        "accumulated_operating_revenue_yoy": -17.85351252725681, 
        "accumulated_operating_revenue": 2699985, 
        "long_term_average": 2350962, 
        "date": "2013-01-31", 
        "operating_revenue": 2699985, 
        "short_term_average": 2478522
    }, 
    {
        "accumulated_operating_revenue_yoy": -9.040334555638196, 
        "accumulated_operating_revenue": 4835585, 
        "long_term_average": 2359812, 
        "date": "2013-02-28", 
        "operating_revenue": 2135600, 
        "short_term_average": 2424346
    }, 
    {
        "accumulated_operating_revenue_yoy": -12.645911890089307, 
        "accumulated_operating_revenue": 6508367, 
        "long_term_average": 2321347, 
        "date": "2013-03-31", 
        "operating_revenue": 1672782, 
        "short_term_average": 2169455
    }, 
    {
        "accumulated_operating_revenue_yoy": -13.745505345091713, 
        "accumulated_operating_revenue": 8679845, 
        "long_term_average": 2284594, 
        "date": "2013-04-30", 
        "operating_revenue": 2171478, 
        "short_term_average": 1993286
    }, 
    {
        "accumulated_operating_revenue_yoy": -12.914690486854338, 
        "accumulated_operating_revenue": 10627980, 
        "long_term_average": 2268519, 
        "date": "2013-05-31", 
        "operating_revenue": 1948135, 
        "short_term_average": 1930798
    }, 
    {
        "accumulated_operating_revenue_yoy": -12.383763541258798, 
        "accumulated_operating_revenue": 12653918, 
        "long_term_average": 2250819, 
        "date": "2013-06-30", 
        "operating_revenue": 2025938, 
        "short_term_average": 2048517
    }, 
    {
        "accumulated_operating_revenue_yoy": -14.87541522763071, 
        "accumulated_operating_revenue": 15105687, 
        "long_term_average": 2179887, 
        "date": "2013-07-31", 
        "operating_revenue": 2451769, 
        "short_term_average": 2141947
    }, 
    {
        "accumulated_operating_revenue_yoy": -14.79898185129481, 
        "accumulated_operating_revenue": 17163573, 
        "long_term_average": 2151427, 
        "date": "2013-08-31", 
        "operating_revenue": 2057886, 
        "short_term_average": 2178531
    }, 
    {
        "accumulated_operating_revenue_yoy": -13.865743078342977, 
        "accumulated_operating_revenue": 19216874, 
        "long_term_average": 2142071, 
        "date": "2013-09-30", 
        "operating_revenue": 2053301, 
        "short_term_average": 2187652
    }, 
    {
        "accumulated_operating_revenue_yoy": -12.234320947368744, 
        "accumulated_operating_revenue": 21118857, 
        "long_term_average": 2154536, 
        "date": "2013-10-31", 
        "operating_revenue": 1901983, 
        "short_term_average": 2004390
    }, 
    {
        "accumulated_operating_revenue_yoy": -11.637231216034687, 
        "accumulated_operating_revenue": 23293222, 
        "long_term_average": 2144223, 
        "date": "2013-11-30", 
        "operating_revenue": 2174365, 
        "short_term_average": 2043216
    }, 
    {
        "accumulated_operating_revenue_yoy": -10.8039712684978, 
        "accumulated_operating_revenue": 25686989, 
        "long_term_average": 2140582, 
        "date": "2013-12-31", 
        "operating_revenue": 2393767, 
        "short_term_average": 2156705
    }, 
    {
        "accumulated_operating_revenue_yoy": 14.283153424926434, 
        "accumulated_operating_revenue": 3085628, 
        "long_term_average": 2172719, 
        "date": "2014-01-31", 
        "operating_revenue": 3085628, 
        "short_term_average": 2551253
    }, 
    {
        "accumulated_operating_revenue_yoy": 4.425876083245357, 
        "accumulated_operating_revenue": 5049602, 
        "long_term_average": 2158417, 
        "date": "2014-02-28", 
        "operating_revenue": 1963974, 
        "short_term_average": 2481123
    }, 
    {
        "accumulated_operating_revenue_yoy": 1.3019087583721076, 
        "accumulated_operating_revenue": 6593100, 
        "long_term_average": 2147643, 
        "date": "2014-03-31", 
        "operating_revenue": 1543498, 
        "short_term_average": 2197700
    }, 
    {
        "accumulated_operating_revenue_yoy": -1.301578542013135, 
        "accumulated_operating_revenue": 8566870, 
        "long_term_average": 2131167, 
        "date": "2014-04-30", 
        "operating_revenue": 1973770, 
        "short_term_average": 1827080
    }, 
    {
        "accumulated_operating_revenue_yoy": -2.680292962538507, 
        "accumulated_operating_revenue": 10343119, 
        "long_term_average": 2116844, 
        "date": "2014-05-31", 
        "operating_revenue": 1776249, 
        "short_term_average": 1764505
    }, 
    {
        "accumulated_operating_revenue_yoy": -4.0757257949672185, 
        "accumulated_operating_revenue": 12138179, 
        "long_term_average": 2097604, 
        "date": "2014-06-30", 
        "operating_revenue": 1795060, 
        "short_term_average": 1848359
    }, 
    {
        "accumulated_operating_revenue_yoy": -3.7974836894210773, 
        "accumulated_operating_revenue": 14532051, 
        "long_term_average": 2092779, 
        "date": "2014-07-31", 
        "operating_revenue": 2393872, 
        "short_term_average": 1988393
    }, 
    {
        "accumulated_operating_revenue_yoy": -4.062062135896762, 
        "accumulated_operating_revenue": 16466378, 
        "long_term_average": 2082482, 
        "date": "2014-08-31", 
        "operating_revenue": 1934327, 
        "short_term_average": 2041086
    }, 
    {
        "accumulated_operating_revenue_yoy": -4.5981568073974985, 
        "accumulated_operating_revenue": 18333252, 
        "long_term_average": 2066947, 
        "date": "2014-09-30", 
        "operating_revenue": 1866874, 
        "short_term_average": 2065024
    }, 
    {
        "accumulated_operating_revenue_yoy": -4.354790602540659, 
        "accumulated_operating_revenue": 20199175, 
        "long_term_average": 2063942, 
        "date": "2014-10-31", 
        "operating_revenue": 1865923, 
        "short_term_average": 1889041
    }, 
    {
        "accumulated_operating_revenue_yoy": -4.541698868451947, 
        "accumulated_operating_revenue": 22235314, 
        "long_term_average": 2052423, 
        "date": "2014-11-30", 
        "operating_revenue": 2036139, 
        "short_term_average": 1922978
    }, 
    {
        "accumulated_operating_revenue_yoy": -4.768550334957515, 
        "accumulated_operating_revenue": 24462092, 
        "long_term_average": 2038507, 
        "date": "2014-12-31", 
        "operating_revenue": 2226778, 
        "short_term_average": 2042946
    }, 
    {
        "accumulated_operating_revenue_yoy": -25.935822464665215, 
        "accumulated_operating_revenue": 2285345, 
        "long_term_average": 1971817, 
        "date": "2015-01-31", 
        "operating_revenue": 2285345, 
        "short_term_average": 2182754
    }, 
    {
        "accumulated_operating_revenue_yoy": -13.419869526350789, 
        "accumulated_operating_revenue": 4371952, 
        "long_term_average": 1982036, 
        "date": "2015-02-28", 
        "operating_revenue": 2086607, 
        "short_term_average": 2199576
    }, 
    {
        "accumulated_operating_revenue_yoy": -8.3342737103942, 
        "accumulated_operating_revenue": 6043613, 
        "long_term_average": 1992717, 
        "date": "2015-03-31", 
        "operating_revenue": 1671661, 
        "short_term_average": 2014537
    }, 
    {
        "accumulated_operating_revenue_yoy": -5.29835284065242, 
        "accumulated_operating_revenue": 8112967, 
        "long_term_average": 2000682, 
        "date": "2015-04-30", 
        "operating_revenue": 2069354, 
        "short_term_average": 1942540
    }, 
    {
        "accumulated_operating_revenue_yoy": -3.9242901488419495, 
        "accumulated_operating_revenue": 9937225, 
        "long_term_average": 2004683, 
        "date": "2015-05-31", 
        "operating_revenue": 1824258, 
        "short_term_average": 1855091
    }, 
    {
        "accumulated_operating_revenue_yoy": -2.6572354881238778, 
        "accumulated_operating_revenue": 11815639, 
        "long_term_average": 2011629, 
        "date": "2015-06-30", 
        "operating_revenue": 1878414, 
        "short_term_average": 1924008
    }, 
    {
        "accumulated_operating_revenue_yoy": -3.0473055730398966, 
        "accumulated_operating_revenue": 14089215, 
        "long_term_average": 2001604, 
        "date": "2015-07-31", 
        "operating_revenue": 2273576, 
        "short_term_average": 1992082
    }, 
    {
        "accumulated_operating_revenue_yoy": -3.824599435285647, 
        "accumulated_operating_revenue": 15836605, 
        "long_term_average": 1986026, 
        "date": "2015-08-31", 
        "operating_revenue": 1747390, 
        "short_term_average": 1966460
    }, 
    {
        "accumulated_operating_revenue_yoy": -4.795281273611468, 
        "accumulated_operating_revenue": 17454121, 
        "long_term_average": 1965246, 
        "date": "2015-09-30", 
        "operating_revenue": 1617516, 
        "short_term_average": 1879494
    }
]