[
    {
        "date": "2011-09-30", 
        "operating_revenue": 169954, 
        "accumulated_operating_revenue": 169954, 
        "long_term_average": 169954, 
        "short_term_average": 169954
    }, 
    {
        "date": "2011-10-31", 
        "operating_revenue": 225598, 
        "accumulated_operating_revenue": 395552, 
        "long_term_average": 197776, 
        "short_term_average": 197776
    }, 
    {
        "date": "2011-11-30", 
        "operating_revenue": 226311, 
        "accumulated_operating_revenue": 621863, 
        "long_term_average": 207287, 
        "short_term_average": 207287
    }, 
    {
        "date": "2011-12-31", 
        "operating_revenue": 133691, 
        "accumulated_operating_revenue": 755554, 
        "long_term_average": 188888, 
        "short_term_average": 195200
    }, 
    {
        "date": "2012-01-31", 
        "operating_revenue": 160447, 
        "accumulated_operating_revenue": 160447, 
        "long_term_average": 183200, 
        "short_term_average": 173483
    }, 
    {
        "date": "2012-02-29", 
        "operating_revenue": 194444, 
        "accumulated_operating_revenue": 354891, 
        "long_term_average": 185074, 
        "short_term_average": 162860
    }, 
    {
        "date": "2012-03-31", 
        "operating_revenue": 271623, 
        "accumulated_operating_revenue": 626514, 
        "long_term_average": 197438, 
        "short_term_average": 208838
    }, 
    {
        "date": "2012-04-30", 
        "operating_revenue": 201530, 
        "accumulated_operating_revenue": 828044, 
        "long_term_average": 197949, 
        "short_term_average": 222532
    }, 
    {
        "date": "2012-05-31", 
        "operating_revenue": 162202, 
        "accumulated_operating_revenue": 990246, 
        "long_term_average": 193977, 
        "short_term_average": 211785
    }, 
    {
        "date": "2012-06-30", 
        "operating_revenue": 176426, 
        "accumulated_operating_revenue": 1166672, 
        "long_term_average": 192222, 
        "short_term_average": 180052
    }, 
    {
        "date": "2012-07-31", 
        "operating_revenue": 186167, 
        "accumulated_operating_revenue": 1352839, 
        "long_term_average": 191672, 
        "short_term_average": 174931
    }, 
    {
        "date": "2012-08-31", 
        "operating_revenue": 316328, 
        "accumulated_operating_revenue": 1669167, 
        "long_term_average": 202060, 
        "short_term_average": 226307
    }, 
    {
        "accumulated_operating_revenue_yoy": 990.2138225637525, 
        "accumulated_operating_revenue": 1852862, 
        "long_term_average": 203205, 
        "date": "2012-09-30", 
        "operating_revenue": 183695, 
        "short_term_average": 228730
    }, 
    {
        "accumulated_operating_revenue_yoy": 432.3514986651565, 
        "accumulated_operating_revenue": 2105727, 
        "long_term_average": 205477, 
        "date": "2012-10-31", 
        "operating_revenue": 252865, 
        "short_term_average": 250962
    }, 
    {
        "accumulated_operating_revenue_yoy": 272.1525480692693, 
        "accumulated_operating_revenue": 2314279, 
        "long_term_average": 203997, 
        "date": "2012-11-30", 
        "operating_revenue": 208552, 
        "short_term_average": 215037
    }, 
    {
        "accumulated_operating_revenue_yoy": 224.19244686680236, 
        "accumulated_operating_revenue": 2449449, 
        "long_term_average": 204120, 
        "date": "2012-12-31", 
        "operating_revenue": 135170, 
        "short_term_average": 198862
    }, 
    {
        "accumulated_operating_revenue_yoy": 31.19098518513902, 
        "accumulated_operating_revenue": 210492, 
        "long_term_average": 208291, 
        "date": "2013-01-31", 
        "operating_revenue": 210492, 
        "short_term_average": 184738
    }, 
    {
        "accumulated_operating_revenue_yoy": -0.016343046174740975, 
        "accumulated_operating_revenue": 354833, 
        "long_term_average": 204115, 
        "date": "2013-02-28", 
        "operating_revenue": 144341, 
        "short_term_average": 163334
    }, 
    {
        "accumulated_operating_revenue_yoy": -11.337655662922137, 
        "accumulated_operating_revenue": 555482, 
        "long_term_average": 198201, 
        "date": "2013-03-31", 
        "operating_revenue": 200649, 
        "short_term_average": 185160
    }, 
    {
        "accumulated_operating_revenue_yoy": -10.817178797261981, 
        "accumulated_operating_revenue": 738473, 
        "long_term_average": 196656, 
        "date": "2013-04-30", 
        "operating_revenue": 182991, 
        "short_term_average": 175993
    }, 
    {
        "accumulated_operating_revenue_yoy": -6.656325801871454, 
        "accumulated_operating_revenue": 924332, 
        "long_term_average": 198627, 
        "date": "2013-05-31", 
        "operating_revenue": 185859, 
        "short_term_average": 189833
    }, 
    {
        "accumulated_operating_revenue_yoy": -6.95499677715759, 
        "accumulated_operating_revenue": 1085530, 
        "long_term_average": 197358, 
        "date": "2013-06-30", 
        "operating_revenue": 161198, 
        "short_term_average": 176682
    }, 
    {
        "accumulated_operating_revenue_yoy": -4.775291073069301, 
        "accumulated_operating_revenue": 1288237, 
        "long_term_average": 198737, 
        "date": "2013-07-31", 
        "operating_revenue": 202707, 
        "short_term_average": 183254
    }, 
    {
        "accumulated_operating_revenue_yoy": -5.94799681517787, 
        "accumulated_operating_revenue": 1569885, 
        "long_term_average": 195847, 
        "date": "2013-08-31", 
        "operating_revenue": 281648, 
        "short_term_average": 215184
    }, 
    {
        "accumulated_operating_revenue_yoy": -0.3940390595737837, 
        "accumulated_operating_revenue": 1845561, 
        "long_term_average": 203512, 
        "date": "2013-09-30", 
        "operating_revenue": 275676, 
        "short_term_average": 253343
    }, 
    {
        "accumulated_operating_revenue_yoy": 0.5445625192629434, 
        "accumulated_operating_revenue": 2117194, 
        "long_term_average": 205076, 
        "date": "2013-10-31", 
        "operating_revenue": 271633, 
        "short_term_average": 276319
    }, 
    {
        "accumulated_operating_revenue_yoy": 1.6332084420244923, 
        "accumulated_operating_revenue": 2352076, 
        "long_term_average": 207270, 
        "date": "2013-11-30", 
        "operating_revenue": 234882, 
        "short_term_average": 260730
    }, 
    {
        "accumulated_operating_revenue_yoy": 4.877464278701046, 
        "accumulated_operating_revenue": 2568920, 
        "long_term_average": 214076, 
        "date": "2013-12-31", 
        "operating_revenue": 216844, 
        "short_term_average": 241119
    }, 
    {
        "accumulated_operating_revenue_yoy": 19.583167056230167, 
        "accumulated_operating_revenue": 251713, 
        "long_term_average": 217511, 
        "date": "2014-01-31", 
        "operating_revenue": 251713, 
        "short_term_average": 234479
    }, 
    {
        "accumulated_operating_revenue_yoy": 44.26392133764334, 
        "accumulated_operating_revenue": 511896, 
        "long_term_average": 227165, 
        "date": "2014-02-28", 
        "operating_revenue": 260183, 
        "short_term_average": 242913
    }, 
    {
        "accumulated_operating_revenue_yoy": 52.6621924742836, 
        "accumulated_operating_revenue": 848011, 
        "long_term_average": 238454, 
        "date": "2014-03-31", 
        "operating_revenue": 336115, 
        "short_term_average": 282670
    }, 
    {
        "accumulated_operating_revenue_yoy": 61.115572268722076, 
        "accumulated_operating_revenue": 1189795, 
        "long_term_average": 251686, 
        "date": "2014-04-30", 
        "operating_revenue": 341784, 
        "short_term_average": 312694
    }, 
    {
        "accumulated_operating_revenue_yoy": 67.37990245928953, 
        "accumulated_operating_revenue": 1547146, 
        "long_term_average": 265977, 
        "date": "2014-05-31", 
        "operating_revenue": 357351, 
        "short_term_average": 345083
    }, 
    {
        "accumulated_operating_revenue_yoy": 70.28373237036286, 
        "accumulated_operating_revenue": 1848481, 
        "long_term_average": 277655, 
        "date": "2014-06-30", 
        "operating_revenue": 301335, 
        "short_term_average": 333490
    }, 
    {
        "accumulated_operating_revenue_yoy": 77.54209823192471, 
        "accumulated_operating_revenue": 2287163, 
        "long_term_average": 297320, 
        "date": "2014-07-31", 
        "operating_revenue": 438682, 
        "short_term_average": 365789
    }, 
    {
        "accumulated_operating_revenue_yoy": 70.50204314328757, 
        "accumulated_operating_revenue": 2676686, 
        "long_term_average": 306310, 
        "date": "2014-08-31", 
        "operating_revenue": 389523, 
        "short_term_average": 376513
    }, 
    {
        "accumulated_operating_revenue_yoy": 68.66524596044238, 
        "accumulated_operating_revenue": 3112820, 
        "long_term_average": 319681, 
        "date": "2014-09-30", 
        "operating_revenue": 436134, 
        "short_term_average": 421446
    }, 
    {
        "accumulated_operating_revenue_yoy": 69.07033554789972, 
        "accumulated_operating_revenue": 3579547, 
        "long_term_average": 335939, 
        "date": "2014-10-31", 
        "operating_revenue": 466727, 
        "short_term_average": 430794
    }, 
    {
        "accumulated_operating_revenue_yoy": 68.56041216355254, 
        "accumulated_operating_revenue": 3964669, 
        "long_term_average": 348459, 
        "date": "2014-11-30", 
        "operating_revenue": 385122, 
        "short_term_average": 429327
    }, 
    {
        "accumulated_operating_revenue_yoy": 67.74142441181507, 
        "accumulated_operating_revenue": 4309143, 
        "long_term_average": 359095, 
        "date": "2014-12-31", 
        "operating_revenue": 344474, 
        "short_term_average": 398774
    }, 
    {
        "accumulated_operating_revenue_yoy": 81.8988292221697, 
        "accumulated_operating_revenue": 457863, 
        "long_term_average": 376274, 
        "date": "2015-01-31", 
        "operating_revenue": 457863, 
        "short_term_average": 395819
    }, 
    {
        "accumulated_operating_revenue_yoy": 58.17373060152844, 
        "accumulated_operating_revenue": 809685, 
        "long_term_average": 383911, 
        "date": "2015-02-28", 
        "operating_revenue": 351822, 
        "short_term_average": 384719
    }, 
    {
        "accumulated_operating_revenue_yoy": 42.875623075644064, 
        "accumulated_operating_revenue": 1211601, 
        "long_term_average": 389394, 
        "date": "2015-03-31", 
        "operating_revenue": 401916, 
        "short_term_average": 403867
    }, 
    {
        "accumulated_operating_revenue_yoy": 29.754789690661, 
        "accumulated_operating_revenue": 1543816, 
        "long_term_average": 388597, 
        "date": "2015-04-30", 
        "operating_revenue": 332215, 
        "short_term_average": 361984
    }, 
    {
        "accumulated_operating_revenue_yoy": 17.010999608311046, 
        "accumulated_operating_revenue": 1810331, 
        "long_term_average": 381027, 
        "date": "2015-05-31", 
        "operating_revenue": 266515, 
        "short_term_average": 333548
    }, 
    {
        "accumulated_operating_revenue_yoy": 11.113016579559108, 
        "accumulated_operating_revenue": 2053903, 
        "long_term_average": 376213, 
        "date": "2015-06-30", 
        "operating_revenue": 243572, 
        "short_term_average": 280767
    }, 
    {
        "accumulated_operating_revenue_yoy": 1.3517182640677556, 
        "accumulated_operating_revenue": 2318079, 
        "long_term_average": 361671, 
        "date": "2015-07-31", 
        "operating_revenue": 264176, 
        "short_term_average": 258087
    }, 
    {
        "accumulated_operating_revenue_yoy": -4.757898386288119, 
        "accumulated_operating_revenue": 2549332, 
        "long_term_average": 348482, 
        "date": "2015-08-31", 
        "operating_revenue": 231253, 
        "short_term_average": 246333
    }, 
    {
        "accumulated_operating_revenue_yoy": -8.111615833874106, 
        "accumulated_operating_revenue": 2860320, 
        "long_term_average": 338053, 
        "date": "2015-09-30", 
        "operating_revenue": 310988, 
        "short_term_average": 268805
    }, 
    {
        "accumulated_operating_revenue_yoy": -11.671141627697583, 
        "accumulated_operating_revenue": 3161773, 
        "long_term_average": 324280, 
        "date": "2015-10-31", 
        "operating_revenue": 301453, 
        "short_term_average": 281231
    }
]