[
    {
        "date": "2011-09-30", 
        "operating_revenue": 153957, 
        "accumulated_operating_revenue": 153957, 
        "long_term_average": 153957, 
        "short_term_average": 153957
    }, 
    {
        "date": "2011-10-31", 
        "operating_revenue": 156306, 
        "accumulated_operating_revenue": 310263, 
        "long_term_average": 155131, 
        "short_term_average": 155131
    }, 
    {
        "date": "2011-11-30", 
        "operating_revenue": 156281, 
        "accumulated_operating_revenue": 466544, 
        "long_term_average": 155514, 
        "short_term_average": 155514
    }, 
    {
        "date": "2011-12-31", 
        "operating_revenue": 158158, 
        "accumulated_operating_revenue": 624702, 
        "long_term_average": 156175, 
        "short_term_average": 156915
    }, 
    {
        "date": "2012-01-31", 
        "operating_revenue": 154035, 
        "accumulated_operating_revenue": 154035, 
        "long_term_average": 155747, 
        "short_term_average": 156158
    }, 
    {
        "date": "2012-02-29", 
        "operating_revenue": 147749, 
        "accumulated_operating_revenue": 301784, 
        "long_term_average": 154414, 
        "short_term_average": 153314
    }, 
    {
        "date": "2012-03-31", 
        "operating_revenue": 159461, 
        "accumulated_operating_revenue": 461245, 
        "long_term_average": 155135, 
        "short_term_average": 153748
    }, 
    {
        "date": "2012-04-30", 
        "operating_revenue": 159481, 
        "accumulated_operating_revenue": 620726, 
        "long_term_average": 155678, 
        "short_term_average": 155563
    }, 
    {
        "date": "2012-05-31", 
        "operating_revenue": 158488, 
        "accumulated_operating_revenue": 779214, 
        "long_term_average": 155990, 
        "short_term_average": 159143
    }, 
    {
        "date": "2012-06-30", 
        "operating_revenue": 155750, 
        "accumulated_operating_revenue": 934964, 
        "long_term_average": 155966, 
        "short_term_average": 157906
    }, 
    {
        "date": "2012-07-31", 
        "operating_revenue": 156229, 
        "accumulated_operating_revenue": 1091193, 
        "long_term_average": 155990, 
        "short_term_average": 156822
    }, 
    {
        "date": "2012-08-31", 
        "operating_revenue": 156557, 
        "accumulated_operating_revenue": 1247750, 
        "long_term_average": 156037, 
        "short_term_average": 156178
    }, 
    {
        "accumulated_operating_revenue_yoy": 812.2391317056062, 
        "accumulated_operating_revenue": 1404456, 
        "long_term_average": 156266, 
        "date": "2012-09-30", 
        "operating_revenue": 156706, 
        "short_term_average": 156497
    }, 
    {
        "accumulated_operating_revenue_yoy": 403.49090932531436, 
        "accumulated_operating_revenue": 1562146, 
        "long_term_average": 156382, 
        "date": "2012-10-31", 
        "operating_revenue": 157690, 
        "short_term_average": 156984
    }, 
    {
        "accumulated_operating_revenue_yoy": 269.55206797215266, 
        "accumulated_operating_revenue": 1724123, 
        "long_term_average": 156856, 
        "date": "2012-11-30", 
        "operating_revenue": 161977, 
        "short_term_average": 158791
    }, 
    {
        "accumulated_operating_revenue_yoy": 202.12165160348454, 
        "accumulated_operating_revenue": 1887360, 
        "long_term_average": 157280, 
        "date": "2012-12-31", 
        "operating_revenue": 163237, 
        "short_term_average": 160968
    }, 
    {
        "accumulated_operating_revenue_yoy": 1.6294997890089913, 
        "accumulated_operating_revenue": 156545, 
        "long_term_average": 157489, 
        "date": "2013-01-31", 
        "operating_revenue": 156545, 
        "short_term_average": 160586
    }, 
    {
        "accumulated_operating_revenue_yoy": 2.630026774116587, 
        "accumulated_operating_revenue": 309721, 
        "long_term_average": 157941, 
        "date": "2013-02-28", 
        "operating_revenue": 153176, 
        "short_term_average": 157652
    }, 
    {
        "accumulated_operating_revenue_yoy": 1.4595280165638653, 
        "accumulated_operating_revenue": 467977, 
        "long_term_average": 157841, 
        "date": "2013-03-31", 
        "operating_revenue": 158256, 
        "short_term_average": 155992
    }, 
    {
        "accumulated_operating_revenue_yoy": 1.4655419621539938, 
        "accumulated_operating_revenue": 629823, 
        "long_term_average": 158038, 
        "date": "2013-04-30", 
        "operating_revenue": 161846, 
        "short_term_average": 157759
    }, 
    {
        "accumulated_operating_revenue_yoy": 1.9879006280687974, 
        "accumulated_operating_revenue": 794704, 
        "long_term_average": 158570, 
        "date": "2013-05-31", 
        "operating_revenue": 164881, 
        "short_term_average": 161661
    }, 
    {
        "accumulated_operating_revenue_yoy": 2.6685519442459817, 
        "accumulated_operating_revenue": 959914, 
        "long_term_average": 159359, 
        "date": "2013-06-30", 
        "operating_revenue": 165210, 
        "short_term_average": 163979
    }, 
    {
        "accumulated_operating_revenue_yoy": 3.1654345289971615, 
        "accumulated_operating_revenue": 1125734, 
        "long_term_average": 160158, 
        "date": "2013-07-31", 
        "operating_revenue": 165820, 
        "short_term_average": 165303
    }, 
    {
        "accumulated_operating_revenue_yoy": 3.6735724303746746, 
        "accumulated_operating_revenue": 1293587, 
        "long_term_average": 161099, 
        "date": "2013-08-31", 
        "operating_revenue": 167853, 
        "short_term_average": 166294
    }, 
    {
        "accumulated_operating_revenue_yoy": 4.0585109109861754, 
        "accumulated_operating_revenue": 1461456, 
        "long_term_average": 162030, 
        "date": "2013-09-30", 
        "operating_revenue": 167869, 
        "short_term_average": 167180
    }, 
    {
        "accumulated_operating_revenue_yoy": 4.572171871259152, 
        "accumulated_operating_revenue": 1633570, 
        "long_term_average": 163232, 
        "date": "2013-10-31", 
        "operating_revenue": 172114, 
        "short_term_average": 169278
    }, 
    {
        "accumulated_operating_revenue_yoy": 5.075449953396596, 
        "accumulated_operating_revenue": 1811630, 
        "long_term_average": 164572, 
        "date": "2013-11-30", 
        "operating_revenue": 178060, 
        "short_term_average": 172681
    }, 
    {
        "accumulated_operating_revenue_yoy": 5.6528696168192605, 
        "accumulated_operating_revenue": 1994050, 
        "long_term_average": 166170, 
        "date": "2013-12-31", 
        "operating_revenue": 182420, 
        "short_term_average": 177531
    }, 
    {
        "accumulated_operating_revenue_yoy": 15.847200485483407, 
        "accumulated_operating_revenue": 181353, 
        "long_term_average": 168238, 
        "date": "2014-01-31", 
        "operating_revenue": 181353, 
        "short_term_average": 180611
    }, 
    {
        "accumulated_operating_revenue_yoy": 13.885077214654478, 
        "accumulated_operating_revenue": 352726, 
        "long_term_average": 169754, 
        "date": "2014-02-28", 
        "operating_revenue": 171373, 
        "short_term_average": 178382
    }, 
    {
        "accumulated_operating_revenue_yoy": 14.656275842616198, 
        "accumulated_operating_revenue": 536565, 
        "long_term_average": 171886, 
        "date": "2014-03-31", 
        "operating_revenue": 183839, 
        "short_term_average": 178855
    }, 
    {
        "accumulated_operating_revenue_yoy": 15.013741956073373, 
        "accumulated_operating_revenue": 724383, 
        "long_term_average": 174050, 
        "date": "2014-04-30", 
        "operating_revenue": 187818, 
        "short_term_average": 181010
    }, 
    {
        "accumulated_operating_revenue_yoy": 15.012381968632345, 
        "accumulated_operating_revenue": 914008, 
        "long_term_average": 176112, 
        "date": "2014-05-31", 
        "operating_revenue": 189625, 
        "short_term_average": 187094
    }, 
    {
        "accumulated_operating_revenue_yoy": 15.49201282614901, 
        "accumulated_operating_revenue": 1108624, 
        "long_term_average": 178563, 
        "date": "2014-06-30", 
        "operating_revenue": 194616, 
        "short_term_average": 190686
    }, 
    {
        "accumulated_operating_revenue_yoy": 16.071025659702915, 
        "accumulated_operating_revenue": 1306651, 
        "long_term_average": 181247, 
        "date": "2014-07-31", 
        "operating_revenue": 198027, 
        "short_term_average": 194089
    }, 
    {
        "accumulated_operating_revenue_yoy": 16.639932219479633, 
        "accumulated_operating_revenue": 1508839, 
        "long_term_average": 184108, 
        "date": "2014-08-31", 
        "operating_revenue": 202188, 
        "short_term_average": 198277
    }, 
    {
        "accumulated_operating_revenue_yoy": 17.260321213912704, 
        "accumulated_operating_revenue": 1713708, 
        "long_term_average": 187191, 
        "date": "2014-09-30", 
        "operating_revenue": 204869, 
        "short_term_average": 201694
    }, 
    {
        "accumulated_operating_revenue_yoy": 17.78613711074518, 
        "accumulated_operating_revenue": 1924119, 
        "long_term_average": 190383, 
        "date": "2014-10-31", 
        "operating_revenue": 210411, 
        "short_term_average": 205822
    }, 
    {
        "accumulated_operating_revenue_yoy": 18.3099749948941, 
        "accumulated_operating_revenue": 2143339, 
        "long_term_average": 193813, 
        "date": "2014-11-30", 
        "operating_revenue": 219220, 
        "short_term_average": 211500
    }, 
    {
        "accumulated_operating_revenue_yoy": 19.016774905343397, 
        "accumulated_operating_revenue": 2373254, 
        "long_term_average": 197771, 
        "date": "2014-12-31", 
        "operating_revenue": 229915, 
        "short_term_average": 219848
    }, 
    {
        "accumulated_operating_revenue_yoy": 26.04478558391645, 
        "accumulated_operating_revenue": 228586, 
        "long_term_average": 201707, 
        "date": "2015-01-31", 
        "operating_revenue": 228586, 
        "short_term_average": 225907
    }, 
    {
        "accumulated_operating_revenue_yoy": 24.84081128127782, 
        "accumulated_operating_revenue": 440346, 
        "long_term_average": 205072, 
        "date": "2015-02-28", 
        "operating_revenue": 211760, 
        "short_term_average": 223420
    }, 
    {
        "accumulated_operating_revenue_yoy": 23.80196248357608, 
        "accumulated_operating_revenue": 664278, 
        "long_term_average": 208413, 
        "date": "2015-03-31", 
        "operating_revenue": 223932, 
        "short_term_average": 221426
    }, 
    {
        "accumulated_operating_revenue_yoy": 24.384200070956936, 
        "accumulated_operating_revenue": 901018, 
        "long_term_average": 212490, 
        "date": "2015-04-30", 
        "operating_revenue": 236740, 
        "short_term_average": 224144
    }, 
    {
        "accumulated_operating_revenue_yoy": 24.549238081067124, 
        "accumulated_operating_revenue": 1138390, 
        "long_term_average": 216469, 
        "date": "2015-05-31", 
        "operating_revenue": 237372, 
        "short_term_average": 232681
    }, 
    {
        "accumulated_operating_revenue_yoy": 24.572442956313413, 
        "accumulated_operating_revenue": 1381040, 
        "long_term_average": 220472, 
        "date": "2015-06-30", 
        "operating_revenue": 242650, 
        "short_term_average": 238920
    }, 
    {
        "accumulated_operating_revenue_yoy": 24.700933914258666, 
        "accumulated_operating_revenue": 1629406, 
        "long_term_average": 224667, 
        "date": "2015-07-31", 
        "operating_revenue": 248366, 
        "short_term_average": 242796
    }, 
    {
        "accumulated_operating_revenue_yoy": 24.669298712453745, 
        "accumulated_operating_revenue": 1881059, 
        "long_term_average": 228789, 
        "date": "2015-08-31", 
        "operating_revenue": 251653, 
        "short_term_average": 247556
    }, 
    {
        "accumulated_operating_revenue_yoy": 24.805276044693727, 
        "accumulated_operating_revenue": 2138798, 
        "long_term_average": 233195, 
        "date": "2015-09-30", 
        "operating_revenue": 257739, 
        "short_term_average": 252586
    }
]