[
    {
        "date": "2012-01-31", 
        "operating_revenue": 35032, 
        "accumulated_operating_revenue": 35032, 
        "long_term_average": 35032, 
        "short_term_average": 35032
    }, 
    {
        "date": "2012-02-29", 
        "operating_revenue": 35452, 
        "accumulated_operating_revenue": 70484, 
        "long_term_average": 35242, 
        "short_term_average": 35242
    }, 
    {
        "date": "2012-03-31", 
        "operating_revenue": 27843, 
        "accumulated_operating_revenue": 98327, 
        "long_term_average": 32775, 
        "short_term_average": 32775
    }, 
    {
        "date": "2012-04-30", 
        "operating_revenue": 62570, 
        "accumulated_operating_revenue": 160897, 
        "long_term_average": 40224, 
        "short_term_average": 41955
    }, 
    {
        "date": "2012-05-31", 
        "operating_revenue": 44054, 
        "accumulated_operating_revenue": 204951, 
        "long_term_average": 40990, 
        "short_term_average": 44822
    }, 
    {
        "date": "2012-06-30", 
        "operating_revenue": 36535, 
        "accumulated_operating_revenue": 241486, 
        "long_term_average": 40247, 
        "short_term_average": 47719
    }, 
    {
        "date": "2012-07-31", 
        "operating_revenue": 36741, 
        "accumulated_operating_revenue": 278227, 
        "long_term_average": 39746, 
        "short_term_average": 39110
    }, 
    {
        "date": "2012-08-31", 
        "operating_revenue": 30102, 
        "accumulated_operating_revenue": 308329, 
        "long_term_average": 38541, 
        "short_term_average": 34459
    }, 
    {
        "date": "2012-09-30", 
        "operating_revenue": 35179, 
        "accumulated_operating_revenue": 343508, 
        "long_term_average": 38167, 
        "short_term_average": 34007
    }, 
    {
        "date": "2012-10-31", 
        "operating_revenue": 43641, 
        "accumulated_operating_revenue": 387149, 
        "long_term_average": 38714, 
        "short_term_average": 36307
    }, 
    {
        "date": "2012-11-30", 
        "operating_revenue": 45730, 
        "accumulated_operating_revenue": 432879, 
        "long_term_average": 39352, 
        "short_term_average": 41516
    }, 
    {
        "date": "2012-12-31", 
        "operating_revenue": 53877, 
        "accumulated_operating_revenue": 486756, 
        "long_term_average": 40563, 
        "short_term_average": 47749
    }, 
    {
        "accumulated_operating_revenue_yoy": 54.318908426581416, 
        "accumulated_operating_revenue": 54061, 
        "long_term_average": 42148, 
        "date": "2013-01-31", 
        "operating_revenue": 54061, 
        "short_term_average": 51222
    }, 
    {
        "accumulated_operating_revenue_yoy": 20.62595766415073, 
        "accumulated_operating_revenue": 85022, 
        "long_term_average": 41774, 
        "date": "2013-02-28", 
        "operating_revenue": 30961, 
        "short_term_average": 46299
    }, 
    {
        "accumulated_operating_revenue_yoy": 24.8487190700418, 
        "accumulated_operating_revenue": 122760, 
        "long_term_average": 42599, 
        "date": "2013-03-31", 
        "operating_revenue": 37738, 
        "short_term_average": 40920
    }, 
    {
        "accumulated_operating_revenue_yoy": 7.194664909849157, 
        "accumulated_operating_revenue": 172473, 
        "long_term_average": 41527, 
        "date": "2013-04-30", 
        "operating_revenue": 49713, 
        "short_term_average": 39470
    }, 
    {
        "accumulated_operating_revenue_yoy": 8.483979097442804, 
        "accumulated_operating_revenue": 222339, 
        "long_term_average": 42012, 
        "date": "2013-05-31", 
        "operating_revenue": 49866, 
        "short_term_average": 45772
    }, 
    {
        "accumulated_operating_revenue_yoy": 5.052466809670126, 
        "accumulated_operating_revenue": 253687, 
        "long_term_average": 41579, 
        "date": "2013-06-30", 
        "operating_revenue": 31348, 
        "short_term_average": 43642
    }, 
    {
        "accumulated_operating_revenue_yoy": 3.7616766165756736, 
        "accumulated_operating_revenue": 288693, 
        "long_term_average": 41435, 
        "date": "2013-07-31", 
        "operating_revenue": 35006, 
        "short_term_average": 38740
    }, 
    {
        "accumulated_operating_revenue_yoy": 1.6664017980793244, 
        "accumulated_operating_revenue": 313467, 
        "long_term_average": 40991, 
        "date": "2013-08-31", 
        "operating_revenue": 24774, 
        "short_term_average": 30376
    }, 
    {
        "accumulated_operating_revenue_yoy": 0.17030171058607077, 
        "accumulated_operating_revenue": 344093, 
        "long_term_average": 40611, 
        "date": "2013-09-30", 
        "operating_revenue": 30626, 
        "short_term_average": 30135
    }, 
    {
        "accumulated_operating_revenue_yoy": 0.6462628083761033, 
        "accumulated_operating_revenue": 389651, 
        "long_term_average": 40771, 
        "date": "2013-10-31", 
        "operating_revenue": 45558, 
        "short_term_average": 33652
    }, 
    {
        "accumulated_operating_revenue_yoy": -2.8543773202211242, 
        "accumulated_operating_revenue": 420523, 
        "long_term_average": 39533, 
        "date": "2013-11-30", 
        "operating_revenue": 30872, 
        "short_term_average": 35685
    }, 
    {
        "accumulated_operating_revenue_yoy": -6.142091725628447, 
        "accumulated_operating_revenue": 456859, 
        "long_term_average": 38071, 
        "date": "2013-12-31", 
        "operating_revenue": 36336, 
        "short_term_average": 37588
    }, 
    {
        "accumulated_operating_revenue_yoy": -55.635300863839, 
        "accumulated_operating_revenue": 23984, 
        "long_term_average": 35565, 
        "date": "2014-01-31", 
        "operating_revenue": 23984, 
        "short_term_average": 30397
    }, 
    {
        "accumulated_operating_revenue_yoy": -42.831267201430215, 
        "accumulated_operating_revenue": 48606, 
        "long_term_average": 35036, 
        "date": "2014-02-28", 
        "operating_revenue": 24622, 
        "short_term_average": 28314
    }, 
    {
        "accumulated_operating_revenue_yoy": -48.075920495275334, 
        "accumulated_operating_revenue": 63742, 
        "long_term_average": 33153, 
        "date": "2014-03-31", 
        "operating_revenue": 15136, 
        "short_term_average": 21247
    }, 
    {
        "accumulated_operating_revenue_yoy": -50.3313562122767, 
        "accumulated_operating_revenue": 85665, 
        "long_term_average": 30837, 
        "date": "2014-04-30", 
        "operating_revenue": 21923, 
        "short_term_average": 20560
    }, 
    {
        "accumulated_operating_revenue_yoy": -51.4979378336684, 
        "accumulated_operating_revenue": 107839, 
        "long_term_average": 28529, 
        "date": "2014-05-31", 
        "operating_revenue": 22174, 
        "short_term_average": 19744
    }, 
    {
        "accumulated_operating_revenue_yoy": -46.504550883569124, 
        "accumulated_operating_revenue": 135711, 
        "long_term_average": 28240, 
        "date": "2014-06-30", 
        "operating_revenue": 27872, 
        "short_term_average": 23989
    }, 
    {
        "accumulated_operating_revenue_yoy": -45.28409071227914, 
        "accumulated_operating_revenue": 157961, 
        "long_term_average": 27177, 
        "date": "2014-07-31", 
        "operating_revenue": 22250, 
        "short_term_average": 24098
    }, 
    {
        "accumulated_operating_revenue_yoy": -44.46496760424542, 
        "accumulated_operating_revenue": 174084, 
        "long_term_average": 26456, 
        "date": "2014-08-31", 
        "operating_revenue": 16123, 
        "short_term_average": 22081
    }, 
    {
        "accumulated_operating_revenue_yoy": -44.469082486420824, 
        "accumulated_operating_revenue": 191078, 
        "long_term_average": 25320, 
        "date": "2014-09-30", 
        "operating_revenue": 16994, 
        "short_term_average": 18455
    }, 
    {
        "accumulated_operating_revenue_yoy": -44.00040035826932, 
        "accumulated_operating_revenue": 218203, 
        "long_term_average": 23784, 
        "date": "2014-10-31", 
        "operating_revenue": 27125, 
        "short_term_average": 20080
    }, 
    {
        "accumulated_operating_revenue_yoy": -42.6266815370384, 
        "accumulated_operating_revenue": 241268, 
        "long_term_average": 23133, 
        "date": "2014-11-30", 
        "operating_revenue": 23065, 
        "short_term_average": 22394
    }, 
    {
        "accumulated_operating_revenue_yoy": -43.469648184669666, 
        "accumulated_operating_revenue": 258264, 
        "long_term_average": 21522, 
        "date": "2014-12-31", 
        "operating_revenue": 16996, 
        "short_term_average": 22395
    }, 
    {
        "accumulated_operating_revenue_yoy": -0.0708805870580387, 
        "accumulated_operating_revenue": 23967, 
        "long_term_average": 21520, 
        "date": "2015-01-31", 
        "operating_revenue": 23967, 
        "short_term_average": 21342
    }, 
    {
        "accumulated_operating_revenue_yoy": -34.66650207793276, 
        "accumulated_operating_revenue": 31756, 
        "long_term_average": 20117, 
        "date": "2015-02-28", 
        "operating_revenue": 7789, 
        "short_term_average": 16250
    }, 
    {
        "accumulated_operating_revenue_yoy": -22.94719337328606, 
        "accumulated_operating_revenue": 49115, 
        "long_term_average": 20303, 
        "date": "2015-03-31", 
        "operating_revenue": 17359, 
        "short_term_average": 16371
    }, 
    {
        "accumulated_operating_revenue_yoy": -20.828809899025273, 
        "accumulated_operating_revenue": 67822, 
        "long_term_average": 20035, 
        "date": "2015-04-30", 
        "operating_revenue": 18707, 
        "short_term_average": 14618
    }, 
    {
        "accumulated_operating_revenue_yoy": -22.698652621036917, 
        "accumulated_operating_revenue": 83361, 
        "long_term_average": 19482, 
        "date": "2015-05-31", 
        "operating_revenue": 15539, 
        "short_term_average": 17201
    }, 
    {
        "accumulated_operating_revenue_yoy": -24.132163199740624, 
        "accumulated_operating_revenue": 102961, 
        "long_term_average": 18792, 
        "date": "2015-06-30", 
        "operating_revenue": 19600, 
        "short_term_average": 17948
    }, 
    {
        "accumulated_operating_revenue_yoy": -23.76156139806661, 
        "accumulated_operating_revenue": 120427, 
        "long_term_average": 18394, 
        "date": "2015-07-31", 
        "operating_revenue": 17466, 
        "short_term_average": 17535
    }, 
    {
        "accumulated_operating_revenue_yoy": -19.460720112129774, 
        "accumulated_operating_revenue": 140206, 
        "long_term_average": 18698, 
        "date": "2015-08-31", 
        "operating_revenue": 19779, 
        "short_term_average": 18948
    }
]