[
    {
        "date": "2012-01-31", 
        "operating_revenue": 122295, 
        "accumulated_operating_revenue": 122295, 
        "long_term_average": 122295, 
        "short_term_average": 122295
    }, 
    {
        "date": "2012-02-29", 
        "operating_revenue": 152339, 
        "accumulated_operating_revenue": 274634, 
        "long_term_average": 137317, 
        "short_term_average": 137317
    }, 
    {
        "date": "2012-03-31", 
        "operating_revenue": 176907, 
        "accumulated_operating_revenue": 451541, 
        "long_term_average": 150513, 
        "short_term_average": 150513
    }, 
    {
        "date": "2012-04-30", 
        "operating_revenue": 184688, 
        "accumulated_operating_revenue": 636229, 
        "long_term_average": 159057, 
        "short_term_average": 171311
    }, 
    {
        "date": "2012-05-31", 
        "operating_revenue": 179187, 
        "accumulated_operating_revenue": 815416, 
        "long_term_average": 163083, 
        "short_term_average": 180260
    }, 
    {
        "date": "2012-06-30", 
        "operating_revenue": 165713, 
        "accumulated_operating_revenue": 981129, 
        "long_term_average": 163521, 
        "short_term_average": 176529
    }, 
    {
        "date": "2012-07-31", 
        "operating_revenue": 171173, 
        "accumulated_operating_revenue": 1152302, 
        "long_term_average": 164614, 
        "short_term_average": 172024
    }, 
    {
        "date": "2012-08-31", 
        "operating_revenue": 176857, 
        "accumulated_operating_revenue": 1329159, 
        "long_term_average": 166144, 
        "short_term_average": 171247
    }, 
    {
        "date": "2012-09-30", 
        "operating_revenue": 177469, 
        "accumulated_operating_revenue": 1506628, 
        "long_term_average": 167403, 
        "short_term_average": 175166
    }, 
    {
        "date": "2012-10-31", 
        "operating_revenue": 164519, 
        "accumulated_operating_revenue": 1671147, 
        "long_term_average": 167114, 
        "short_term_average": 172948
    }, 
    {
        "date": "2012-11-30", 
        "operating_revenue": 154623, 
        "accumulated_operating_revenue": 1825770, 
        "long_term_average": 165979, 
        "short_term_average": 165537
    }, 
    {
        "date": "2012-12-31", 
        "operating_revenue": 134850, 
        "accumulated_operating_revenue": 1960620, 
        "long_term_average": 163385, 
        "short_term_average": 151330
    }, 
    {
        "accumulated_operating_revenue_yoy": 31.681589598920645, 
        "accumulated_operating_revenue": 161040, 
        "long_term_average": 166613, 
        "date": "2013-01-31", 
        "operating_revenue": 161040, 
        "short_term_average": 150171
    }, 
    {
        "accumulated_operating_revenue_yoy": -4.960055928981845, 
        "accumulated_operating_revenue": 261012, 
        "long_term_average": 162249, 
        "date": "2013-02-28", 
        "operating_revenue": 99972, 
        "short_term_average": 131954
    }, 
    {
        "accumulated_operating_revenue_yoy": -13.323485574953326, 
        "accumulated_operating_revenue": 391380, 
        "long_term_average": 158371, 
        "date": "2013-03-31", 
        "operating_revenue": 130368, 
        "short_term_average": 130460
    }, 
    {
        "accumulated_operating_revenue_yoy": -15.40860287726589, 
        "accumulated_operating_revenue": 538195, 
        "long_term_average": 155215, 
        "date": "2013-04-30", 
        "operating_revenue": 146815, 
        "short_term_average": 125718
    }, 
    {
        "accumulated_operating_revenue_yoy": -14.26388493725902, 
        "accumulated_operating_revenue": 699106, 
        "long_term_average": 153692, 
        "date": "2013-05-31", 
        "operating_revenue": 160911, 
        "short_term_average": 146031
    }, 
    {
        "accumulated_operating_revenue_yoy": -13.360118801910858, 
        "accumulated_operating_revenue": 850049, 
        "long_term_average": 152461, 
        "date": "2013-06-30", 
        "operating_revenue": 150943, 
        "short_term_average": 152889
    }, 
    {
        "accumulated_operating_revenue_yoy": -12.508439627805906, 
        "accumulated_operating_revenue": 1008167, 
        "long_term_average": 151373, 
        "date": "2013-07-31", 
        "operating_revenue": 158118, 
        "short_term_average": 156657
    }, 
    {
        "accumulated_operating_revenue_yoy": -11.575891221441529, 
        "accumulated_operating_revenue": 1175297, 
        "long_term_average": 150563, 
        "date": "2013-08-31", 
        "operating_revenue": 167130, 
        "short_term_average": 158730
    }, 
    {
        "accumulated_operating_revenue_yoy": -11.206814157177485, 
        "accumulated_operating_revenue": 1337783, 
        "long_term_average": 149314, 
        "date": "2013-09-30", 
        "operating_revenue": 162486, 
        "short_term_average": 162578
    }, 
    {
        "accumulated_operating_revenue_yoy": -9.346335181764381, 
        "accumulated_operating_revenue": 1514956, 
        "long_term_average": 150369, 
        "date": "2013-10-31", 
        "operating_revenue": 177173, 
        "short_term_average": 168929
    }, 
    {
        "accumulated_operating_revenue_yoy": -7.929859730415112, 
        "accumulated_operating_revenue": 1680989, 
        "long_term_average": 151319, 
        "date": "2013-11-30", 
        "operating_revenue": 166033, 
        "short_term_average": 168564
    }, 
    {
        "accumulated_operating_revenue_yoy": -6.513449827095511, 
        "accumulated_operating_revenue": 1832916, 
        "long_term_average": 152743, 
        "date": "2013-12-31", 
        "operating_revenue": 151927, 
        "short_term_average": 165044
    }, 
    {
        "accumulated_operating_revenue_yoy": -17.389468455042227, 
        "accumulated_operating_revenue": 133036, 
        "long_term_average": 150409, 
        "date": "2014-01-31", 
        "operating_revenue": 133036, 
        "short_term_average": 150332
    }, 
    {
        "accumulated_operating_revenue_yoy": -1.1865354849585459, 
        "accumulated_operating_revenue": 257915, 
        "long_term_average": 152484, 
        "date": "2014-02-28", 
        "operating_revenue": 124879, 
        "short_term_average": 136614
    }, 
    {
        "accumulated_operating_revenue_yoy": 3.5860289232970515, 
        "accumulated_operating_revenue": 405415, 
        "long_term_average": 153912, 
        "date": "2014-03-31", 
        "operating_revenue": 147500, 
        "short_term_average": 135138
    }, 
    {
        "accumulated_operating_revenue_yoy": 3.8056838134876765, 
        "accumulated_operating_revenue": 558677, 
        "long_term_average": 154449, 
        "date": "2014-04-30", 
        "operating_revenue": 153262, 
        "short_term_average": 141880
    }, 
    {
        "accumulated_operating_revenue_yoy": 2.476448492789362, 
        "accumulated_operating_revenue": 716419, 
        "long_term_average": 154185, 
        "date": "2014-05-31", 
        "operating_revenue": 157742, 
        "short_term_average": 152834
    }, 
    {
        "accumulated_operating_revenue_yoy": 2.830189789059219, 
        "accumulated_operating_revenue": 874107, 
        "long_term_average": 154747, 
        "date": "2014-06-30", 
        "operating_revenue": 157688, 
        "short_term_average": 156230
    }, 
    {
        "accumulated_operating_revenue_yoy": 6.668538049747711, 
        "accumulated_operating_revenue": 1075397, 
        "long_term_average": 158345, 
        "date": "2014-07-31", 
        "operating_revenue": 201290, 
        "short_term_average": 172240
    }, 
    {
        "accumulated_operating_revenue_yoy": 6.510354404035745, 
        "accumulated_operating_revenue": 1251813, 
        "long_term_average": 159119, 
        "date": "2014-08-31", 
        "operating_revenue": 176416, 
        "short_term_average": 178464
    }, 
    {
        "accumulated_operating_revenue_yoy": 6.6686450642593, 
        "accumulated_operating_revenue": 1426995, 
        "long_term_average": 160177, 
        "date": "2014-09-30", 
        "operating_revenue": 175182, 
        "short_term_average": 184296
    }, 
    {
        "accumulated_operating_revenue_yoy": 4.318013196422867, 
        "accumulated_operating_revenue": 1580372, 
        "long_term_average": 158194, 
        "date": "2014-10-31", 
        "operating_revenue": 153377, 
        "short_term_average": 168325
    }, 
    {
        "accumulated_operating_revenue_yoy": 2.5918075609061098, 
        "accumulated_operating_revenue": 1724557, 
        "long_term_average": 156373, 
        "date": "2014-11-30", 
        "operating_revenue": 144185, 
        "short_term_average": 157581
    }, 
    {
        "accumulated_operating_revenue_yoy": 2.4087301327502186, 
        "accumulated_operating_revenue": 1877066, 
        "long_term_average": 156422, 
        "date": "2014-12-31", 
        "operating_revenue": 152509, 
        "short_term_average": 150023
    }, 
    {
        "accumulated_operating_revenue_yoy": 17.626056105114404, 
        "accumulated_operating_revenue": 156485, 
        "long_term_average": 158376, 
        "date": "2015-01-31", 
        "operating_revenue": 156485, 
        "short_term_average": 151059
    }, 
    {
        "accumulated_operating_revenue_yoy": 1.894810305720877, 
        "accumulated_operating_revenue": 262802, 
        "long_term_average": 156829, 
        "date": "2015-02-28", 
        "operating_revenue": 106317, 
        "short_term_average": 138437
    }, 
    {
        "accumulated_operating_revenue_yoy": -1.3317218159170232, 
        "accumulated_operating_revenue": 400016, 
        "long_term_average": 155972, 
        "date": "2015-03-31", 
        "operating_revenue": 137214, 
        "short_term_average": 133338
    }, 
    {
        "accumulated_operating_revenue_yoy": -1.7971027982179328, 
        "accumulated_operating_revenue": 548637, 
        "long_term_average": 155585, 
        "date": "2015-04-30", 
        "operating_revenue": 148621, 
        "short_term_average": 130717
    }, 
    {
        "accumulated_operating_revenue_yoy": -3.2493554749385485, 
        "accumulated_operating_revenue": 693140, 
        "long_term_average": 154482, 
        "date": "2015-05-31", 
        "operating_revenue": 144503, 
        "short_term_average": 143446
    }, 
    {
        "accumulated_operating_revenue_yoy": -4.982456381198183, 
        "accumulated_operating_revenue": 830555, 
        "long_term_average": 152792, 
        "date": "2015-06-30", 
        "operating_revenue": 137415, 
        "short_term_average": 143513
    }, 
    {
        "accumulated_operating_revenue_yoy": -8.808746909280945, 
        "accumulated_operating_revenue": 980668, 
        "long_term_average": 148528, 
        "date": "2015-07-31", 
        "operating_revenue": 150113, 
        "short_term_average": 144010
    }, 
    {
        "accumulated_operating_revenue_yoy": -9.425209675886096, 
        "accumulated_operating_revenue": 1133827, 
        "long_term_average": 146590, 
        "date": "2015-08-31", 
        "operating_revenue": 153159, 
        "short_term_average": 146895
    }, 
    {
        "accumulated_operating_revenue_yoy": -8.674452258066777, 
        "accumulated_operating_revenue": 1303211, 
        "long_term_average": 146106, 
        "date": "2015-09-30", 
        "operating_revenue": 169384, 
        "short_term_average": 157552
    }, 
    {
        "accumulated_operating_revenue_yoy": -7.143507984196126, 
        "accumulated_operating_revenue": 1467478, 
        "long_term_average": 147014, 
        "date": "2015-10-31", 
        "operating_revenue": 164267, 
        "short_term_average": 162270
    }
]