[
    {
        "date": "2011-09-30", 
        "operating_revenue": 193473, 
        "accumulated_operating_revenue": 193473, 
        "long_term_average": 193473, 
        "short_term_average": 193473
    }, 
    {
        "date": "2011-10-31", 
        "operating_revenue": 192110, 
        "accumulated_operating_revenue": 385583, 
        "long_term_average": 192791, 
        "short_term_average": 192791
    }, 
    {
        "date": "2011-11-30", 
        "operating_revenue": 201722, 
        "accumulated_operating_revenue": 587305, 
        "long_term_average": 195768, 
        "short_term_average": 195768
    }, 
    {
        "date": "2011-12-31", 
        "operating_revenue": 179872, 
        "accumulated_operating_revenue": 767177, 
        "long_term_average": 191794, 
        "short_term_average": 191234
    }, 
    {
        "date": "2012-01-31", 
        "operating_revenue": 87633, 
        "accumulated_operating_revenue": 87633, 
        "long_term_average": 170962, 
        "short_term_average": 156409
    }, 
    {
        "date": "2012-02-29", 
        "operating_revenue": 185935, 
        "accumulated_operating_revenue": 273568, 
        "long_term_average": 173457, 
        "short_term_average": 151146
    }, 
    {
        "date": "2012-03-31", 
        "operating_revenue": 203579, 
        "accumulated_operating_revenue": 477147, 
        "long_term_average": 177760, 
        "short_term_average": 159049
    }, 
    {
        "date": "2012-04-30", 
        "operating_revenue": 212019, 
        "accumulated_operating_revenue": 689166, 
        "long_term_average": 182042, 
        "short_term_average": 200511
    }, 
    {
        "date": "2012-05-31", 
        "operating_revenue": 256881, 
        "accumulated_operating_revenue": 946047, 
        "long_term_average": 190358, 
        "short_term_average": 224159
    }, 
    {
        "date": "2012-06-30", 
        "operating_revenue": 228646, 
        "accumulated_operating_revenue": 1174693, 
        "long_term_average": 194187, 
        "short_term_average": 232515
    }, 
    {
        "date": "2012-07-31", 
        "operating_revenue": 227884, 
        "accumulated_operating_revenue": 1402577, 
        "long_term_average": 197250, 
        "short_term_average": 237803
    }, 
    {
        "date": "2012-08-31", 
        "operating_revenue": 248138, 
        "accumulated_operating_revenue": 1650715, 
        "long_term_average": 201491, 
        "short_term_average": 234889
    }, 
    {
        "accumulated_operating_revenue_yoy": 868.2927333529743, 
        "accumulated_operating_revenue": 1873385, 
        "long_term_average": 203924, 
        "date": "2012-09-30", 
        "operating_revenue": 222670, 
        "short_term_average": 232897
    }, 
    {
        "accumulated_operating_revenue_yoy": 439.7937668413805, 
        "accumulated_operating_revenue": 2081353, 
        "long_term_average": 205245, 
        "date": "2012-10-31", 
        "operating_revenue": 207968, 
        "short_term_average": 226258
    }, 
    {
        "accumulated_operating_revenue_yoy": 292.588689011672, 
        "accumulated_operating_revenue": 2305693, 
        "long_term_average": 207130, 
        "date": "2012-11-30", 
        "operating_revenue": 224340, 
        "short_term_average": 218326
    }, 
    {
        "accumulated_operating_revenue_yoy": 226.7577104110264, 
        "accumulated_operating_revenue": 2506810, 
        "long_term_average": 208900, 
        "date": "2012-12-31", 
        "operating_revenue": 201117, 
        "short_term_average": 211141
    }, 
    {
        "accumulated_operating_revenue_yoy": 142.2318076523684, 
        "accumulated_operating_revenue": 212275, 
        "long_term_average": 219287, 
        "date": "2013-01-31", 
        "operating_revenue": 212275, 
        "short_term_average": 212577
    }, 
    {
        "accumulated_operating_revenue_yoy": 33.679377704994735, 
        "accumulated_operating_revenue": 365704, 
        "long_term_average": 216578, 
        "date": "2013-02-28", 
        "operating_revenue": 153429, 
        "short_term_average": 188940
    }, 
    {
        "accumulated_operating_revenue_yoy": 23.721620381140404, 
        "accumulated_operating_revenue": 590334, 
        "long_term_average": 218333, 
        "date": "2013-03-31", 
        "operating_revenue": 224630, 
        "short_term_average": 196778
    }, 
    {
        "accumulated_operating_revenue_yoy": 20.970999730108566, 
        "accumulated_operating_revenue": 833691, 
        "long_term_average": 220944, 
        "date": "2013-04-30", 
        "operating_revenue": 243357, 
        "short_term_average": 207138
    }, 
    {
        "accumulated_operating_revenue_yoy": 14.873045419519325, 
        "accumulated_operating_revenue": 1086753, 
        "long_term_average": 220626, 
        "date": "2013-05-31", 
        "operating_revenue": 253062, 
        "short_term_average": 240349
    }, 
    {
        "accumulated_operating_revenue_yoy": 12.957513154500793, 
        "accumulated_operating_revenue": 1326904, 
        "long_term_average": 221585, 
        "date": "2013-06-30", 
        "operating_revenue": 240151, 
        "short_term_average": 245523
    }, 
    {
        "accumulated_operating_revenue_yoy": 14.726535512845285, 
        "accumulated_operating_revenue": 1609128, 
        "long_term_average": 226113, 
        "date": "2013-07-31", 
        "operating_revenue": 282224, 
        "short_term_average": 258479
    }, 
    {
        "accumulated_operating_revenue_yoy": 14.07232623438934, 
        "accumulated_operating_revenue": 1883009, 
        "long_term_average": 228258, 
        "date": "2013-08-31", 
        "operating_revenue": 273881, 
        "short_term_average": 265418
    }, 
    {
        "accumulated_operating_revenue_yoy": 14.012335958705766, 
        "accumulated_operating_revenue": 2135890, 
        "long_term_average": 230776, 
        "date": "2013-09-30", 
        "operating_revenue": 252881, 
        "short_term_average": 269662
    }, 
    {
        "accumulated_operating_revenue_yoy": 14.595746132443654, 
        "accumulated_operating_revenue": 2385142, 
        "long_term_average": 234216, 
        "date": "2013-10-31", 
        "operating_revenue": 249252, 
        "short_term_average": 258671
    }, 
    {
        "accumulated_operating_revenue_yoy": 15.327365785471006, 
        "accumulated_operating_revenue": 2659095, 
        "long_term_average": 238351, 
        "date": "2013-11-30", 
        "operating_revenue": 273953, 
        "short_term_average": 258695
    }, 
    {
        "accumulated_operating_revenue_yoy": 16.736290345099945, 
        "accumulated_operating_revenue": 2926357, 
        "long_term_average": 243863, 
        "date": "2013-12-31", 
        "operating_revenue": 267262, 
        "short_term_average": 263489
    }, 
    {
        "accumulated_operating_revenue_yoy": 9.16217171122365, 
        "accumulated_operating_revenue": 231724, 
        "long_term_average": 245483, 
        "date": "2014-01-31", 
        "operating_revenue": 231724, 
        "short_term_average": 257646
    }, 
    {
        "accumulated_operating_revenue_yoy": 16.486830879618488, 
        "accumulated_operating_revenue": 425997, 
        "long_term_average": 248887, 
        "date": "2014-02-28", 
        "operating_revenue": 194273, 
        "short_term_average": 231086
    }, 
    {
        "accumulated_operating_revenue_yoy": 15.14058143356134, 
        "accumulated_operating_revenue": 679714, 
        "long_term_average": 251311, 
        "date": "2014-03-31", 
        "operating_revenue": 253717, 
        "short_term_average": 226571
    }, 
    {
        "accumulated_operating_revenue_yoy": 12.272292731959443, 
        "accumulated_operating_revenue": 936004, 
        "long_term_average": 252389, 
        "date": "2014-04-30", 
        "operating_revenue": 256290, 
        "short_term_average": 234760
    }, 
    {
        "accumulated_operating_revenue_yoy": 8.445157271247467, 
        "accumulated_operating_revenue": 1178531, 
        "long_term_average": 251511, 
        "date": "2014-05-31", 
        "operating_revenue": 242527, 
        "short_term_average": 250844
    }, 
    {
        "accumulated_operating_revenue_yoy": 13.5587804392782, 
        "accumulated_operating_revenue": 1506816, 
        "long_term_average": 258855, 
        "date": "2014-06-30", 
        "operating_revenue": 328285, 
        "short_term_average": 275700
    }, 
    {
        "accumulated_operating_revenue_yoy": 15.79799742469213, 
        "accumulated_operating_revenue": 1863338, 
        "long_term_average": 265047, 
        "date": "2014-07-31", 
        "operating_revenue": 356522, 
        "short_term_average": 309111
    }, 
    {
        "accumulated_operating_revenue_yoy": 16.897104581018997, 
        "accumulated_operating_revenue": 2201183, 
        "long_term_average": 270377, 
        "date": "2014-08-31", 
        "operating_revenue": 337845, 
        "short_term_average": 340884
    }, 
    {
        "accumulated_operating_revenue_yoy": 18.854014017575814, 
        "accumulated_operating_revenue": 2538591, 
        "long_term_average": 277421, 
        "date": "2014-09-30", 
        "operating_revenue": 337408, 
        "short_term_average": 343925
    }, 
    {
        "accumulated_operating_revenue_yoy": 19.946066104240334, 
        "accumulated_operating_revenue": 2860884, 
        "long_term_average": 283508, 
        "date": "2014-10-31", 
        "operating_revenue": 322293, 
        "short_term_average": 332515
    }, 
    {
        "accumulated_operating_revenue_yoy": 19.668533843281267, 
        "accumulated_operating_revenue": 3182100, 
        "long_term_average": 287446, 
        "date": "2014-11-30", 
        "operating_revenue": 321216, 
        "short_term_average": 326972
    }, 
    {
        "accumulated_operating_revenue_yoy": 20.48728162695119, 
        "accumulated_operating_revenue": 3525888, 
        "long_term_average": 293824, 
        "date": "2014-12-31", 
        "operating_revenue": 343788, 
        "short_term_average": 329099
    }, 
    {
        "accumulated_operating_revenue_yoy": 53.46058241701335, 
        "accumulated_operating_revenue": 355605, 
        "long_term_average": 304147, 
        "date": "2015-01-31", 
        "operating_revenue": 355605, 
        "short_term_average": 340203
    }, 
    {
        "accumulated_operating_revenue_yoy": 43.65335906121405, 
        "accumulated_operating_revenue": 611959, 
        "long_term_average": 309320, 
        "date": "2015-02-28", 
        "operating_revenue": 256354, 
        "short_term_average": 318582
    }, 
    {
        "accumulated_operating_revenue_yoy": 41.78934081098815, 
        "accumulated_operating_revenue": 963762, 
        "long_term_average": 317494, 
        "date": "2015-03-31", 
        "operating_revenue": 351803, 
        "short_term_average": 321254
    }, 
    {
        "accumulated_operating_revenue_yoy": 41.73005670915936, 
        "accumulated_operating_revenue": 1326599, 
        "long_term_average": 326373, 
        "date": "2015-04-30", 
        "operating_revenue": 362837, 
        "short_term_average": 323664
    }, 
    {
        "accumulated_operating_revenue_yoy": 41.0130068704175, 
        "accumulated_operating_revenue": 1661882, 
        "long_term_average": 334103, 
        "date": "2015-05-31", 
        "operating_revenue": 335283, 
        "short_term_average": 349974
    }, 
    {
        "accumulated_operating_revenue_yoy": 33.327294108902485, 
        "accumulated_operating_revenue": 2008997, 
        "long_term_average": 335672, 
        "date": "2015-06-30", 
        "operating_revenue": 347115, 
        "short_term_average": 348411
    }, 
    {
        "accumulated_operating_revenue_yoy": 27.16340245301711, 
        "accumulated_operating_revenue": 2369484, 
        "long_term_average": 336002, 
        "date": "2015-07-31", 
        "operating_revenue": 360487, 
        "short_term_average": 347628
    }, 
    {
        "accumulated_operating_revenue_yoy": 23.568735539026058, 
        "accumulated_operating_revenue": 2719974, 
        "long_term_average": 337056, 
        "date": "2015-08-31", 
        "operating_revenue": 350490, 
        "short_term_average": 352697
    }, 
    {
        "accumulated_operating_revenue_yoy": 21.23945921182262, 
        "accumulated_operating_revenue": 3077774, 
        "long_term_average": 338755, 
        "date": "2015-09-30", 
        "operating_revenue": 357800, 
        "short_term_average": 356259
    }
]