[
    {
        "date": "2012-01-31", 
        "operating_revenue": 1726, 
        "accumulated_operating_revenue": 1726, 
        "long_term_average": 1726, 
        "short_term_average": 1726
    }, 
    {
        "date": "2012-02-29", 
        "operating_revenue": 1718, 
        "accumulated_operating_revenue": 3444, 
        "long_term_average": 1722, 
        "short_term_average": 1722
    }, 
    {
        "date": "2012-03-31", 
        "operating_revenue": 3756, 
        "accumulated_operating_revenue": 7200, 
        "long_term_average": 2400, 
        "short_term_average": 2400
    }, 
    {
        "date": "2012-04-30", 
        "operating_revenue": 874, 
        "accumulated_operating_revenue": 8074, 
        "long_term_average": 2018, 
        "short_term_average": 2116
    }, 
    {
        "date": "2012-05-31", 
        "operating_revenue": 1984, 
        "accumulated_operating_revenue": 10058, 
        "long_term_average": 2011, 
        "short_term_average": 2204
    }, 
    {
        "date": "2012-06-30", 
        "operating_revenue": 1953, 
        "accumulated_operating_revenue": 12011, 
        "long_term_average": 2001, 
        "short_term_average": 1603
    }, 
    {
        "date": "2012-07-31", 
        "operating_revenue": 3383, 
        "accumulated_operating_revenue": 15394, 
        "long_term_average": 2199, 
        "short_term_average": 2440
    }, 
    {
        "date": "2012-08-31", 
        "operating_revenue": 2270, 
        "accumulated_operating_revenue": 17664, 
        "long_term_average": 2208, 
        "short_term_average": 2535
    }, 
    {
        "date": "2012-09-30", 
        "operating_revenue": 2126, 
        "accumulated_operating_revenue": 19790, 
        "long_term_average": 2198, 
        "short_term_average": 2593
    }, 
    {
        "date": "2012-10-31", 
        "operating_revenue": 1627, 
        "accumulated_operating_revenue": 21417, 
        "long_term_average": 2141, 
        "short_term_average": 2007
    }, 
    {
        "date": "2012-11-30", 
        "operating_revenue": 2444, 
        "accumulated_operating_revenue": 23861, 
        "long_term_average": 2169, 
        "short_term_average": 2065
    }, 
    {
        "date": "2012-12-31", 
        "operating_revenue": 2491, 
        "accumulated_operating_revenue": 26352, 
        "long_term_average": 2196, 
        "short_term_average": 2187
    }, 
    {
        "accumulated_operating_revenue_yoy": 73.117033603708, 
        "accumulated_operating_revenue": 2988, 
        "long_term_average": 2301, 
        "date": "2013-01-31", 
        "operating_revenue": 2988, 
        "short_term_average": 2641
    }, 
    {
        "accumulated_operating_revenue_yoy": 13.240418118466899, 
        "accumulated_operating_revenue": 3900, 
        "long_term_average": 2234, 
        "date": "2013-02-28", 
        "operating_revenue": 912, 
        "short_term_average": 2130
    }, 
    {
        "accumulated_operating_revenue_yoy": -19.583333333333332, 
        "accumulated_operating_revenue": 5790, 
        "long_term_average": 2078, 
        "date": "2013-03-31", 
        "operating_revenue": 1890, 
        "short_term_average": 1930
    }, 
    {
        "accumulated_operating_revenue_yoy": -2.5390141193955906, 
        "accumulated_operating_revenue": 7869, 
        "long_term_average": 2178, 
        "date": "2013-04-30", 
        "operating_revenue": 2079, 
        "short_term_average": 1627
    }, 
    {
        "accumulated_operating_revenue_yoy": 9.117120699940346, 
        "accumulated_operating_revenue": 10975, 
        "long_term_average": 2272, 
        "date": "2013-05-31", 
        "operating_revenue": 3106, 
        "short_term_average": 2358
    }, 
    {
        "accumulated_operating_revenue_yoy": 51.42785779701939, 
        "accumulated_operating_revenue": 18188, 
        "long_term_average": 2710, 
        "date": "2013-06-30", 
        "operating_revenue": 7213, 
        "short_term_average": 4132
    }, 
    {
        "accumulated_operating_revenue_yoy": 34.825256593477974, 
        "accumulated_operating_revenue": 20755, 
        "long_term_average": 2642, 
        "date": "2013-07-31", 
        "operating_revenue": 2567, 
        "short_term_average": 4295
    }, 
    {
        "accumulated_operating_revenue_yoy": 26.02468297101449, 
        "accumulated_operating_revenue": 22261, 
        "long_term_average": 2579, 
        "date": "2013-08-31", 
        "operating_revenue": 1506, 
        "short_term_average": 3762
    }, 
    {
        "accumulated_operating_revenue_yoy": 42.3799898938858, 
        "accumulated_operating_revenue": 28177, 
        "long_term_average": 2894, 
        "date": "2013-09-30", 
        "operating_revenue": 5916, 
        "short_term_average": 3329
    }, 
    {
        "accumulated_operating_revenue_yoy": 39.70677499182892, 
        "accumulated_operating_revenue": 29921, 
        "long_term_average": 2904, 
        "date": "2013-10-31", 
        "operating_revenue": 1744, 
        "short_term_average": 3055
    }, 
    {
        "accumulated_operating_revenue_yoy": 29.122836427643435, 
        "accumulated_operating_revenue": 30810, 
        "long_term_average": 2775, 
        "date": "2013-11-30", 
        "operating_revenue": 889, 
        "short_term_average": 2849
    }, 
    {
        "accumulated_operating_revenue_yoy": 24.184122647237402, 
        "accumulated_operating_revenue": 32725, 
        "long_term_average": 2727, 
        "date": "2013-12-31", 
        "operating_revenue": 1915, 
        "short_term_average": 1516
    }, 
    {
        "accumulated_operating_revenue_yoy": -60.27443105756358, 
        "accumulated_operating_revenue": 1187, 
        "long_term_average": 2577, 
        "date": "2014-01-31", 
        "operating_revenue": 1187, 
        "short_term_average": 1330
    }, 
    {
        "accumulated_operating_revenue_yoy": -59.641025641025635, 
        "accumulated_operating_revenue": 1574, 
        "long_term_average": 2533, 
        "date": "2014-02-28", 
        "operating_revenue": 387, 
        "short_term_average": 1163
    }, 
    {
        "accumulated_operating_revenue_yoy": 23.8860103626943, 
        "accumulated_operating_revenue": 7173, 
        "long_term_average": 2842, 
        "date": "2014-03-31", 
        "operating_revenue": 5599, 
        "short_term_average": 2391
    }, 
    {
        "accumulated_operating_revenue_yoy": 110.72563222772906, 
        "accumulated_operating_revenue": 16582, 
        "long_term_average": 3453, 
        "date": "2014-04-30", 
        "operating_revenue": 9409, 
        "short_term_average": 5131
    }, 
    {
        "accumulated_operating_revenue_yoy": 370.2687927107061, 
        "accumulated_operating_revenue": 51612, 
        "long_term_average": 6113, 
        "date": "2014-05-31", 
        "operating_revenue": 35030, 
        "short_term_average": 16679
    }, 
    {
        "accumulated_operating_revenue_yoy": 401.7594018033868, 
        "accumulated_operating_revenue": 91260, 
        "long_term_average": 8816, 
        "date": "2014-06-30", 
        "operating_revenue": 39648, 
        "short_term_average": 28029
    }, 
    {
        "accumulated_operating_revenue_yoy": 539.1038304023127, 
        "accumulated_operating_revenue": 132646, 
        "long_term_average": 12051, 
        "date": "2014-07-31", 
        "operating_revenue": 41386, 
        "short_term_average": 38688
    }, 
    {
        "accumulated_operating_revenue_yoy": 695.3236602129284, 
        "accumulated_operating_revenue": 177047, 
        "long_term_average": 15625, 
        "date": "2014-08-31", 
        "operating_revenue": 44401, 
        "short_term_average": 41811
    }, 
    {
        "accumulated_operating_revenue_yoy": 683.5504134577847, 
        "accumulated_operating_revenue": 220781, 
        "long_term_average": 18777, 
        "date": "2014-09-30", 
        "operating_revenue": 43734, 
        "short_term_average": 43173
    }, 
    {
        "accumulated_operating_revenue_yoy": 778.3362855519534, 
        "accumulated_operating_revenue": 262807, 
        "long_term_average": 22134, 
        "date": "2014-10-31", 
        "operating_revenue": 42026, 
        "short_term_average": 43387
    }, 
    {
        "accumulated_operating_revenue_yoy": 894.4595910418694, 
        "accumulated_operating_revenue": 306393, 
        "long_term_average": 25692, 
        "date": "2014-11-30", 
        "operating_revenue": 43586, 
        "short_term_average": 43115
    }, 
    {
        "accumulated_operating_revenue_yoy": 978.4232238349884, 
        "accumulated_operating_revenue": 352914, 
        "long_term_average": 29409, 
        "date": "2014-12-31", 
        "operating_revenue": 46521, 
        "short_term_average": 44044
    }, 
    {
        "accumulated_operating_revenue_yoy": 3576.8323504633527, 
        "accumulated_operating_revenue": 43644, 
        "long_term_average": 32947, 
        "date": "2015-01-31", 
        "operating_revenue": 43644, 
        "short_term_average": 44583
    }, 
    {
        "accumulated_operating_revenue_yoy": 5214.1677255400255, 
        "accumulated_operating_revenue": 83645, 
        "long_term_average": 36248, 
        "date": "2015-02-28", 
        "operating_revenue": 40001, 
        "short_term_average": 43388
    }, 
    {
        "accumulated_operating_revenue_yoy": 1789.558064965844, 
        "accumulated_operating_revenue": 135538, 
        "long_term_average": 40106, 
        "date": "2015-03-31", 
        "operating_revenue": 51893, 
        "short_term_average": 45179
    }, 
    {
        "accumulated_operating_revenue_yoy": 1016.9762392956218, 
        "accumulated_operating_revenue": 185217, 
        "long_term_average": 43462, 
        "date": "2015-04-30", 
        "operating_revenue": 49679, 
        "short_term_average": 47191
    }, 
    {
        "accumulated_operating_revenue_yoy": 350.7013872742773, 
        "accumulated_operating_revenue": 232616, 
        "long_term_average": 44493, 
        "date": "2015-05-31", 
        "operating_revenue": 47399, 
        "short_term_average": 49657
    }, 
    {
        "accumulated_operating_revenue_yoy": 197.5728687267149, 
        "accumulated_operating_revenue": 271565, 
        "long_term_average": 44434, 
        "date": "2015-06-30", 
        "operating_revenue": 38949, 
        "short_term_average": 45342
    }, 
    {
        "accumulated_operating_revenue_yoy": 142.24100236720295, 
        "accumulated_operating_revenue": 321323, 
        "long_term_average": 45132, 
        "date": "2015-07-31", 
        "operating_revenue": 49758, 
        "short_term_average": 45368
    }, 
    {
        "accumulated_operating_revenue_yoy": 111.3924551107898, 
        "accumulated_operating_revenue": 374264, 
        "long_term_average": 45844, 
        "date": "2015-08-31", 
        "operating_revenue": 52941, 
        "short_term_average": 47216
    }, 
    {
        "accumulated_operating_revenue_yoy": 96.56311005023078, 
        "accumulated_operating_revenue": 433974, 
        "long_term_average": 47175, 
        "date": "2015-09-30", 
        "operating_revenue": 59710, 
        "short_term_average": 54136
    }
]