[
    {
        "date": "2011-09-30", 
        "operating_revenue": 775423, 
        "accumulated_operating_revenue": 775423, 
        "long_term_average": 775423, 
        "short_term_average": 775423
    }, 
    {
        "date": "2011-10-31", 
        "operating_revenue": 701706, 
        "accumulated_operating_revenue": 1477129, 
        "long_term_average": 738564, 
        "short_term_average": 738564
    }, 
    {
        "date": "2011-11-30", 
        "operating_revenue": 880410, 
        "accumulated_operating_revenue": 2357539, 
        "long_term_average": 785846, 
        "short_term_average": 785846
    }, 
    {
        "date": "2011-12-31", 
        "operating_revenue": 856292, 
        "accumulated_operating_revenue": 3213831, 
        "long_term_average": 803457, 
        "short_term_average": 812802
    }, 
    {
        "date": "2012-01-31", 
        "operating_revenue": 583615, 
        "accumulated_operating_revenue": 583615, 
        "long_term_average": 759489, 
        "short_term_average": 773439
    }, 
    {
        "date": "2012-02-29", 
        "operating_revenue": 672328, 
        "accumulated_operating_revenue": 1255943, 
        "long_term_average": 744962, 
        "short_term_average": 704078
    }, 
    {
        "date": "2012-03-31", 
        "operating_revenue": 836591, 
        "accumulated_operating_revenue": 2092534, 
        "long_term_average": 758052, 
        "short_term_average": 697511
    }, 
    {
        "date": "2012-04-30", 
        "operating_revenue": 650145, 
        "accumulated_operating_revenue": 2742679, 
        "long_term_average": 744563, 
        "short_term_average": 719688
    }, 
    {
        "date": "2012-05-31", 
        "operating_revenue": 571742, 
        "accumulated_operating_revenue": 3314421, 
        "long_term_average": 725361, 
        "short_term_average": 686159
    }, 
    {
        "date": "2012-06-30", 
        "operating_revenue": 602986, 
        "accumulated_operating_revenue": 3917407, 
        "long_term_average": 713123, 
        "short_term_average": 608291
    }, 
    {
        "date": "2012-07-31", 
        "operating_revenue": 498045, 
        "accumulated_operating_revenue": 4415452, 
        "long_term_average": 693571, 
        "short_term_average": 557591
    }, 
    {
        "date": "2012-08-31", 
        "operating_revenue": 611431, 
        "accumulated_operating_revenue": 5026883, 
        "long_term_average": 686726, 
        "short_term_average": 570820
    }, 
    {
        "accumulated_operating_revenue_yoy": 623.7644485654927, 
        "accumulated_operating_revenue": 5612236, 
        "long_term_average": 670887, 
        "date": "2012-09-30", 
        "operating_revenue": 585353, 
        "short_term_average": 564943
    }, 
    {
        "accumulated_operating_revenue_yoy": 321.93119219783785, 
        "accumulated_operating_revenue": 6232468, 
        "long_term_average": 664097, 
        "date": "2012-10-31", 
        "operating_revenue": 620232, 
        "short_term_average": 605672
    }, 
    {
        "accumulated_operating_revenue_yoy": 194.5545757673574, 
        "accumulated_operating_revenue": 6944239, 
        "long_term_average": 650044, 
        "date": "2012-11-30", 
        "operating_revenue": 711771, 
        "short_term_average": 639118
    }, 
    {
        "accumulated_operating_revenue_yoy": 140.06713483067406, 
        "accumulated_operating_revenue": 7715352, 
        "long_term_average": 642946, 
        "date": "2012-12-31", 
        "operating_revenue": 771113, 
        "short_term_average": 701038
    }, 
    {
        "accumulated_operating_revenue_yoy": 45.08725786691569, 
        "accumulated_operating_revenue": 846751, 
        "long_term_average": 664874, 
        "date": "2013-01-31", 
        "operating_revenue": 846751, 
        "short_term_average": 776545
    }, 
    {
        "accumulated_operating_revenue_yoy": 12.459960364443292, 
        "accumulated_operating_revenue": 1412433, 
        "long_term_average": 655986, 
        "date": "2013-02-28", 
        "operating_revenue": 565682, 
        "short_term_average": 727848
    }, 
    {
        "accumulated_operating_revenue_yoy": 8.93137220231547, 
        "accumulated_operating_revenue": 2279426, 
        "long_term_average": 658520, 
        "date": "2013-03-31", 
        "operating_revenue": 866993, 
        "short_term_average": 759808
    }, 
    {
        "accumulated_operating_revenue_yoy": 9.038170343667632, 
        "accumulated_operating_revenue": 2990567, 
        "long_term_average": 663603, 
        "date": "2013-04-30", 
        "operating_revenue": 711141, 
        "short_term_average": 714605
    }, 
    {
        "accumulated_operating_revenue_yoy": 12.89546499976919, 
        "accumulated_operating_revenue": 3741831, 
        "long_term_average": 678563, 
        "date": "2013-05-31", 
        "operating_revenue": 751264, 
        "short_term_average": 776466
    }, 
    {
        "accumulated_operating_revenue_yoy": 14.905905870898787, 
        "accumulated_operating_revenue": 4501332, 
        "long_term_average": 691606, 
        "date": "2013-06-30", 
        "operating_revenue": 759501, 
        "short_term_average": 740635
    }, 
    {
        "accumulated_operating_revenue_yoy": 22.703700549796487, 
        "accumulated_operating_revenue": 5417923, 
        "long_term_average": 726485, 
        "date": "2013-07-31", 
        "operating_revenue": 916591, 
        "short_term_average": 809118
    }, 
    {
        "accumulated_operating_revenue_yoy": 28.929139588090674, 
        "accumulated_operating_revenue": 6481117, 
        "long_term_average": 764132, 
        "date": "2013-08-31", 
        "operating_revenue": 1063194, 
        "short_term_average": 913095
    }, 
    {
        "accumulated_operating_revenue_yoy": 33.97813277987597, 
        "accumulated_operating_revenue": 7519169, 
        "long_term_average": 801857, 
        "date": "2013-09-30", 
        "operating_revenue": 1038052, 
        "short_term_average": 1005945
    }, 
    {
        "accumulated_operating_revenue_yoy": 38.80210857079411, 
        "accumulated_operating_revenue": 8650797, 
        "long_term_average": 844473, 
        "date": "2013-10-31", 
        "operating_revenue": 1131628, 
        "short_term_average": 1077624
    }, 
    {
        "accumulated_operating_revenue_yoy": 44.23977918962755, 
        "accumulated_operating_revenue": 10016355, 
        "long_term_average": 898955, 
        "date": "2013-11-30", 
        "operating_revenue": 1365558, 
        "short_term_average": 1178412
    }, 
    {
        "accumulated_operating_revenue_yoy": 45.600369237852014, 
        "accumulated_operating_revenue": 11233581, 
        "long_term_average": 936131, 
        "date": "2013-12-31", 
        "operating_revenue": 1217226, 
        "short_term_average": 1238137
    }, 
    {
        "accumulated_operating_revenue_yoy": 15.630096687219739, 
        "accumulated_operating_revenue": 979099, 
        "long_term_average": 947160, 
        "date": "2014-01-31", 
        "operating_revenue": 979099, 
        "short_term_average": 1187294
    }, 
    {
        "accumulated_operating_revenue_yoy": 14.919928945302185, 
        "accumulated_operating_revenue": 1623167, 
        "long_term_average": 953692, 
        "date": "2014-02-28", 
        "operating_revenue": 644068, 
        "short_term_average": 946797
    }, 
    {
        "accumulated_operating_revenue_yoy": 16.9043873326004, 
        "accumulated_operating_revenue": 2664749, 
        "long_term_average": 968242, 
        "date": "2014-03-31", 
        "operating_revenue": 1041582, 
        "short_term_average": 888249
    }, 
    {
        "accumulated_operating_revenue_yoy": 26.483105043291122, 
        "accumulated_operating_revenue": 3782562, 
        "long_term_average": 1002131, 
        "date": "2014-04-30", 
        "operating_revenue": 1117813, 
        "short_term_average": 934487
    }, 
    {
        "accumulated_operating_revenue_yoy": 24.45575441541855, 
        "accumulated_operating_revenue": 4656924, 
        "long_term_average": 1012389, 
        "date": "2014-05-31", 
        "operating_revenue": 874362, 
        "short_term_average": 1011252
    }, 
    {
        "accumulated_operating_revenue_yoy": 24.124014847160797, 
        "accumulated_operating_revenue": 5587234, 
        "long_term_average": 1026623, 
        "date": "2014-06-30", 
        "operating_revenue": 930310, 
        "short_term_average": 974161
    }, 
    {
        "accumulated_operating_revenue_yoy": 22.623835739267612, 
        "accumulated_operating_revenue": 6643665, 
        "long_term_average": 1038276, 
        "date": "2014-07-31", 
        "operating_revenue": 1056431, 
        "short_term_average": 953701
    }, 
    {
        "accumulated_operating_revenue_yoy": 20.054058582802934, 
        "accumulated_operating_revenue": 7780844, 
        "long_term_average": 1044442, 
        "date": "2014-08-31", 
        "operating_revenue": 1137179, 
        "short_term_average": 1041306
    }, 
    {
        "accumulated_operating_revenue_yoy": 20.225120621707, 
        "accumulated_operating_revenue": 9039930, 
        "long_term_average": 1062861, 
        "date": "2014-09-30", 
        "operating_revenue": 1259086, 
        "short_term_average": 1150898
    }, 
    {
        "accumulated_operating_revenue_yoy": 17.354863372704273, 
        "accumulated_operating_revenue": 10152131, 
        "long_term_average": 1061242, 
        "date": "2014-10-31", 
        "operating_revenue": 1112201, 
        "short_term_average": 1169488
    }, 
    {
        "accumulated_operating_revenue_yoy": 12.579176756414883, 
        "accumulated_operating_revenue": 11276330, 
        "long_term_average": 1041129, 
        "date": "2014-11-30", 
        "operating_revenue": 1124199, 
        "short_term_average": 1165162
    }, 
    {
        "accumulated_operating_revenue_yoy": 9.701189674067423, 
        "accumulated_operating_revenue": 12323372, 
        "long_term_average": 1026947, 
        "date": "2014-12-31", 
        "operating_revenue": 1047042, 
        "short_term_average": 1094480
    }, 
    {
        "accumulated_operating_revenue_yoy": 7.659184617694431, 
        "accumulated_operating_revenue": 1054090, 
        "long_term_average": 1033196, 
        "date": "2015-01-31", 
        "operating_revenue": 1054090, 
        "short_term_average": 1075110
    }, 
    {
        "accumulated_operating_revenue_yoy": 5.861319260433461, 
        "accumulated_operating_revenue": 1718306, 
        "long_term_average": 1034875, 
        "date": "2015-02-28", 
        "operating_revenue": 664216, 
        "short_term_average": 921782
    }, 
    {
        "accumulated_operating_revenue_yoy": 1.493086215624811, 
        "accumulated_operating_revenue": 2704536, 
        "long_term_average": 1030263, 
        "date": "2015-03-31", 
        "operating_revenue": 986230, 
        "short_term_average": 901512
    }, 
    {
        "accumulated_operating_revenue_yoy": -5.7435410179661295, 
        "accumulated_operating_revenue": 3565309, 
        "long_term_average": 1008843, 
        "date": "2015-04-30", 
        "operating_revenue": 860773, 
        "short_term_average": 837073
    }, 
    {
        "accumulated_operating_revenue_yoy": -5.188467752533646, 
        "accumulated_operating_revenue": 4415301, 
        "long_term_average": 1006812, 
        "date": "2015-05-31", 
        "operating_revenue": 849992, 
        "short_term_average": 898998
    }, 
    {
        "accumulated_operating_revenue_yoy": -4.867721666928573, 
        "accumulated_operating_revenue": 5315263, 
        "long_term_average": 1004283, 
        "date": "2015-06-30", 
        "operating_revenue": 899962, 
        "short_term_average": 870242
    }, 
    {
        "accumulated_operating_revenue_yoy": -6.087784378050368, 
        "accumulated_operating_revenue": 6239213, 
        "long_term_average": 993243, 
        "date": "2015-07-31", 
        "operating_revenue": 923950, 
        "short_term_average": 891301
    }, 
    {
        "accumulated_operating_revenue_yoy": -6.41787703236307, 
        "accumulated_operating_revenue": 7281479, 
        "long_term_average": 985333, 
        "date": "2015-08-31", 
        "operating_revenue": 1042266, 
        "short_term_average": 955392
    }
]