[
    {
        "date": "2011-09-30", 
        "operating_revenue": 172924, 
        "accumulated_operating_revenue": 172924, 
        "long_term_average": 172924, 
        "short_term_average": 172924
    }, 
    {
        "date": "2011-10-31", 
        "operating_revenue": 162218, 
        "accumulated_operating_revenue": 335142, 
        "long_term_average": 167571, 
        "short_term_average": 167571
    }, 
    {
        "date": "2011-11-30", 
        "operating_revenue": 193233, 
        "accumulated_operating_revenue": 528375, 
        "long_term_average": 176125, 
        "short_term_average": 176125
    }, 
    {
        "date": "2011-12-31", 
        "operating_revenue": 196521, 
        "accumulated_operating_revenue": 724896, 
        "long_term_average": 181224, 
        "short_term_average": 183990
    }, 
    {
        "date": "2012-01-31", 
        "operating_revenue": 125813, 
        "accumulated_operating_revenue": 125813, 
        "long_term_average": 170141, 
        "short_term_average": 171855
    }, 
    {
        "date": "2012-02-29", 
        "operating_revenue": 174315, 
        "accumulated_operating_revenue": 300128, 
        "long_term_average": 170837, 
        "short_term_average": 165549
    }, 
    {
        "date": "2012-03-31", 
        "operating_revenue": 189579, 
        "accumulated_operating_revenue": 489707, 
        "long_term_average": 173514, 
        "short_term_average": 163235
    }, 
    {
        "date": "2012-04-30", 
        "operating_revenue": 198318, 
        "accumulated_operating_revenue": 688025, 
        "long_term_average": 176615, 
        "short_term_average": 187404
    }, 
    {
        "date": "2012-05-31", 
        "operating_revenue": 194238, 
        "accumulated_operating_revenue": 882263, 
        "long_term_average": 178573, 
        "short_term_average": 194045
    }, 
    {
        "date": "2012-06-30", 
        "operating_revenue": 160158, 
        "accumulated_operating_revenue": 1042421, 
        "long_term_average": 176731, 
        "short_term_average": 184238
    }, 
    {
        "date": "2012-07-31", 
        "operating_revenue": 195696, 
        "accumulated_operating_revenue": 1238117, 
        "long_term_average": 178455, 
        "short_term_average": 183364
    }, 
    {
        "date": "2012-08-31", 
        "operating_revenue": 192525, 
        "accumulated_operating_revenue": 1430642, 
        "long_term_average": 179628, 
        "short_term_average": 182793
    }, 
    {
        "accumulated_operating_revenue_yoy": 832.6403506742846, 
        "accumulated_operating_revenue": 1612759, 
        "long_term_average": 180394, 
        "date": "2012-09-30", 
        "operating_revenue": 182117, 
        "short_term_average": 190112
    }, 
    {
        "accumulated_operating_revenue_yoy": 426.4311843934809, 
        "accumulated_operating_revenue": 1764292, 
        "long_term_average": 179503, 
        "date": "2012-10-31", 
        "operating_revenue": 151533, 
        "short_term_average": 175391
    }, 
    {
        "accumulated_operating_revenue_yoy": 264.46425360775964, 
        "accumulated_operating_revenue": 1925738, 
        "long_term_average": 176854, 
        "date": "2012-11-30", 
        "operating_revenue": 161446, 
        "short_term_average": 165032
    }, 
    {
        "accumulated_operating_revenue_yoy": 189.61906259656558, 
        "accumulated_operating_revenue": 2099437, 
        "long_term_average": 174953, 
        "date": "2012-12-31", 
        "operating_revenue": 173699, 
        "short_term_average": 162226
    }, 
    {
        "accumulated_operating_revenue_yoy": 26.858909651625822, 
        "accumulated_operating_revenue": 159605, 
        "long_term_average": 177769, 
        "date": "2013-01-31", 
        "operating_revenue": 159605, 
        "short_term_average": 164916
    }, 
    {
        "accumulated_operating_revenue_yoy": -12.07218253545154, 
        "accumulated_operating_revenue": 263896, 
        "long_term_average": 171933, 
        "date": "2013-02-28", 
        "operating_revenue": 104291, 
        "short_term_average": 145865
    }, 
    {
        "accumulated_operating_revenue_yoy": -15.159881316787386, 
        "accumulated_operating_revenue": 415468, 
        "long_term_average": 168766, 
        "date": "2013-03-31", 
        "operating_revenue": 151572, 
        "short_term_average": 138489
    }, 
    {
        "accumulated_operating_revenue_yoy": -9.490352821481778, 
        "accumulated_operating_revenue": 622729, 
        "long_term_average": 169511, 
        "date": "2013-04-30", 
        "operating_revenue": 207261, 
        "short_term_average": 154374
    }, 
    {
        "accumulated_operating_revenue_yoy": -7.072380911360899, 
        "accumulated_operating_revenue": 819866, 
        "long_term_average": 169753, 
        "date": "2013-05-31", 
        "operating_revenue": 197137, 
        "short_term_average": 185323
    }, 
    {
        "accumulated_operating_revenue_yoy": -2.9216602505129883, 
        "accumulated_operating_revenue": 1011965, 
        "long_term_average": 172415, 
        "date": "2013-06-30", 
        "operating_revenue": 192099, 
        "short_term_average": 198832
    }, 
    {
        "accumulated_operating_revenue_yoy": -3.982822301931078, 
        "accumulated_operating_revenue": 1188805, 
        "long_term_average": 170843, 
        "date": "2013-07-31", 
        "operating_revenue": 176840, 
        "short_term_average": 188692
    }, 
    {
        "accumulated_operating_revenue_yoy": -3.1028726963139626, 
        "accumulated_operating_revenue": 1386251, 
        "long_term_average": 171253, 
        "date": "2013-08-31", 
        "operating_revenue": 197446, 
        "short_term_average": 188795
    }, 
    {
        "accumulated_operating_revenue_yoy": -1.1249045889683456, 
        "accumulated_operating_revenue": 1594617, 
        "long_term_average": 173441, 
        "date": "2013-09-30", 
        "operating_revenue": 208366, 
        "short_term_average": 194217
    }, 
    {
        "accumulated_operating_revenue_yoy": 0.8437378846585486, 
        "accumulated_operating_revenue": 1779178, 
        "long_term_average": 176193, 
        "date": "2013-10-31", 
        "operating_revenue": 184561, 
        "short_term_average": 196791
    }, 
    {
        "accumulated_operating_revenue_yoy": 5.218570750538235, 
        "accumulated_operating_revenue": 2026234, 
        "long_term_average": 183327, 
        "date": "2013-11-30", 
        "operating_revenue": 247056, 
        "short_term_average": 213327
    }, 
    {
        "accumulated_operating_revenue_yoy": 5.607027026769558, 
        "accumulated_operating_revenue": 2217153, 
        "long_term_average": 184762, 
        "date": "2013-12-31", 
        "operating_revenue": 190919, 
        "short_term_average": 207512
    }, 
    {
        "accumulated_operating_revenue_yoy": 23.58008834309702, 
        "accumulated_operating_revenue": 197240, 
        "long_term_average": 187899, 
        "date": "2014-01-31", 
        "operating_revenue": 197240, 
        "short_term_average": 211738
    }, 
    {
        "accumulated_operating_revenue_yoy": 39.14155576439203, 
        "accumulated_operating_revenue": 367189, 
        "long_term_average": 193370, 
        "date": "2014-02-28", 
        "operating_revenue": 169949, 
        "short_term_average": 186036
    }, 
    {
        "accumulated_operating_revenue_yoy": 51.552947519423874, 
        "accumulated_operating_revenue": 629654, 
        "long_term_average": 202611, 
        "date": "2014-03-31", 
        "operating_revenue": 262465, 
        "short_term_average": 209884
    }, 
    {
        "accumulated_operating_revenue_yoy": 34.3735396938315, 
        "accumulated_operating_revenue": 836783, 
        "long_term_average": 202600, 
        "date": "2014-04-30", 
        "operating_revenue": 207129, 
        "short_term_average": 213181
    }, 
    {
        "accumulated_operating_revenue_yoy": 30.467417846330985, 
        "accumulated_operating_revenue": 1069658, 
        "long_term_average": 205578, 
        "date": "2014-05-31", 
        "operating_revenue": 232875, 
        "short_term_average": 234156
    }, 
    {
        "accumulated_operating_revenue_yoy": 24.705597525606123, 
        "accumulated_operating_revenue": 1261977, 
        "long_term_average": 205597, 
        "date": "2014-06-30", 
        "operating_revenue": 192319, 
        "short_term_average": 210774
    }, 
    {
        "accumulated_operating_revenue_yoy": 22.915869297319578, 
        "accumulated_operating_revenue": 1461230, 
        "long_term_average": 207464, 
        "date": "2014-07-31", 
        "operating_revenue": 199253, 
        "short_term_average": 208149
    }, 
    {
        "accumulated_operating_revenue_yoy": 20.959191372990894, 
        "accumulated_operating_revenue": 1676798, 
        "long_term_average": 208975, 
        "date": "2014-08-31", 
        "operating_revenue": 215568, 
        "short_term_average": 202380
    }, 
    {
        "accumulated_operating_revenue_yoy": 17.233542599884487, 
        "accumulated_operating_revenue": 1869426, 
        "long_term_average": 207663, 
        "date": "2014-09-30", 
        "operating_revenue": 192628, 
        "short_term_average": 202483
    }, 
    {
        "accumulated_operating_revenue_yoy": 16.609805202177636, 
        "accumulated_operating_revenue": 2074696, 
        "long_term_average": 209389, 
        "date": "2014-10-31", 
        "operating_revenue": 205270, 
        "short_term_average": 204488
    }, 
    {
        "accumulated_operating_revenue_yoy": 13.520550933406506, 
        "accumulated_operating_revenue": 2300192, 
        "long_term_average": 207592, 
        "date": "2014-11-30", 
        "operating_revenue": 225496, 
        "short_term_average": 207798
    }, 
    {
        "accumulated_operating_revenue_yoy": 14.036694806357522, 
        "accumulated_operating_revenue": 2528368, 
        "long_term_average": 210697, 
        "date": "2014-12-31", 
        "operating_revenue": 228176, 
        "short_term_average": 219647
    }, 
    {
        "accumulated_operating_revenue_yoy": 16.365341715676333, 
        "accumulated_operating_revenue": 229519, 
        "long_term_average": 213387, 
        "date": "2015-01-31", 
        "operating_revenue": 229519, 
        "short_term_average": 227730
    }, 
    {
        "accumulated_operating_revenue_yoy": -4.292612251456335, 
        "accumulated_operating_revenue": 351427, 
        "long_term_average": 209383, 
        "date": "2015-02-28", 
        "operating_revenue": 121908, 
        "short_term_average": 193201
    }, 
    {
        "accumulated_operating_revenue_yoy": -8.299637578733718, 
        "accumulated_operating_revenue": 577395, 
        "long_term_average": 206342, 
        "date": "2015-03-31", 
        "operating_revenue": 225968, 
        "short_term_average": 192465
    }, 
    {
        "accumulated_operating_revenue_yoy": -4.102138786280314, 
        "accumulated_operating_revenue": 802457, 
        "long_term_average": 207836, 
        "date": "2015-04-30", 
        "operating_revenue": 225062, 
        "short_term_average": 190979
    }, 
    {
        "accumulated_operating_revenue_yoy": -5.350401717184371, 
        "accumulated_operating_revenue": 1012427, 
        "long_term_average": 205928, 
        "date": "2015-05-31", 
        "operating_revenue": 209970, 
        "short_term_average": 220333
    }, 
    {
        "accumulated_operating_revenue_yoy": -3.583028850763524, 
        "accumulated_operating_revenue": 1216760, 
        "long_term_average": 206929, 
        "date": "2015-06-30", 
        "operating_revenue": 204333, 
        "short_term_average": 213121
    }, 
    {
        "accumulated_operating_revenue_yoy": -2.5932946900898557, 
        "accumulated_operating_revenue": 1423336, 
        "long_term_average": 207539, 
        "date": "2015-07-31", 
        "operating_revenue": 206576, 
        "short_term_average": 206959
    }, 
    {
        "accumulated_operating_revenue_yoy": -2.4750148795501903, 
        "accumulated_operating_revenue": 1635297, 
        "long_term_average": 207238, 
        "date": "2015-08-31", 
        "operating_revenue": 211961, 
        "short_term_average": 207623
    }, 
    {
        "accumulated_operating_revenue_yoy": -1.9435912413756948, 
        "accumulated_operating_revenue": 1833092, 
        "long_term_average": 207669, 
        "date": "2015-09-30", 
        "operating_revenue": 197795, 
        "short_term_average": 205444
    }
]