[
    {
        "date": "2012-01-31", 
        "operating_revenue": 613051, 
        "accumulated_operating_revenue": 613051, 
        "long_term_average": 613051, 
        "short_term_average": 613051
    }, 
    {
        "date": "2012-02-29", 
        "operating_revenue": 657862, 
        "accumulated_operating_revenue": 1270913, 
        "long_term_average": 635456, 
        "short_term_average": 635456
    }, 
    {
        "date": "2012-03-31", 
        "operating_revenue": 763039, 
        "accumulated_operating_revenue": 2033952, 
        "long_term_average": 677984, 
        "short_term_average": 677984
    }, 
    {
        "date": "2012-04-30", 
        "operating_revenue": 827210, 
        "accumulated_operating_revenue": 2861162, 
        "long_term_average": 715290, 
        "short_term_average": 749370
    }, 
    {
        "date": "2012-05-31", 
        "operating_revenue": 884941, 
        "accumulated_operating_revenue": 3746103, 
        "long_term_average": 749220, 
        "short_term_average": 825063
    }, 
    {
        "date": "2012-06-30", 
        "operating_revenue": 887443, 
        "accumulated_operating_revenue": 4633546, 
        "long_term_average": 772257, 
        "short_term_average": 866531
    }, 
    {
        "date": "2012-07-31", 
        "operating_revenue": 867541, 
        "accumulated_operating_revenue": 5501087, 
        "long_term_average": 785869, 
        "short_term_average": 879975
    }, 
    {
        "date": "2012-08-31", 
        "operating_revenue": 826231, 
        "accumulated_operating_revenue": 6327318, 
        "long_term_average": 790914, 
        "short_term_average": 860405
    }, 
    {
        "date": "2012-09-30", 
        "operating_revenue": 724143, 
        "accumulated_operating_revenue": 7051461, 
        "long_term_average": 783495, 
        "short_term_average": 805971
    }, 
    {
        "date": "2012-10-31", 
        "operating_revenue": 708505, 
        "accumulated_operating_revenue": 7759966, 
        "long_term_average": 775996, 
        "short_term_average": 752959
    }, 
    {
        "date": "2012-11-30", 
        "operating_revenue": 683118, 
        "accumulated_operating_revenue": 8443084, 
        "long_term_average": 767553, 
        "short_term_average": 705255
    }, 
    {
        "date": "2012-12-31", 
        "operating_revenue": 631574, 
        "accumulated_operating_revenue": 9074658, 
        "long_term_average": 756221, 
        "short_term_average": 674399
    }, 
    {
        "accumulated_operating_revenue_yoy": 22.926314450184407, 
        "accumulated_operating_revenue": 753601, 
        "long_term_average": 767934, 
        "date": "2013-01-31", 
        "operating_revenue": 753601, 
        "short_term_average": 689431
    }, 
    {
        "accumulated_operating_revenue_yoy": 5.83478176712332, 
        "accumulated_operating_revenue": 1345068, 
        "long_term_average": 762401, 
        "date": "2013-02-28", 
        "operating_revenue": 591467, 
        "short_term_average": 658880
    }, 
    {
        "accumulated_operating_revenue_yoy": 2.720418180960023, 
        "accumulated_operating_revenue": 2089284, 
        "long_term_average": 760832, 
        "date": "2013-03-31", 
        "operating_revenue": 744216, 
        "short_term_average": 696428
    }, 
    {
        "accumulated_operating_revenue_yoy": -1.1516649529107403, 
        "accumulated_operating_revenue": 2828211, 
        "long_term_average": 753475, 
        "date": "2013-04-30", 
        "operating_revenue": 738927, 
        "short_term_average": 691536
    }, 
    {
        "accumulated_operating_revenue_yoy": -3.457619825189003, 
        "accumulated_operating_revenue": 3616577, 
        "long_term_average": 745427, 
        "date": "2013-05-31", 
        "operating_revenue": 788366, 
        "short_term_average": 757169
    }, 
    {
        "accumulated_operating_revenue_yoy": -5.084421304978951, 
        "accumulated_operating_revenue": 4397957, 
        "long_term_average": 736589, 
        "date": "2013-06-30", 
        "operating_revenue": 781380, 
        "short_term_average": 769557
    }, 
    {
        "accumulated_operating_revenue_yoy": -5.345852556049377, 
        "accumulated_operating_revenue": 5207007, 
        "long_term_average": 731714, 
        "date": "2013-07-31", 
        "operating_revenue": 809050, 
        "short_term_average": 792932
    }, 
    {
        "accumulated_operating_revenue_yoy": -5.331864148443306, 
        "accumulated_operating_revenue": 5989954, 
        "long_term_average": 728107, 
        "date": "2013-08-31", 
        "operating_revenue": 782947, 
        "short_term_average": 791125
    }, 
    {
        "accumulated_operating_revenue_yoy": -3.868418190216184, 
        "accumulated_operating_revenue": 6778681, 
        "long_term_average": 733489, 
        "date": "2013-09-30", 
        "operating_revenue": 788727, 
        "short_term_average": 793574
    }, 
    {
        "accumulated_operating_revenue_yoy": -1.9909881048447893, 
        "accumulated_operating_revenue": 7605466, 
        "long_term_average": 743346, 
        "date": "2013-10-31", 
        "operating_revenue": 826785, 
        "short_term_average": 799486
    }, 
    {
        "accumulated_operating_revenue_yoy": -0.3560310426853505, 
        "accumulated_operating_revenue": 8413024, 
        "long_term_average": 753716, 
        "date": "2013-11-30", 
        "operating_revenue": 807558, 
        "short_term_average": 807690
    }, 
    {
        "accumulated_operating_revenue_yoy": 1.2974814037068945, 
        "accumulated_operating_revenue": 9192400, 
        "long_term_average": 766033, 
        "date": "2013-12-31", 
        "operating_revenue": 779376, 
        "short_term_average": 804573
    }, 
    {
        "accumulated_operating_revenue_yoy": 10.016441060985853, 
        "accumulated_operating_revenue": 829085, 
        "long_term_average": 772323, 
        "date": "2014-01-31", 
        "operating_revenue": 829085, 
        "short_term_average": 805339
    }, 
    {
        "accumulated_operating_revenue_yoy": 15.928785756556547, 
        "accumulated_operating_revenue": 1559321, 
        "long_term_average": 783887, 
        "date": "2014-02-28", 
        "operating_revenue": 730236, 
        "short_term_average": 779565
    }, 
    {
        "accumulated_operating_revenue_yoy": 16.51096739361427, 
        "accumulated_operating_revenue": 2434245, 
        "long_term_average": 794780, 
        "date": "2014-03-31", 
        "operating_revenue": 874924, 
        "short_term_average": 811415
    }, 
    {
        "accumulated_operating_revenue_yoy": 17.77073917045086, 
        "accumulated_operating_revenue": 3330805, 
        "long_term_average": 807916, 
        "date": "2014-04-30", 
        "operating_revenue": 896560, 
        "short_term_average": 833906
    }, 
    {
        "accumulated_operating_revenue_yoy": 17.43574103357954, 
        "accumulated_operating_revenue": 4247154, 
        "long_term_average": 818581, 
        "date": "2014-05-31", 
        "operating_revenue": 916349, 
        "short_term_average": 895944
    }, 
    {
        "accumulated_operating_revenue_yoy": 17.22472502573354, 
        "accumulated_operating_revenue": 5155493, 
        "long_term_average": 829161, 
        "date": "2014-06-30", 
        "operating_revenue": 908339, 
        "short_term_average": 907082
    }, 
    {
        "accumulated_operating_revenue_yoy": 16.787033318756823, 
        "accumulated_operating_revenue": 6081109, 
        "long_term_average": 838875, 
        "date": "2014-07-31", 
        "operating_revenue": 925616, 
        "short_term_average": 916768
    }, 
    {
        "accumulated_operating_revenue_yoy": 16.688007954652072, 
        "accumulated_operating_revenue": 6989558, 
        "long_term_average": 849333, 
        "date": "2014-08-31", 
        "operating_revenue": 908449, 
        "short_term_average": 914134
    }, 
    {
        "accumulated_operating_revenue_yoy": 16.648548589319958, 
        "accumulated_operating_revenue": 7907233, 
        "long_term_average": 860079, 
        "date": "2014-09-30", 
        "operating_revenue": 917675, 
        "short_term_average": 917246
    }, 
    {
        "accumulated_operating_revenue_yoy": 15.190916638112641, 
        "accumulated_operating_revenue": 8760806, 
        "long_term_average": 862311, 
        "date": "2014-10-31", 
        "operating_revenue": 853573, 
        "short_term_average": 893232
    }, 
    {
        "accumulated_operating_revenue_yoy": 13.650264161851911, 
        "accumulated_operating_revenue": 9561424, 
        "long_term_average": 861733, 
        "date": "2014-11-30", 
        "operating_revenue": 800618, 
        "short_term_average": 857288
    }, 
    {
        "accumulated_operating_revenue_yoy": 12.405236934859232, 
        "accumulated_operating_revenue": 10332739, 
        "long_term_average": 861061, 
        "date": "2014-12-31", 
        "operating_revenue": 771315, 
        "short_term_average": 808502
    }, 
    {
        "accumulated_operating_revenue_yoy": -1.844201740472931, 
        "accumulated_operating_revenue": 813795, 
        "long_term_average": 859787, 
        "date": "2015-01-31", 
        "operating_revenue": 813795, 
        "short_term_average": 795242
    }, 
    {
        "accumulated_operating_revenue_yoy": -6.394000978631084, 
        "accumulated_operating_revenue": 1459618, 
        "long_term_average": 852753, 
        "date": "2015-02-28", 
        "operating_revenue": 645823, 
        "short_term_average": 743644
    }, 
    {
        "accumulated_operating_revenue_yoy": -4.219747806814844, 
        "accumulated_operating_revenue": 2331526, 
        "long_term_average": 852501, 
        "date": "2015-03-31", 
        "operating_revenue": 871908, 
        "short_term_average": 777175
    }, 
    {
        "accumulated_operating_revenue_yoy": -4.844294397300352, 
        "accumulated_operating_revenue": 3169451, 
        "long_term_average": 847615, 
        "date": "2015-04-30", 
        "operating_revenue": 837925, 
        "short_term_average": 785218
    }, 
    {
        "accumulated_operating_revenue_yoy": -7.045211923090145, 
        "accumulated_operating_revenue": 3947933, 
        "long_term_average": 836126, 
        "date": "2015-05-31", 
        "operating_revenue": 778482, 
        "short_term_average": 829438
    }, 
    {
        "accumulated_operating_revenue_yoy": -8.355437588606948, 
        "accumulated_operating_revenue": 4724729, 
        "long_term_average": 825164, 
        "date": "2015-06-30", 
        "operating_revenue": 776796, 
        "short_term_average": 797734
    }, 
    {
        "accumulated_operating_revenue_yoy": -9.714642510107943, 
        "accumulated_operating_revenue": 5490351, 
        "long_term_average": 811831, 
        "date": "2015-07-31", 
        "operating_revenue": 765622, 
        "short_term_average": 773633
    }, 
    {
        "accumulated_operating_revenue_yoy": -10.534285572850244, 
        "accumulated_operating_revenue": 6253258, 
        "long_term_average": 799703, 
        "date": "2015-08-31", 
        "operating_revenue": 762907, 
        "short_term_average": 768441
    }
]