[
    {
        "date": "2011-09-30", 
        "operating_revenue": 59769, 
        "accumulated_operating_revenue": 59769, 
        "long_term_average": 59769, 
        "short_term_average": 59769
    }, 
    {
        "date": "2011-10-31", 
        "operating_revenue": 82302, 
        "accumulated_operating_revenue": 142071, 
        "long_term_average": 71035, 
        "short_term_average": 71035
    }, 
    {
        "date": "2011-11-30", 
        "operating_revenue": 61166, 
        "accumulated_operating_revenue": 203237, 
        "long_term_average": 67745, 
        "short_term_average": 67745
    }, 
    {
        "date": "2011-12-31", 
        "operating_revenue": 55227, 
        "accumulated_operating_revenue": 258464, 
        "long_term_average": 64616, 
        "short_term_average": 66231
    }, 
    {
        "date": "2012-01-31", 
        "operating_revenue": 48201, 
        "accumulated_operating_revenue": 48201, 
        "long_term_average": 61333, 
        "short_term_average": 54864
    }, 
    {
        "date": "2012-02-29", 
        "operating_revenue": 57096, 
        "accumulated_operating_revenue": 105297, 
        "long_term_average": 60626, 
        "short_term_average": 53508
    }, 
    {
        "date": "2012-03-31", 
        "operating_revenue": 65845, 
        "accumulated_operating_revenue": 171142, 
        "long_term_average": 61372, 
        "short_term_average": 57047
    }, 
    {
        "date": "2012-04-30", 
        "operating_revenue": 63507, 
        "accumulated_operating_revenue": 234649, 
        "long_term_average": 61639, 
        "short_term_average": 62149
    }, 
    {
        "date": "2012-05-31", 
        "operating_revenue": 68748, 
        "accumulated_operating_revenue": 303397, 
        "long_term_average": 62429, 
        "short_term_average": 66033
    }, 
    {
        "date": "2012-06-30", 
        "operating_revenue": 57453, 
        "accumulated_operating_revenue": 360850, 
        "long_term_average": 61931, 
        "short_term_average": 63236
    }, 
    {
        "date": "2012-07-31", 
        "operating_revenue": 57519, 
        "accumulated_operating_revenue": 418369, 
        "long_term_average": 61530, 
        "short_term_average": 61240
    }, 
    {
        "date": "2012-08-31", 
        "operating_revenue": 66636, 
        "accumulated_operating_revenue": 485005, 
        "long_term_average": 61955, 
        "short_term_average": 60536
    }, 
    {
        "accumulated_operating_revenue_yoy": 876.665160869347, 
        "accumulated_operating_revenue": 583743, 
        "long_term_average": 65203, 
        "date": "2012-09-30", 
        "operating_revenue": 98738, 
        "short_term_average": 74297
    }, 
    {
        "accumulated_operating_revenue_yoy": 397.65398990645525, 
        "accumulated_operating_revenue": 707022, 
        "long_term_average": 68617, 
        "date": "2012-10-31", 
        "operating_revenue": 123279, 
        "short_term_average": 96217
    }, 
    {
        "accumulated_operating_revenue_yoy": 291.71213902980264, 
        "accumulated_operating_revenue": 796104, 
        "long_term_average": 70944, 
        "date": "2012-11-30", 
        "operating_revenue": 89082, 
        "short_term_average": 103699
    }, 
    {
        "accumulated_operating_revenue_yoy": 238.97680141141512, 
        "accumulated_operating_revenue": 876133, 
        "long_term_average": 73011, 
        "date": "2012-12-31", 
        "operating_revenue": 80029, 
        "short_term_average": 97463
    }, 
    {
        "accumulated_operating_revenue_yoy": 9.62013236239912, 
        "accumulated_operating_revenue": 52838, 
        "long_term_average": 73397, 
        "date": "2013-01-31", 
        "operating_revenue": 52838, 
        "short_term_average": 73983
    }, 
    {
        "accumulated_operating_revenue_yoy": 3.845313731635279, 
        "accumulated_operating_revenue": 109346, 
        "long_term_average": 73348, 
        "date": "2013-02-28", 
        "operating_revenue": 56508, 
        "short_term_average": 63125
    }, 
    {
        "accumulated_operating_revenue_yoy": -6.130581622278576, 
        "accumulated_operating_revenue": 160650, 
        "long_term_average": 72136, 
        "date": "2013-03-31", 
        "operating_revenue": 51304, 
        "short_term_average": 53550
    }, 
    {
        "accumulated_operating_revenue_yoy": -6.115091050888774, 
        "accumulated_operating_revenue": 220300, 
        "long_term_average": 71815, 
        "date": "2013-04-30", 
        "operating_revenue": 59650, 
        "short_term_average": 55820
    }, 
    {
        "accumulated_operating_revenue_yoy": -6.59993342056777, 
        "accumulated_operating_revenue": 283373, 
        "long_term_average": 71342, 
        "date": "2013-05-31", 
        "operating_revenue": 63073, 
        "short_term_average": 58009
    }, 
    {
        "accumulated_operating_revenue_yoy": -2.132465013163364, 
        "accumulated_operating_revenue": 353155, 
        "long_term_average": 72369, 
        "date": "2013-06-30", 
        "operating_revenue": 69782, 
        "short_term_average": 64168
    }, 
    {
        "accumulated_operating_revenue_yoy": 0.4199641942878177, 
        "accumulated_operating_revenue": 420126, 
        "long_term_average": 73157, 
        "date": "2013-07-31", 
        "operating_revenue": 66971, 
        "short_term_average": 66608
    }, 
    {
        "accumulated_operating_revenue_yoy": 1.5088504242224308, 
        "accumulated_operating_revenue": 492323, 
        "long_term_average": 73620, 
        "date": "2013-08-31", 
        "operating_revenue": 72197, 
        "short_term_average": 69650
    }, 
    {
        "accumulated_operating_revenue_yoy": -3.882873113681877, 
        "accumulated_operating_revenue": 561077, 
        "long_term_average": 71122, 
        "date": "2013-09-30", 
        "operating_revenue": 68754, 
        "short_term_average": 69307
    }, 
    {
        "accumulated_operating_revenue_yoy": -11.820990011626229, 
        "accumulated_operating_revenue": 623445, 
        "long_term_average": 66046, 
        "date": "2013-10-31", 
        "operating_revenue": 62368, 
        "short_term_average": 67773
    }, 
    {
        "accumulated_operating_revenue_yoy": -12.98674545034317, 
        "accumulated_operating_revenue": 692716, 
        "long_term_average": 64395, 
        "date": "2013-11-30", 
        "operating_revenue": 69271, 
        "short_term_average": 66797
    }, 
    {
        "accumulated_operating_revenue_yoy": -9.363418567728871, 
        "accumulated_operating_revenue": 794097, 
        "long_term_average": 66174, 
        "date": "2013-12-31", 
        "operating_revenue": 101381, 
        "short_term_average": 77673
    }, 
    {
        "accumulated_operating_revenue_yoy": 23.74048979900829, 
        "accumulated_operating_revenue": 65382, 
        "long_term_average": 67220, 
        "date": "2014-01-31", 
        "operating_revenue": 65382, 
        "short_term_average": 78678
    }, 
    {
        "accumulated_operating_revenue_yoy": 22.94642693834251, 
        "accumulated_operating_revenue": 134437, 
        "long_term_average": 68265, 
        "date": "2014-02-28", 
        "operating_revenue": 69055, 
        "short_term_average": 78606
    }, 
    {
        "accumulated_operating_revenue_yoy": 29.692499221910985, 
        "accumulated_operating_revenue": 208351, 
        "long_term_average": 70149, 
        "date": "2014-03-31", 
        "operating_revenue": 73914, 
        "short_term_average": 69450
    }, 
    {
        "accumulated_operating_revenue_yoy": 23.60644575578756, 
        "accumulated_operating_revenue": 272305, 
        "long_term_average": 70508, 
        "date": "2014-04-30", 
        "operating_revenue": 63954, 
        "short_term_average": 68974
    }, 
    {
        "accumulated_operating_revenue_yoy": 20.14341521598741, 
        "accumulated_operating_revenue": 340454, 
        "long_term_average": 70931, 
        "date": "2014-05-31", 
        "operating_revenue": 68149, 
        "short_term_average": 68672
    }, 
    {
        "accumulated_operating_revenue_yoy": 15.507921450920984, 
        "accumulated_operating_revenue": 407922, 
        "long_term_average": 70738, 
        "date": "2014-06-30", 
        "operating_revenue": 67468, 
        "short_term_average": 66523
    }, 
    {
        "accumulated_operating_revenue_yoy": 16.098503782198673, 
        "accumulated_operating_revenue": 487760, 
        "long_term_average": 71810, 
        "date": "2014-07-31", 
        "operating_revenue": 79838, 
        "short_term_average": 71818
    }, 
    {
        "accumulated_operating_revenue_yoy": 13.766368826969286, 
        "accumulated_operating_revenue": 560098, 
        "long_term_average": 71822, 
        "date": "2014-08-31", 
        "operating_revenue": 72338, 
        "short_term_average": 73214
    }, 
    {
        "accumulated_operating_revenue_yoy": 31.333845443673507, 
        "accumulated_operating_revenue": 736884, 
        "long_term_average": 80825, 
        "date": "2014-09-30", 
        "operating_revenue": 176786, 
        "short_term_average": 109654
    }, 
    {
        "accumulated_operating_revenue_yoy": 30.136098613350015, 
        "accumulated_operating_revenue": 811327, 
        "long_term_average": 81831, 
        "date": "2014-10-31", 
        "operating_revenue": 74443, 
        "short_term_average": 107855
    }, 
    {
        "accumulated_operating_revenue_yoy": 27.227608428273637, 
        "accumulated_operating_revenue": 881326, 
        "long_term_average": 81892, 
        "date": "2014-11-30", 
        "operating_revenue": 69999, 
        "short_term_average": 107076
    }, 
    {
        "accumulated_operating_revenue_yoy": 21.481254808921328, 
        "accumulated_operating_revenue": 964679, 
        "long_term_average": 80389, 
        "date": "2014-12-31", 
        "operating_revenue": 83353, 
        "short_term_average": 75931
    }, 
    {
        "accumulated_operating_revenue_yoy": 11.960478419136765, 
        "accumulated_operating_revenue": 73202, 
        "long_term_average": 81041, 
        "date": "2015-01-31", 
        "operating_revenue": 73202, 
        "short_term_average": 75518
    }, 
    {
        "accumulated_operating_revenue_yoy": 2.9582629781979666, 
        "accumulated_operating_revenue": 138414, 
        "long_term_average": 80721, 
        "date": "2015-02-28", 
        "operating_revenue": 65212, 
        "short_term_average": 73922
    }, 
    {
        "accumulated_operating_revenue_yoy": 79.92282254464821, 
        "accumulated_operating_revenue": 374871, 
        "long_term_average": 94266, 
        "date": "2015-03-31", 
        "operating_revenue": 236457, 
        "short_term_average": 124957
    }, 
    {
        "accumulated_operating_revenue_yoy": 67.26464809680321, 
        "accumulated_operating_revenue": 455470, 
        "long_term_average": 95653, 
        "date": "2015-04-30", 
        "operating_revenue": 80599, 
        "short_term_average": 127422
    }, 
    {
        "accumulated_operating_revenue_yoy": 58.240760866372554, 
        "accumulated_operating_revenue": 538737, 
        "long_term_average": 96913, 
        "date": "2015-05-31", 
        "operating_revenue": 83267, 
        "short_term_average": 133441
    }, 
    {
        "accumulated_operating_revenue_yoy": 49.82398595809983, 
        "accumulated_operating_revenue": 611165, 
        "long_term_average": 97326, 
        "date": "2015-06-30", 
        "operating_revenue": 72428, 
        "short_term_average": 78764
    }, 
    {
        "accumulated_operating_revenue_yoy": 43.79858947023126, 
        "accumulated_operating_revenue": 701392, 
        "long_term_average": 98192, 
        "date": "2015-07-31", 
        "operating_revenue": 90227, 
        "short_term_average": 81974
    }, 
    {
        "accumulated_operating_revenue_yoy": 41.74448043021043, 
        "accumulated_operating_revenue": 793908, 
        "long_term_average": 99874, 
        "date": "2015-08-31", 
        "operating_revenue": 92516, 
        "short_term_average": 85057
    }, 
    {
        "accumulated_operating_revenue_yoy": 23.548618235706027, 
        "accumulated_operating_revenue": 910410, 
        "long_term_average": 94850, 
        "date": "2015-09-30", 
        "operating_revenue": 116502, 
        "short_term_average": 99748
    }
]