[
    {
        "date": "2012-01-31", 
        "operating_revenue": 74169, 
        "accumulated_operating_revenue": 74169, 
        "long_term_average": 74169, 
        "short_term_average": 74169
    }, 
    {
        "date": "2012-02-29", 
        "operating_revenue": 92744, 
        "accumulated_operating_revenue": 166913, 
        "long_term_average": 83456, 
        "short_term_average": 83456
    }, 
    {
        "date": "2012-03-31", 
        "operating_revenue": 95360, 
        "accumulated_operating_revenue": 262273, 
        "long_term_average": 87424, 
        "short_term_average": 87424
    }, 
    {
        "date": "2012-04-30", 
        "operating_revenue": 104690, 
        "accumulated_operating_revenue": 366963, 
        "long_term_average": 91740, 
        "short_term_average": 97598
    }, 
    {
        "date": "2012-05-31", 
        "operating_revenue": 85031, 
        "accumulated_operating_revenue": 451994, 
        "long_term_average": 90398, 
        "short_term_average": 95027
    }, 
    {
        "date": "2012-06-30", 
        "operating_revenue": 79044, 
        "accumulated_operating_revenue": 531038, 
        "long_term_average": 88506, 
        "short_term_average": 89588
    }, 
    {
        "date": "2012-07-31", 
        "operating_revenue": 63671, 
        "accumulated_operating_revenue": 594709, 
        "long_term_average": 84958, 
        "short_term_average": 75915
    }, 
    {
        "date": "2012-08-31", 
        "operating_revenue": 52893, 
        "accumulated_operating_revenue": 647602, 
        "long_term_average": 80950, 
        "short_term_average": 65202
    }, 
    {
        "date": "2012-09-30", 
        "operating_revenue": 29210, 
        "accumulated_operating_revenue": 676812, 
        "long_term_average": 75201, 
        "short_term_average": 48591
    }, 
    {
        "date": "2012-10-31", 
        "operating_revenue": 53216, 
        "accumulated_operating_revenue": 730028, 
        "long_term_average": 73002, 
        "short_term_average": 45106
    }, 
    {
        "date": "2012-11-30", 
        "operating_revenue": 57486, 
        "accumulated_operating_revenue": 787514, 
        "long_term_average": 71592, 
        "short_term_average": 46637
    }, 
    {
        "date": "2012-12-31", 
        "operating_revenue": 46716, 
        "accumulated_operating_revenue": 834230, 
        "long_term_average": 69519, 
        "short_term_average": 52472
    }, 
    {
        "accumulated_operating_revenue_yoy": -41.06971915490299, 
        "accumulated_operating_revenue": 43708, 
        "long_term_average": 66980, 
        "date": "2013-01-31", 
        "operating_revenue": 43708, 
        "short_term_average": 49303
    }, 
    {
        "accumulated_operating_revenue_yoy": -57.50360966491526, 
        "accumulated_operating_revenue": 70932, 
        "long_term_average": 61520, 
        "date": "2013-02-28", 
        "operating_revenue": 27224, 
        "short_term_average": 39216
    }, 
    {
        "accumulated_operating_revenue_yoy": -56.86021816961715, 
        "accumulated_operating_revenue": 113144, 
        "long_term_average": 57091, 
        "date": "2013-03-31", 
        "operating_revenue": 42212, 
        "short_term_average": 37714
    }, 
    {
        "accumulated_operating_revenue_yoy": -56.91500232993517, 
        "accumulated_operating_revenue": 158106, 
        "long_term_average": 52114, 
        "date": "2013-04-30", 
        "operating_revenue": 44962, 
        "short_term_average": 38132
    }, 
    {
        "accumulated_operating_revenue_yoy": -53.8416439156272, 
        "accumulated_operating_revenue": 208633, 
        "long_term_average": 49239, 
        "date": "2013-05-31", 
        "operating_revenue": 50527, 
        "short_term_average": 45900
    }, 
    {
        "accumulated_operating_revenue_yoy": -52.31791321901634, 
        "accumulated_operating_revenue": 253210, 
        "long_term_average": 46366, 
        "date": "2013-06-30", 
        "operating_revenue": 44577, 
        "short_term_average": 46688
    }, 
    {
        "accumulated_operating_revenue_yoy": -48.64009120426965, 
        "accumulated_operating_revenue": 305442, 
        "long_term_average": 45413, 
        "date": "2013-07-31", 
        "operating_revenue": 52232, 
        "short_term_average": 49112
    }, 
    {
        "accumulated_operating_revenue_yoy": -45.560853734238, 
        "accumulated_operating_revenue": 352549, 
        "long_term_average": 44931, 
        "date": "2013-08-31", 
        "operating_revenue": 47107, 
        "short_term_average": 47972
    }, 
    {
        "accumulated_operating_revenue_yoy": -41.32698592814548, 
        "accumulated_operating_revenue": 397106, 
        "long_term_average": 46210, 
        "date": "2013-09-30", 
        "operating_revenue": 44557, 
        "short_term_average": 47965
    }, 
    {
        "accumulated_operating_revenue_yoy": -38.711802834959755, 
        "accumulated_operating_revenue": 447421, 
        "long_term_average": 45968, 
        "date": "2013-10-31", 
        "operating_revenue": 50315, 
        "short_term_average": 47326
    }, 
    {
        "accumulated_operating_revenue_yoy": -38.34560401465878, 
        "accumulated_operating_revenue": 485537, 
        "long_term_average": 44354, 
        "date": "2013-11-30", 
        "operating_revenue": 38116, 
        "short_term_average": 44329
    }, 
    {
        "accumulated_operating_revenue_yoy": -38.11838461815087, 
        "accumulated_operating_revenue": 516235, 
        "long_term_average": 43019, 
        "date": "2013-12-31", 
        "operating_revenue": 30698, 
        "short_term_average": 39709
    }, 
    {
        "accumulated_operating_revenue_yoy": -18.358195296055644, 
        "accumulated_operating_revenue": 35684, 
        "long_term_average": 42350, 
        "date": "2014-01-31", 
        "operating_revenue": 35684, 
        "short_term_average": 34832
    }, 
    {
        "accumulated_operating_revenue_yoy": -7.221000394744262, 
        "accumulated_operating_revenue": 65810, 
        "long_term_average": 42592, 
        "date": "2014-02-28", 
        "operating_revenue": 30126, 
        "short_term_average": 32169
    }, 
    {
        "accumulated_operating_revenue_yoy": -16.19705861556954, 
        "accumulated_operating_revenue": 94818, 
        "long_term_average": 41492, 
        "date": "2014-03-31", 
        "operating_revenue": 29008, 
        "short_term_average": 31606
    }, 
    {
        "accumulated_operating_revenue_yoy": -20.011258269768383, 
        "accumulated_operating_revenue": 126467, 
        "long_term_average": 40383, 
        "date": "2014-04-30", 
        "operating_revenue": 31649, 
        "short_term_average": 30261
    }, 
    {
        "accumulated_operating_revenue_yoy": -23.94635556215939, 
        "accumulated_operating_revenue": 158673, 
        "long_term_average": 38856, 
        "date": "2014-05-31", 
        "operating_revenue": 32206, 
        "short_term_average": 30954
    }, 
    {
        "accumulated_operating_revenue_yoy": -27.539591643300028, 
        "accumulated_operating_revenue": 183477, 
        "long_term_average": 37208, 
        "date": "2014-06-30", 
        "operating_revenue": 24804, 
        "short_term_average": 29553
    }, 
    {
        "accumulated_operating_revenue_yoy": -31.581773299022398, 
        "accumulated_operating_revenue": 208978, 
        "long_term_average": 34980, 
        "date": "2014-07-31", 
        "operating_revenue": 25501, 
        "short_term_average": 27503
    }, 
    {
        "accumulated_operating_revenue_yoy": -34.05427330668928, 
        "accumulated_operating_revenue": 232491, 
        "long_term_average": 33014, 
        "date": "2014-08-31", 
        "operating_revenue": 23513, 
        "short_term_average": 24606
    }, 
    {
        "accumulated_operating_revenue_yoy": -33.986895186675596, 
        "accumulated_operating_revenue": 262142, 
        "long_term_average": 31772, 
        "date": "2014-09-30", 
        "operating_revenue": 29651, 
        "short_term_average": 26221
    }, 
    {
        "accumulated_operating_revenue_yoy": -34.28649973961883, 
        "accumulated_operating_revenue": 294016, 
        "long_term_average": 30235, 
        "date": "2014-10-31", 
        "operating_revenue": 31874, 
        "short_term_average": 28346
    }, 
    {
        "accumulated_operating_revenue_yoy": -32.75054218319099, 
        "accumulated_operating_revenue": 326521, 
        "long_term_average": 29768, 
        "date": "2014-11-30", 
        "operating_revenue": 32505, 
        "short_term_average": 31343
    }, 
    {
        "accumulated_operating_revenue_yoy": -32.71300861041968, 
        "accumulated_operating_revenue": 347359, 
        "long_term_average": 28946, 
        "date": "2014-12-31", 
        "operating_revenue": 20838, 
        "short_term_average": 28405
    }, 
    {
        "accumulated_operating_revenue_yoy": -43.05851361954937, 
        "accumulated_operating_revenue": 20319, 
        "long_term_average": 27666, 
        "date": "2015-01-31", 
        "operating_revenue": 20319, 
        "short_term_average": 24554
    }, 
    {
        "accumulated_operating_revenue_yoy": -40.19753836802917, 
        "accumulated_operating_revenue": 39356, 
        "long_term_average": 26742, 
        "date": "2015-02-28", 
        "operating_revenue": 19037, 
        "short_term_average": 20064
    }, 
    {
        "accumulated_operating_revenue_yoy": -33.28798329431121, 
        "accumulated_operating_revenue": 63255, 
        "long_term_average": 26316, 
        "date": "2015-03-31", 
        "operating_revenue": 23899, 
        "short_term_average": 21085
    }, 
    {
        "accumulated_operating_revenue_yoy": -10.405085911739821, 
        "accumulated_operating_revenue": 113308, 
        "long_term_average": 27850, 
        "date": "2015-04-30", 
        "operating_revenue": 50053, 
        "short_term_average": 30996
    }, 
    {
        "accumulated_operating_revenue_yoy": -10.924353859824922, 
        "accumulated_operating_revenue": 141339, 
        "long_term_average": 27502, 
        "date": "2015-05-31", 
        "operating_revenue": 28031, 
        "short_term_average": 33994
    }, 
    {
        "accumulated_operating_revenue_yoy": -7.74538498013375, 
        "accumulated_operating_revenue": 169266, 
        "long_term_average": 27762, 
        "date": "2015-06-30", 
        "operating_revenue": 27927, 
        "short_term_average": 35337
    }, 
    {
        "accumulated_operating_revenue_yoy": -5.763764606800716, 
        "accumulated_operating_revenue": 196933, 
        "long_term_average": 27942, 
        "date": "2015-07-31", 
        "operating_revenue": 27667, 
        "short_term_average": 27875
    }, 
    {
        "accumulated_operating_revenue_yoy": 27.641930225256033, 
        "accumulated_operating_revenue": 296756, 
        "long_term_average": 34302, 
        "date": "2015-08-31", 
        "operating_revenue": 99823, 
        "short_term_average": 51805
    }, 
    {
        "accumulated_operating_revenue_yoy": 26.88275819975433, 
        "accumulated_operating_revenue": 332613, 
        "long_term_average": 34819, 
        "date": "2015-09-30", 
        "operating_revenue": 35857, 
        "short_term_average": 54449
    }
]