[
    {
        "date": "2012-01-31", 
        "operating_revenue": 181273, 
        "accumulated_operating_revenue": 181273, 
        "long_term_average": 181273, 
        "short_term_average": 181273
    }, 
    {
        "date": "2012-02-29", 
        "operating_revenue": 166148, 
        "accumulated_operating_revenue": 347421, 
        "long_term_average": 173710, 
        "short_term_average": 173710
    }, 
    {
        "date": "2012-03-31", 
        "operating_revenue": 156168, 
        "accumulated_operating_revenue": 503589, 
        "long_term_average": 167863, 
        "short_term_average": 167863
    }, 
    {
        "date": "2012-04-30", 
        "operating_revenue": 201830, 
        "accumulated_operating_revenue": 705419, 
        "long_term_average": 176354, 
        "short_term_average": 174715
    }, 
    {
        "date": "2012-05-31", 
        "operating_revenue": 201812, 
        "accumulated_operating_revenue": 907231, 
        "long_term_average": 181446, 
        "short_term_average": 186603
    }, 
    {
        "date": "2012-06-30", 
        "operating_revenue": 167780, 
        "accumulated_operating_revenue": 1075011, 
        "long_term_average": 179168, 
        "short_term_average": 190474
    }, 
    {
        "date": "2012-07-31", 
        "operating_revenue": 190921, 
        "accumulated_operating_revenue": 1265932, 
        "long_term_average": 180847, 
        "short_term_average": 186837
    }, 
    {
        "date": "2012-08-31", 
        "operating_revenue": 175808, 
        "accumulated_operating_revenue": 1441740, 
        "long_term_average": 180217, 
        "short_term_average": 178169
    }, 
    {
        "date": "2012-09-30", 
        "operating_revenue": 169484, 
        "accumulated_operating_revenue": 1611224, 
        "long_term_average": 179024, 
        "short_term_average": 178737
    }, 
    {
        "date": "2012-10-31", 
        "operating_revenue": 130805, 
        "accumulated_operating_revenue": 1742029, 
        "long_term_average": 174202, 
        "short_term_average": 158699
    }, 
    {
        "date": "2012-11-30", 
        "operating_revenue": 121540, 
        "accumulated_operating_revenue": 1863569, 
        "long_term_average": 169415, 
        "short_term_average": 140609
    }, 
    {
        "date": "2012-12-31", 
        "operating_revenue": 127524, 
        "accumulated_operating_revenue": 1991093, 
        "long_term_average": 165924, 
        "short_term_average": 126623
    }, 
    {
        "accumulated_operating_revenue_yoy": -33.45010012522549, 
        "accumulated_operating_revenue": 120637, 
        "long_term_average": 160871, 
        "date": "2013-01-31", 
        "operating_revenue": 120637, 
        "short_term_average": 123233
    }, 
    {
        "accumulated_operating_revenue_yoy": -37.00870125870342, 
        "accumulated_operating_revenue": 218845, 
        "long_term_average": 155209, 
        "date": "2013-02-28", 
        "operating_revenue": 98208, 
        "short_term_average": 115456
    }, 
    {
        "accumulated_operating_revenue_yoy": -35.56412074131881, 
        "accumulated_operating_revenue": 324492, 
        "long_term_average": 150999, 
        "date": "2013-03-31", 
        "operating_revenue": 105647, 
        "short_term_average": 108164
    }, 
    {
        "accumulated_operating_revenue_yoy": -37.105181459529724, 
        "accumulated_operating_revenue": 443672, 
        "long_term_average": 144112, 
        "date": "2013-04-30", 
        "operating_revenue": 119180, 
        "short_term_average": 107678
    }, 
    {
        "accumulated_operating_revenue_yoy": -33.89125812499793, 
        "accumulated_operating_revenue": 599759, 
        "long_term_average": 140301, 
        "date": "2013-05-31", 
        "operating_revenue": 156087, 
        "short_term_average": 126971
    }, 
    {
        "accumulated_operating_revenue_yoy": -30.957450667946652, 
        "accumulated_operating_revenue": 742215, 
        "long_term_average": 138191, 
        "date": "2013-06-30", 
        "operating_revenue": 142456, 
        "short_term_average": 139241
    }, 
    {
        "accumulated_operating_revenue_yoy": -30.490737259189277, 
        "accumulated_operating_revenue": 879940, 
        "long_term_average": 133758, 
        "date": "2013-07-31", 
        "operating_revenue": 137725, 
        "short_term_average": 145422
    }, 
    {
        "accumulated_operating_revenue_yoy": -28.279440120964942, 
        "accumulated_operating_revenue": 1034024, 
        "long_term_average": 131948, 
        "date": "2013-08-31", 
        "operating_revenue": 154084, 
        "short_term_average": 144755
    }, 
    {
        "accumulated_operating_revenue_yoy": -27.891280169610184, 
        "accumulated_operating_revenue": 1161833, 
        "long_term_average": 128475, 
        "date": "2013-09-30", 
        "operating_revenue": 127809, 
        "short_term_average": 139872
    }, 
    {
        "accumulated_operating_revenue_yoy": -26.02476767034303, 
        "accumulated_operating_revenue": 1288670, 
        "long_term_average": 128144, 
        "date": "2013-10-31", 
        "operating_revenue": 126837, 
        "short_term_average": 136243
    }, 
    {
        "accumulated_operating_revenue_yoy": -24.54542869086146, 
        "accumulated_operating_revenue": 1406148, 
        "long_term_average": 127806, 
        "date": "2013-11-30", 
        "operating_revenue": 117478, 
        "short_term_average": 124041
    }, 
    {
        "accumulated_operating_revenue_yoy": -22.568107064813145, 
        "accumulated_operating_revenue": 1541741, 
        "long_term_average": 128478, 
        "date": "2013-12-31", 
        "operating_revenue": 135593, 
        "short_term_average": 126636
    }, 
    {
        "accumulated_operating_revenue_yoy": -7.64939446438489, 
        "accumulated_operating_revenue": 111409, 
        "long_term_average": 127709, 
        "date": "2014-01-31", 
        "operating_revenue": 111409, 
        "short_term_average": 121493
    }, 
    {
        "accumulated_operating_revenue_yoy": 4.887020493956911, 
        "accumulated_operating_revenue": 229540, 
        "long_term_average": 129369, 
        "date": "2014-02-28", 
        "operating_revenue": 118131, 
        "short_term_average": 121711
    }, 
    {
        "accumulated_operating_revenue_yoy": 7.7915634283741975, 
        "accumulated_operating_revenue": 349775, 
        "long_term_average": 130585, 
        "date": "2014-03-31", 
        "operating_revenue": 120235, 
        "short_term_average": 116591
    }, 
    {
        "accumulated_operating_revenue_yoy": 8.734380353053607, 
        "accumulated_operating_revenue": 482424, 
        "long_term_average": 131707, 
        "date": "2014-04-30", 
        "operating_revenue": 132649, 
        "short_term_average": 123671
    }, 
    {
        "accumulated_operating_revenue_yoy": 0.9623865586010382, 
        "accumulated_operating_revenue": 605531, 
        "long_term_average": 128959, 
        "date": "2014-05-31", 
        "operating_revenue": 123107, 
        "short_term_average": 125330
    }, 
    {
        "accumulated_operating_revenue_yoy": 5.238374325498676, 
        "accumulated_operating_revenue": 781095, 
        "long_term_average": 131718, 
        "date": "2014-06-30", 
        "operating_revenue": 175564, 
        "short_term_average": 143773
    }, 
    {
        "accumulated_operating_revenue_yoy": 1.9278587176398392, 
        "accumulated_operating_revenue": 896904, 
        "long_term_average": 129892, 
        "date": "2014-07-31", 
        "operating_revenue": 115809, 
        "short_term_average": 138160
    }, 
    {
        "accumulated_operating_revenue_yoy": -1.1355635845976497, 
        "accumulated_operating_revenue": 1022282, 
        "long_term_average": 127499, 
        "date": "2014-08-31", 
        "operating_revenue": 125378, 
        "short_term_average": 138917
    }, 
    {
        "accumulated_operating_revenue_yoy": 0.6191939805462575, 
        "accumulated_operating_revenue": 1169027, 
        "long_term_average": 129077, 
        "date": "2014-09-30", 
        "operating_revenue": 146745, 
        "short_term_average": 129310
    }, 
    {
        "accumulated_operating_revenue_yoy": 2.801881009102408, 
        "accumulated_operating_revenue": 1324777, 
        "long_term_average": 131487, 
        "date": "2014-10-31", 
        "operating_revenue": 155750, 
        "short_term_average": 142624
    }, 
    {
        "accumulated_operating_revenue_yoy": 4.60918765307777, 
        "accumulated_operating_revenue": 1470960, 
        "long_term_average": 133879, 
        "date": "2014-11-30", 
        "operating_revenue": 146183, 
        "short_term_average": 149559
    }, 
    {
        "accumulated_operating_revenue_yoy": 5.900018226148231, 
        "accumulated_operating_revenue": 1632704, 
        "long_term_average": 136058, 
        "date": "2014-12-31", 
        "operating_revenue": 161744, 
        "short_term_average": 154559
    }, 
    {
        "accumulated_operating_revenue_yoy": 8.758717877370769, 
        "accumulated_operating_revenue": 121167, 
        "long_term_average": 136871, 
        "date": "2015-01-31", 
        "operating_revenue": 121167, 
        "short_term_average": 143031
    }, 
    {
        "accumulated_operating_revenue_yoy": -1.8184194475908337, 
        "accumulated_operating_revenue": 225366, 
        "long_term_average": 135710, 
        "date": "2015-02-28", 
        "operating_revenue": 104199, 
        "short_term_average": 129036
    }, 
    {
        "accumulated_operating_revenue_yoy": 3.7252519476806514, 
        "accumulated_operating_revenue": 362805, 
        "long_term_average": 137144, 
        "date": "2015-03-31", 
        "operating_revenue": 137439, 
        "short_term_average": 120935
    }, 
    {
        "accumulated_operating_revenue_yoy": 3.679128733230519, 
        "accumulated_operating_revenue": 500173, 
        "long_term_average": 137537, 
        "date": "2015-04-30", 
        "operating_revenue": 137368, 
        "short_term_average": 126335
    }, 
    {
        "accumulated_operating_revenue_yoy": 5.7632061777183985, 
        "accumulated_operating_revenue": 640429, 
        "long_term_average": 138966, 
        "date": "2015-05-31", 
        "operating_revenue": 140256, 
        "short_term_average": 138354
    }, 
    {
        "accumulated_operating_revenue_yoy": 0.2474730986627747, 
        "accumulated_operating_revenue": 783028, 
        "long_term_average": 136219, 
        "date": "2015-06-30", 
        "operating_revenue": 142599, 
        "short_term_average": 140074
    }, 
    {
        "accumulated_operating_revenue_yoy": 2.9472496499067904, 
        "accumulated_operating_revenue": 923338, 
        "long_term_average": 138261, 
        "date": "2015-07-31", 
        "operating_revenue": 140310, 
        "short_term_average": 141055
    }, 
    {
        "accumulated_operating_revenue_yoy": 5.270561351955723, 
        "accumulated_operating_revenue": 1076162, 
        "long_term_average": 140548, 
        "date": "2015-08-31", 
        "operating_revenue": 152824, 
        "short_term_average": 145244
    }, 
    {
        "accumulated_operating_revenue_yoy": 3.0679359843699077, 
        "accumulated_operating_revenue": 1204892, 
        "long_term_average": 139047, 
        "date": "2015-09-30", 
        "operating_revenue": 128730, 
        "short_term_average": 140621
    }, 
    {
        "accumulated_operating_revenue_yoy": 1.3561527713720876, 
        "accumulated_operating_revenue": 1342743, 
        "long_term_average": 137555, 
        "date": "2015-10-31", 
        "operating_revenue": 137851, 
        "short_term_average": 139801
    }
]