[
    {
        "date": "2012-01-31", 
        "operating_revenue": 1073980, 
        "accumulated_operating_revenue": 1073980, 
        "long_term_average": 1073980, 
        "short_term_average": 1073980
    }, 
    {
        "date": "2012-02-29", 
        "operating_revenue": 1438674, 
        "accumulated_operating_revenue": 2512654, 
        "long_term_average": 1256327, 
        "short_term_average": 1256327
    }, 
    {
        "date": "2012-03-31", 
        "operating_revenue": 1735657, 
        "accumulated_operating_revenue": 4248311, 
        "long_term_average": 1416103, 
        "short_term_average": 1416103
    }, 
    {
        "date": "2012-04-30", 
        "operating_revenue": 1829283, 
        "accumulated_operating_revenue": 6077594, 
        "long_term_average": 1519398, 
        "short_term_average": 1667871
    }, 
    {
        "date": "2012-05-31", 
        "operating_revenue": 1861680, 
        "accumulated_operating_revenue": 7939274, 
        "long_term_average": 1587854, 
        "short_term_average": 1808873
    }, 
    {
        "date": "2012-06-30", 
        "operating_revenue": 1872792, 
        "accumulated_operating_revenue": 9812066, 
        "long_term_average": 1635344, 
        "short_term_average": 1854585
    }, 
    {
        "date": "2012-07-31", 
        "operating_revenue": 1901441, 
        "accumulated_operating_revenue": 11713507, 
        "long_term_average": 1673358, 
        "short_term_average": 1878637
    }, 
    {
        "date": "2012-08-31", 
        "operating_revenue": 1963859, 
        "accumulated_operating_revenue": 13677366, 
        "long_term_average": 1709670, 
        "short_term_average": 1912697
    }, 
    {
        "date": "2012-09-30", 
        "operating_revenue": 1807292, 
        "accumulated_operating_revenue": 15484658, 
        "long_term_average": 1720517, 
        "short_term_average": 1890864
    }, 
    {
        "date": "2012-10-31", 
        "operating_revenue": 1694962, 
        "accumulated_operating_revenue": 17179620, 
        "long_term_average": 1717962, 
        "short_term_average": 1822037
    }, 
    {
        "date": "2012-11-30", 
        "operating_revenue": 1484035, 
        "accumulated_operating_revenue": 18663655, 
        "long_term_average": 1696695, 
        "short_term_average": 1662096
    }, 
    {
        "date": "2012-12-31", 
        "operating_revenue": 1267729, 
        "accumulated_operating_revenue": 19931384, 
        "long_term_average": 1660948, 
        "short_term_average": 1482242
    }, 
    {
        "accumulated_operating_revenue_yoy": 25.852529842268947, 
        "accumulated_operating_revenue": 1351631, 
        "long_term_average": 1684086, 
        "date": "2013-01-31", 
        "operating_revenue": 1351631, 
        "short_term_average": 1367798
    }, 
    {
        "accumulated_operating_revenue_yoy": 3.8907465970245005, 
        "accumulated_operating_revenue": 2610415, 
        "long_term_average": 1669095, 
        "date": "2013-02-28", 
        "operating_revenue": 1258784, 
        "short_term_average": 1292714
    }, 
    {
        "accumulated_operating_revenue_yoy": 1.780519364048442, 
        "accumulated_operating_revenue": 4323953, 
        "long_term_average": 1667252, 
        "date": "2013-03-31", 
        "operating_revenue": 1713538, 
        "short_term_average": 1441317
    }, 
    {
        "accumulated_operating_revenue_yoy": 2.718230273361465, 
        "accumulated_operating_revenue": 6242797, 
        "long_term_average": 1674715, 
        "date": "2013-04-30", 
        "operating_revenue": 1918844, 
        "short_term_average": 1630388
    }, 
    {
        "accumulated_operating_revenue_yoy": 6.633667007839759, 
        "accumulated_operating_revenue": 8465939, 
        "long_term_average": 1704837, 
        "date": "2013-05-31", 
        "operating_revenue": 2223142, 
        "short_term_average": 1951841
    }, 
    {
        "accumulated_operating_revenue_yoy": 5.90851101083095, 
        "accumulated_operating_revenue": 10391813, 
        "long_term_average": 1709260, 
        "date": "2013-06-30", 
        "operating_revenue": 1925874, 
        "short_term_average": 2022620
    }, 
    {
        "accumulated_operating_revenue_yoy": 5.081040204270164, 
        "accumulated_operating_revenue": 12308675, 
        "long_term_average": 1710546, 
        "date": "2013-07-31", 
        "operating_revenue": 1916862, 
        "short_term_average": 2021959
    }, 
    {
        "accumulated_operating_revenue_yoy": 4.406988889527414, 
        "accumulated_operating_revenue": 14280126, 
        "long_term_average": 1711178, 
        "date": "2013-08-31", 
        "operating_revenue": 1971451, 
        "short_term_average": 1938062
    }, 
    {
        "accumulated_operating_revenue_yoy": 4.2692902871991105, 
        "accumulated_operating_revenue": 16145743, 
        "long_term_average": 1716039, 
        "date": "2013-09-30", 
        "operating_revenue": 1865617, 
        "short_term_average": 1917976
    }, 
    {
        "accumulated_operating_revenue_yoy": 5.521501639733591, 
        "accumulated_operating_revenue": 18128193, 
        "long_term_average": 1739996, 
        "date": "2013-10-31", 
        "operating_revenue": 1982450, 
        "short_term_average": 1939839
    }, 
    {
        "accumulated_operating_revenue_yoy": 8.250093564202725, 
        "accumulated_operating_revenue": 20203424, 
        "long_term_average": 1789262, 
        "date": "2013-11-30", 
        "operating_revenue": 2075231, 
        "short_term_average": 1974432
    }, 
    {
        "accumulated_operating_revenue_yoy": 11.634846832512984, 
        "accumulated_operating_revenue": 22250370, 
        "long_term_average": 1854197, 
        "date": "2013-12-31", 
        "operating_revenue": 2046946, 
        "short_term_average": 2034875
    }, 
    {
        "accumulated_operating_revenue_yoy": 39.73695483456653, 
        "accumulated_operating_revenue": 1888728, 
        "long_term_average": 1898955, 
        "date": "2014-01-31", 
        "operating_revenue": 1888728, 
        "short_term_average": 2003635
    }, 
    {
        "accumulated_operating_revenue_yoy": 50.86562864525372, 
        "accumulated_operating_revenue": 3938219, 
        "long_term_average": 1964847, 
        "date": "2014-02-28", 
        "operating_revenue": 2049491, 
        "short_term_average": 1995055
    }, 
    {
        "accumulated_operating_revenue_yoy": 45.88347745685487, 
        "accumulated_operating_revenue": 6307933, 
        "long_term_average": 2019529, 
        "date": "2014-03-31", 
        "operating_revenue": 2369714, 
        "short_term_average": 2102644
    }, 
    {
        "accumulated_operating_revenue_yoy": 41.25110907819043, 
        "accumulated_operating_revenue": 8818020, 
        "long_term_average": 2068799, 
        "date": "2014-04-30", 
        "operating_revenue": 2510087, 
        "short_term_average": 2309764
    }, 
    {
        "accumulated_operating_revenue_yoy": 37.18412098173635, 
        "accumulated_operating_revenue": 11613924, 
        "long_term_average": 2116529, 
        "date": "2014-05-31", 
        "operating_revenue": 2795904, 
        "short_term_average": 2558568
    }, 
    {
        "accumulated_operating_revenue_yoy": 38.90051716673501, 
        "accumulated_operating_revenue": 14434282, 
        "long_term_average": 2191069, 
        "date": "2014-06-30", 
        "operating_revenue": 2820358, 
        "short_term_average": 2708783
    }, 
    {
        "accumulated_operating_revenue_yoy": 39.90137849931045, 
        "accumulated_operating_revenue": 17220006, 
        "long_term_average": 2263475, 
        "date": "2014-07-31", 
        "operating_revenue": 2785724, 
        "short_term_average": 2800662
    }, 
    {
        "accumulated_operating_revenue_yoy": 38.61786653703196, 
        "accumulated_operating_revenue": 19794806, 
        "long_term_average": 2313754, 
        "date": "2014-08-31", 
        "operating_revenue": 2574800, 
        "short_term_average": 2726960
    }, 
    {
        "accumulated_operating_revenue_yoy": 36.65146905905786, 
        "accumulated_operating_revenue": 22063395, 
        "long_term_average": 2347335, 
        "date": "2014-09-30", 
        "operating_revenue": 2268589, 
        "short_term_average": 2543037
    }, 
    {
        "accumulated_operating_revenue_yoy": 32.28469599810638, 
        "accumulated_operating_revenue": 23980825, 
        "long_term_average": 2341916, 
        "date": "2014-10-31", 
        "operating_revenue": 1917430, 
        "short_term_average": 2253606
    }, 
    {
        "accumulated_operating_revenue_yoy": 27.462290550354236, 
        "accumulated_operating_revenue": 25751747, 
        "long_term_average": 2316557, 
        "date": "2014-11-30", 
        "operating_revenue": 1770922, 
        "short_term_average": 1985647
    }, 
    {
        "accumulated_operating_revenue_yoy": 24.853420415031298, 
        "accumulated_operating_revenue": 27780348, 
        "long_term_average": 2315029, 
        "date": "2014-12-31", 
        "operating_revenue": 2028601, 
        "short_term_average": 1905651
    }, 
    {
        "accumulated_operating_revenue_yoy": 27.92101350750346, 
        "accumulated_operating_revenue": 2416080, 
        "long_term_average": 2358975, 
        "date": "2015-01-31", 
        "operating_revenue": 2416080, 
        "short_term_average": 2071867
    }, 
    {
        "accumulated_operating_revenue_yoy": 8.68740412861753, 
        "accumulated_operating_revenue": 4280348, 
        "long_term_average": 2343539, 
        "date": "2015-02-28", 
        "operating_revenue": 1864268, 
        "short_term_average": 2102983
    }, 
    {
        "accumulated_operating_revenue_yoy": 5.3526567260622455, 
        "accumulated_operating_revenue": 6645575, 
        "long_term_average": 2343165, 
        "date": "2015-03-31", 
        "operating_revenue": 2365227, 
        "short_term_average": 2215191
    }, 
    {
        "accumulated_operating_revenue_yoy": 4.6501822404576085, 
        "accumulated_operating_revenue": 9228074, 
        "long_term_average": 2349200, 
        "date": "2015-04-30", 
        "operating_revenue": 2582499, 
        "short_term_average": 2270664
    }, 
    {
        "accumulated_operating_revenue_yoy": -0.9988958081695729, 
        "accumulated_operating_revenue": 11497913, 
        "long_term_average": 2305361, 
        "date": "2015-05-31", 
        "operating_revenue": 2269839, 
        "short_term_average": 2405855
    }, 
    {
        "accumulated_operating_revenue_yoy": -7.058397501171171, 
        "accumulated_operating_revenue": 13415453, 
        "long_term_average": 2230126, 
        "date": "2015-06-30", 
        "operating_revenue": 1917540, 
        "short_term_average": 2256626
    }, 
    {
        "accumulated_operating_revenue_yoy": -9.836773576037082, 
        "accumulated_operating_revenue": 15526113, 
        "long_term_average": 2173871, 
        "date": "2015-07-31", 
        "operating_revenue": 2110660, 
        "short_term_average": 2099346
    }, 
    {
        "accumulated_operating_revenue_yoy": -11.866991775519296, 
        "accumulated_operating_revenue": 17445758, 
        "long_term_average": 2119275, 
        "date": "2015-08-31", 
        "operating_revenue": 1919645, 
        "short_term_average": 1982615
    }, 
    {
        "accumulated_operating_revenue_yoy": -11.197918543361073, 
        "accumulated_operating_revenue": 19592754, 
        "long_term_average": 2109142, 
        "date": "2015-09-30", 
        "operating_revenue": 2146996, 
        "short_term_average": 2059100
    }
]