[
    {
        "date": "2012-01-31", 
        "operating_revenue": 1041813, 
        "accumulated_operating_revenue": 1041813, 
        "long_term_average": 1041813, 
        "short_term_average": 1041813
    }, 
    {
        "date": "2012-02-29", 
        "operating_revenue": 1048611, 
        "accumulated_operating_revenue": 2090424, 
        "long_term_average": 1045212, 
        "short_term_average": 1045212
    }, 
    {
        "date": "2012-03-31", 
        "operating_revenue": 1098991, 
        "accumulated_operating_revenue": 3189415, 
        "long_term_average": 1063138, 
        "short_term_average": 1063138
    }, 
    {
        "date": "2012-04-30", 
        "operating_revenue": 1175477, 
        "accumulated_operating_revenue": 4364892, 
        "long_term_average": 1091223, 
        "short_term_average": 1107693
    }, 
    {
        "date": "2012-05-31", 
        "operating_revenue": 1225712, 
        "accumulated_operating_revenue": 5590604, 
        "long_term_average": 1118120, 
        "short_term_average": 1166726
    }, 
    {
        "date": "2012-06-30", 
        "operating_revenue": 1243083, 
        "accumulated_operating_revenue": 6833687, 
        "long_term_average": 1138947, 
        "short_term_average": 1214757
    }, 
    {
        "date": "2012-07-31", 
        "operating_revenue": 1313385, 
        "accumulated_operating_revenue": 8147072, 
        "long_term_average": 1163867, 
        "short_term_average": 1260726
    }, 
    {
        "date": "2012-08-31", 
        "operating_revenue": 1370850, 
        "accumulated_operating_revenue": 9517922, 
        "long_term_average": 1189740, 
        "short_term_average": 1309106
    }, 
    {
        "date": "2012-09-30", 
        "operating_revenue": 1366799, 
        "accumulated_operating_revenue": 10884721, 
        "long_term_average": 1209413, 
        "short_term_average": 1350344
    }, 
    {
        "date": "2012-10-31", 
        "operating_revenue": 1329976, 
        "accumulated_operating_revenue": 12214697, 
        "long_term_average": 1221469, 
        "short_term_average": 1355875
    }, 
    {
        "date": "2012-11-30", 
        "operating_revenue": 1274545, 
        "accumulated_operating_revenue": 13489242, 
        "long_term_average": 1226294, 
        "short_term_average": 1323773
    }, 
    {
        "date": "2012-12-31", 
        "operating_revenue": 1188298, 
        "accumulated_operating_revenue": 14677540, 
        "long_term_average": 1223128, 
        "short_term_average": 1264273
    }, 
    {
        "accumulated_operating_revenue_yoy": 10.004962502867597, 
        "accumulated_operating_revenue": 1146046, 
        "long_term_average": 1231814, 
        "date": "2013-01-31", 
        "operating_revenue": 1146046, 
        "short_term_average": 1202963
    }, 
    {
        "accumulated_operating_revenue_yoy": 4.63858049850174, 
        "accumulated_operating_revenue": 2187390, 
        "long_term_average": 1231208, 
        "date": "2013-02-28", 
        "operating_revenue": 1041344, 
        "short_term_average": 1125229
    }, 
    {
        "accumulated_operating_revenue_yoy": 6.03712593061737, 
        "accumulated_operating_revenue": 3381964, 
        "long_term_average": 1239174, 
        "date": "2013-03-31", 
        "operating_revenue": 1194574, 
        "short_term_average": 1127321
    }, 
    {
        "accumulated_operating_revenue_yoy": 5.006538535203162, 
        "accumulated_operating_revenue": 4583422, 
        "long_term_average": 1241339, 
        "date": "2013-04-30", 
        "operating_revenue": 1201458, 
        "short_term_average": 1145792
    }, 
    {
        "accumulated_operating_revenue_yoy": 4.944063289047123, 
        "accumulated_operating_revenue": 5867007, 
        "long_term_average": 1246161, 
        "date": "2013-05-31", 
        "operating_revenue": 1283585, 
        "short_term_average": 1226539
    }, 
    {
        "accumulated_operating_revenue_yoy": 4.744510540210578, 
        "accumulated_operating_revenue": 7157912, 
        "long_term_average": 1250147, 
        "date": "2013-06-30", 
        "operating_revenue": 1290905, 
        "short_term_average": 1258649
    }, 
    {
        "accumulated_operating_revenue_yoy": 3.833585857593992, 
        "accumulated_operating_revenue": 8459397, 
        "long_term_average": 1249155, 
        "date": "2013-07-31", 
        "operating_revenue": 1301485, 
        "short_term_average": 1291991
    }, 
    {
        "accumulated_operating_revenue_yoy": 2.5940115920260745, 
        "accumulated_operating_revenue": 9764818, 
        "long_term_average": 1243703, 
        "date": "2013-08-31", 
        "operating_revenue": 1305421, 
        "short_term_average": 1299270
    }, 
    {
        "accumulated_operating_revenue_yoy": 1.0365814612979056, 
        "accumulated_operating_revenue": 10997550, 
        "long_term_average": 1232530, 
        "date": "2013-09-30", 
        "operating_revenue": 1232732, 
        "short_term_average": 1279879
    }, 
    {
        "accumulated_operating_revenue_yoy": 0.3757604466160724, 
        "accumulated_operating_revenue": 12260595, 
        "long_term_average": 1226953, 
        "date": "2013-10-31", 
        "operating_revenue": 1263045, 
        "short_term_average": 1267066
    }, 
    {
        "accumulated_operating_revenue_yoy": 0.016301879675670435, 
        "accumulated_operating_revenue": 13491441, 
        "long_term_average": 1223311, 
        "date": "2013-11-30", 
        "operating_revenue": 1230846, 
        "short_term_average": 1242207
    }, 
    {
        "accumulated_operating_revenue_yoy": 0.1153939965416548, 
        "accumulated_operating_revenue": 14694477, 
        "long_term_average": 1224539, 
        "date": "2013-12-31", 
        "operating_revenue": 1203036, 
        "short_term_average": 1232309
    }, 
    {
        "accumulated_operating_revenue_yoy": 1.2418349699750273, 
        "accumulated_operating_revenue": 1160278, 
        "long_term_average": 1225725, 
        "date": "2014-01-31", 
        "operating_revenue": 1160278, 
        "short_term_average": 1198053
    }, 
    {
        "accumulated_operating_revenue_yoy": 3.9802687220843103, 
        "accumulated_operating_revenue": 2274454, 
        "long_term_average": 1231795, 
        "date": "2014-02-28", 
        "operating_revenue": 1114176, 
        "short_term_average": 1159163
    }, 
    {
        "accumulated_operating_revenue_yoy": 4.36406182916199, 
        "accumulated_operating_revenue": 3529555, 
        "long_term_average": 1236839, 
        "date": "2014-03-31", 
        "operating_revenue": 1255101, 
        "short_term_average": 1176518
    }, 
    {
        "accumulated_operating_revenue_yoy": 5.416149767575405, 
        "accumulated_operating_revenue": 4831667, 
        "long_term_average": 1245226, 
        "date": "2014-04-30", 
        "operating_revenue": 1302112, 
        "short_term_average": 1223796
    }, 
    {
        "accumulated_operating_revenue_yoy": 6.0195087546341774, 
        "accumulated_operating_revenue": 6220172, 
        "long_term_average": 1253970, 
        "date": "2014-05-31", 
        "operating_revenue": 1388505, 
        "short_term_average": 1315239
    }, 
    {
        "accumulated_operating_revenue_yoy": 6.9561766056917165, 
        "accumulated_operating_revenue": 7655829, 
        "long_term_average": 1266032, 
        "date": "2014-06-30", 
        "operating_revenue": 1435657, 
        "short_term_average": 1375424
    }, 
    {
        "accumulated_operating_revenue_yoy": 8.23347101454158, 
        "accumulated_operating_revenue": 9155899, 
        "long_term_average": 1282581, 
        "date": "2014-07-31", 
        "operating_revenue": 1500070, 
        "short_term_average": 1441410
    }, 
    {
        "accumulated_operating_revenue_yoy": 8.622526297981182, 
        "accumulated_operating_revenue": 10606792, 
        "long_term_average": 1294704, 
        "date": "2014-08-31", 
        "operating_revenue": 1450893, 
        "short_term_average": 1462206
    }, 
    {
        "accumulated_operating_revenue_yoy": 9.567894667448659, 
        "accumulated_operating_revenue": 12049784, 
        "long_term_average": 1312225, 
        "date": "2014-09-30", 
        "operating_revenue": 1442992, 
        "short_term_average": 1464651
    }, 
    {
        "accumulated_operating_revenue_yoy": 10.239666182595544, 
        "accumulated_operating_revenue": 13516039, 
        "long_term_average": 1329160, 
        "date": "2014-10-31", 
        "operating_revenue": 1466255, 
        "short_term_average": 1453380
    }, 
    {
        "accumulated_operating_revenue_yoy": 10.454272453179762, 
        "accumulated_operating_revenue": 14901873, 
        "long_term_average": 1342075, 
        "date": "2014-11-30", 
        "operating_revenue": 1385834, 
        "short_term_average": 1431693
    }, 
    {
        "accumulated_operating_revenue_yoy": 10.77474210208366, 
        "accumulated_operating_revenue": 16277769, 
        "long_term_average": 1356480, 
        "date": "2014-12-31", 
        "operating_revenue": 1375896, 
        "short_term_average": 1409328
    }, 
    {
        "accumulated_operating_revenue_yoy": 20.206536709305873, 
        "accumulated_operating_revenue": 1394730, 
        "long_term_average": 1376018, 
        "date": "2015-01-31", 
        "operating_revenue": 1394730, 
        "short_term_average": 1385486
    }, 
    {
        "accumulated_operating_revenue_yoy": 16.122902463624236, 
        "accumulated_operating_revenue": 2641162, 
        "long_term_average": 1387039, 
        "date": "2015-02-28", 
        "operating_revenue": 1246432, 
        "short_term_average": 1339019
    }, 
    {
        "accumulated_operating_revenue_yoy": 15.412056194052791, 
        "accumulated_operating_revenue": 4073532, 
        "long_term_average": 1401812, 
        "date": "2015-03-31", 
        "operating_revenue": 1432370, 
        "short_term_average": 1357844
    }, 
    {
        "accumulated_operating_revenue_yoy": 14.1339624605752, 
        "accumulated_operating_revenue": 5514573, 
        "long_term_average": 1413389, 
        "date": "2015-04-30", 
        "operating_revenue": 1441041, 
        "short_term_average": 1373281
    }, 
    {
        "accumulated_operating_revenue_yoy": 11.848450493008874, 
        "accumulated_operating_revenue": 6957166, 
        "long_term_average": 1417896, 
        "date": "2015-05-31", 
        "operating_revenue": 1442593, 
        "short_term_average": 1438668
    }, 
    {
        "accumulated_operating_revenue_yoy": 9.968600395855237, 
        "accumulated_operating_revenue": 8419008, 
        "long_term_average": 1420079, 
        "date": "2015-06-30", 
        "operating_revenue": 1461842, 
        "short_term_average": 1448492
    }, 
    {
        "accumulated_operating_revenue_yoy": 8.346302203639425, 
        "accumulated_operating_revenue": 9920078, 
        "long_term_average": 1420162, 
        "date": "2015-07-31", 
        "operating_revenue": 1501070, 
        "short_term_average": 1468501
    }, 
    {
        "accumulated_operating_revenue_yoy": 7.214867605587062, 
        "accumulated_operating_revenue": 11372058, 
        "long_term_average": 1420252, 
        "date": "2015-08-31", 
        "operating_revenue": 1451980, 
        "short_term_average": 1471630
    }
]