[
    {
        "date": "2012-01-31", 
        "operating_revenue": 3231818, 
        "accumulated_operating_revenue": 3231818, 
        "long_term_average": 3231818, 
        "short_term_average": 3231818
    }, 
    {
        "date": "2012-02-29", 
        "operating_revenue": 2974903, 
        "accumulated_operating_revenue": 6206721, 
        "long_term_average": 3103360, 
        "short_term_average": 3103360
    }, 
    {
        "date": "2012-03-31", 
        "operating_revenue": 2654292, 
        "accumulated_operating_revenue": 8861013, 
        "long_term_average": 2953671, 
        "short_term_average": 2953671
    }, 
    {
        "date": "2012-04-30", 
        "operating_revenue": 2455435, 
        "accumulated_operating_revenue": 11316448, 
        "long_term_average": 2829112, 
        "short_term_average": 2694876
    }, 
    {
        "date": "2012-05-31", 
        "operating_revenue": 3083753, 
        "accumulated_operating_revenue": 14400201, 
        "long_term_average": 2880040, 
        "short_term_average": 2731160
    }, 
    {
        "date": "2012-06-30", 
        "operating_revenue": 2887564, 
        "accumulated_operating_revenue": 17287765, 
        "long_term_average": 2881294, 
        "short_term_average": 2808917
    }, 
    {
        "date": "2012-07-31", 
        "operating_revenue": 3010747, 
        "accumulated_operating_revenue": 20298512, 
        "long_term_average": 2899787, 
        "short_term_average": 2994021
    }, 
    {
        "date": "2012-08-31", 
        "operating_revenue": 3496058, 
        "accumulated_operating_revenue": 23794570, 
        "long_term_average": 2974321, 
        "short_term_average": 3131456
    }, 
    {
        "date": "2012-09-30", 
        "operating_revenue": 2332203, 
        "accumulated_operating_revenue": 26126773, 
        "long_term_average": 2902974, 
        "short_term_average": 2946336
    }, 
    {
        "date": "2012-10-31", 
        "operating_revenue": 2675478, 
        "accumulated_operating_revenue": 28802251, 
        "long_term_average": 2880225, 
        "short_term_average": 2834579
    }, 
    {
        "date": "2012-11-30", 
        "operating_revenue": 2760735, 
        "accumulated_operating_revenue": 31562986, 
        "long_term_average": 2869362, 
        "short_term_average": 2589472
    }, 
    {
        "date": "2012-12-31", 
        "operating_revenue": 3432249, 
        "accumulated_operating_revenue": 34995235, 
        "long_term_average": 2916269, 
        "short_term_average": 2956154
    }, 
    {
        "accumulated_operating_revenue_yoy": 29.081557191648788, 
        "accumulated_operating_revenue": 4171681, 
        "long_term_average": 2994591, 
        "date": "2013-01-31", 
        "operating_revenue": 4171681, 
        "short_term_average": 3454888
    }, 
    {
        "accumulated_operating_revenue_yoy": 26.242955016022147, 
        "accumulated_operating_revenue": 7835548, 
        "long_term_average": 3052005, 
        "date": "2013-02-28", 
        "operating_revenue": 3663867, 
        "short_term_average": 3755932
    }, 
    {
        "accumulated_operating_revenue_yoy": 25.31991545436171, 
        "accumulated_operating_revenue": 11104614, 
        "long_term_average": 3103236, 
        "date": "2013-03-31", 
        "operating_revenue": 3269066, 
        "short_term_average": 3701538
    }, 
    {
        "accumulated_operating_revenue_yoy": 26.7700872217148, 
        "accumulated_operating_revenue": 14345871, 
        "long_term_average": 3168721, 
        "date": "2013-04-30", 
        "operating_revenue": 3241257, 
        "short_term_average": 3391396
    }, 
    {
        "accumulated_operating_revenue_yoy": 26.10173982988154, 
        "accumulated_operating_revenue": 18158904, 
        "long_term_average": 3229494, 
        "date": "2013-05-31", 
        "operating_revenue": 3813033, 
        "short_term_average": 3441118
    }, 
    {
        "accumulated_operating_revenue_yoy": 24.257612247737057, 
        "accumulated_operating_revenue": 21481364, 
        "long_term_average": 3265736, 
        "date": "2013-06-30", 
        "operating_revenue": 3322460, 
        "short_term_average": 3458916
    }, 
    {
        "accumulated_operating_revenue_yoy": 24.1784619483438, 
        "accumulated_operating_revenue": 25206380, 
        "long_term_average": 3325258, 
        "date": "2013-07-31", 
        "operating_revenue": 3725016, 
        "short_term_average": 3620169
    }, 
    {
        "accumulated_operating_revenue_yoy": 21.90378309000751, 
        "accumulated_operating_revenue": 29006481, 
        "long_term_average": 3350595, 
        "date": "2013-08-31", 
        "operating_revenue": 3800101, 
        "short_term_average": 3615859
    }, 
    {
        "accumulated_operating_revenue_yoy": 23.497590000877643, 
        "accumulated_operating_revenue": 32265935, 
        "long_term_average": 3427866, 
        "date": "2013-09-30", 
        "operating_revenue": 3259454, 
        "short_term_average": 3594857
    }, 
    {
        "accumulated_operating_revenue_yoy": 24.11663588377172, 
        "accumulated_operating_revenue": 35748385, 
        "long_term_average": 3495114, 
        "date": "2013-10-31", 
        "operating_revenue": 3482450, 
        "short_term_average": 3514001
    }, 
    {
        "accumulated_operating_revenue_yoy": 23.416700815315764, 
        "accumulated_operating_revenue": 38953996, 
        "long_term_average": 3532187, 
        "date": "2013-11-30", 
        "operating_revenue": 3205611, 
        "short_term_average": 3315838
    }, 
    {
        "accumulated_operating_revenue_yoy": 22.04851031861909, 
        "accumulated_operating_revenue": 42711163, 
        "long_term_average": 3559263, 
        "date": "2013-12-31", 
        "operating_revenue": 3757167, 
        "short_term_average": 3481742
    }, 
    {
        "accumulated_operating_revenue_yoy": 1.4723081654613572, 
        "accumulated_operating_revenue": 4233101, 
        "long_term_average": 3564381, 
        "date": "2014-01-31", 
        "operating_revenue": 4233101, 
        "short_term_average": 3731959
    }, 
    {
        "accumulated_operating_revenue_yoy": -3.1106950018045962, 
        "accumulated_operating_revenue": 7591808, 
        "long_term_average": 3538951, 
        "date": "2014-02-28", 
        "operating_revenue": 3358707, 
        "short_term_average": 3782991
    }, 
    {
        "accumulated_operating_revenue_yoy": -4.941828684905211, 
        "accumulated_operating_revenue": 10555843, 
        "long_term_average": 3513532, 
        "date": "2014-03-31", 
        "operating_revenue": 2964035, 
        "short_term_average": 3518614
    }, 
    {
        "accumulated_operating_revenue_yoy": -2.1979007060637863, 
        "accumulated_operating_revenue": 14030563, 
        "long_term_average": 3532987, 
        "date": "2014-04-30", 
        "operating_revenue": 3474720, 
        "short_term_average": 3265820
    }, 
    {
        "accumulated_operating_revenue_yoy": -2.2012947477446874, 
        "accumulated_operating_revenue": 17759173, 
        "long_term_average": 3525952, 
        "date": "2014-05-31", 
        "operating_revenue": 3728610, 
        "short_term_average": 3389121
    }, 
    {
        "accumulated_operating_revenue_yoy": 0.005576927051745876, 
        "accumulated_operating_revenue": 21482562, 
        "long_term_average": 3559363, 
        "date": "2014-06-30", 
        "operating_revenue": 3723389, 
        "short_term_average": 3642239
    }, 
    {
        "accumulated_operating_revenue_yoy": -2.5309703337012297, 
        "accumulated_operating_revenue": 24568414, 
        "long_term_average": 3506099, 
        "date": "2014-07-31", 
        "operating_revenue": 3085852, 
        "short_term_average": 3512617
    }, 
    {
        "accumulated_operating_revenue_yoy": -5.145284600362244, 
        "accumulated_operating_revenue": 27514015, 
        "long_term_average": 3434891, 
        "date": "2014-08-31", 
        "operating_revenue": 2945601, 
        "short_term_average": 3251614
    }, 
    {
        "accumulated_operating_revenue_yoy": -5.062301774301597, 
        "accumulated_operating_revenue": 30632536, 
        "long_term_average": 3423147, 
        "date": "2014-09-30", 
        "operating_revenue": 3118521, 
        "short_term_average": 3049991
    }, 
    {
        "accumulated_operating_revenue_yoy": -3.290168213193407, 
        "accumulated_operating_revenue": 34572203, 
        "long_term_average": 3461248, 
        "date": "2014-10-31", 
        "operating_revenue": 3939667, 
        "short_term_average": 3334596
    }, 
    {
        "accumulated_operating_revenue_yoy": -2.585062133291794, 
        "accumulated_operating_revenue": 37947011, 
        "long_term_average": 3475348, 
        "date": "2014-11-30", 
        "operating_revenue": 3374808, 
        "short_term_average": 3477665
    }, 
    {
        "accumulated_operating_revenue_yoy": -3.1827838544223206, 
        "accumulated_operating_revenue": 41351759, 
        "long_term_average": 3445979, 
        "date": "2014-12-31", 
        "operating_revenue": 3404748, 
        "short_term_average": 3573074
    }, 
    {
        "accumulated_operating_revenue_yoy": -27.312034369130338, 
        "accumulated_operating_revenue": 3076955, 
        "long_term_average": 3349634, 
        "date": "2015-01-31", 
        "operating_revenue": 3076955, 
        "short_term_average": 3285503
    }, 
    {
        "accumulated_operating_revenue_yoy": -18.594621992547758, 
        "accumulated_operating_revenue": 6180140, 
        "long_term_average": 3328340, 
        "date": "2015-02-28", 
        "operating_revenue": 3103185, 
        "short_term_average": 3194962
    }, 
    {
        "accumulated_operating_revenue_yoy": -13.656711264083787, 
        "accumulated_operating_revenue": 9114262, 
        "long_term_average": 3325848, 
        "date": "2015-03-31", 
        "operating_revenue": 2934122, 
        "short_term_average": 3038087
    }, 
    {
        "accumulated_operating_revenue_yoy": -13.3312255538142, 
        "accumulated_operating_revenue": 12160117, 
        "long_term_average": 3290109, 
        "date": "2015-04-30", 
        "operating_revenue": 3045855, 
        "short_term_average": 3027720
    }, 
    {
        "accumulated_operating_revenue_yoy": -14.98467299124796, 
        "accumulated_operating_revenue": 15098019, 
        "long_term_average": 3224217, 
        "date": "2015-05-31", 
        "operating_revenue": 2937902, 
        "short_term_average": 2972626
    }, 
    {
        "accumulated_operating_revenue_yoy": -15.35194917626678, 
        "accumulated_operating_revenue": 18184570, 
        "long_term_average": 3171147, 
        "date": "2015-06-30", 
        "operating_revenue": 3086551, 
        "short_term_average": 3023436
    }, 
    {
        "accumulated_operating_revenue_yoy": -14.97990875601494, 
        "accumulated_operating_revenue": 20888088, 
        "long_term_average": 3139286, 
        "date": "2015-07-31", 
        "operating_revenue": 2703518, 
        "short_term_average": 2909323
    }, 
    {
        "accumulated_operating_revenue_yoy": -14.101678726278225, 
        "accumulated_operating_revenue": 23634077, 
        "long_term_average": 3122651, 
        "date": "2015-08-31", 
        "operating_revenue": 2745989, 
        "short_term_average": 2845352
    }, 
    {
        "accumulated_operating_revenue_yoy": -14.187924238463312, 
        "accumulated_operating_revenue": 26286415, 
        "long_term_average": 3083803, 
        "date": "2015-09-30", 
        "operating_revenue": 2652338, 
        "short_term_average": 2700615
    }
]