[
    {
        "date": "2012-01-31", 
        "operating_revenue": 1902769, 
        "accumulated_operating_revenue": 1902769, 
        "long_term_average": 1902769, 
        "short_term_average": 1902769
    }, 
    {
        "date": "2012-02-29", 
        "operating_revenue": 2070809, 
        "accumulated_operating_revenue": 3973578, 
        "long_term_average": 1986789, 
        "short_term_average": 1986789
    }, 
    {
        "date": "2012-03-31", 
        "operating_revenue": 2224675, 
        "accumulated_operating_revenue": 6198253, 
        "long_term_average": 2066084, 
        "short_term_average": 2066084
    }, 
    {
        "date": "2012-04-30", 
        "operating_revenue": 1922515, 
        "accumulated_operating_revenue": 8120768, 
        "long_term_average": 2030192, 
        "short_term_average": 2072666
    }, 
    {
        "date": "2012-05-31", 
        "operating_revenue": 2089971, 
        "accumulated_operating_revenue": 10210739, 
        "long_term_average": 2042147, 
        "short_term_average": 2079053
    }, 
    {
        "date": "2012-06-30", 
        "operating_revenue": 2051119, 
        "accumulated_operating_revenue": 12261858, 
        "long_term_average": 2043643, 
        "short_term_average": 2021201
    }, 
    {
        "date": "2012-07-31", 
        "operating_revenue": 2452084, 
        "accumulated_operating_revenue": 14713942, 
        "long_term_average": 2101991, 
        "short_term_average": 2197724
    }, 
    {
        "date": "2012-08-31", 
        "operating_revenue": 2151930, 
        "accumulated_operating_revenue": 16865872, 
        "long_term_average": 2108234, 
        "short_term_average": 2218377
    }, 
    {
        "date": "2012-09-30", 
        "operating_revenue": 2562737, 
        "accumulated_operating_revenue": 19428609, 
        "long_term_average": 2158734, 
        "short_term_average": 2388917
    }, 
    {
        "date": "2012-10-31", 
        "operating_revenue": 2482369, 
        "accumulated_operating_revenue": 21910978, 
        "long_term_average": 2191097, 
        "short_term_average": 2399012
    }, 
    {
        "date": "2012-11-30", 
        "operating_revenue": 2384146, 
        "accumulated_operating_revenue": 24295124, 
        "long_term_average": 2208647, 
        "short_term_average": 2476417
    }, 
    {
        "date": "2012-12-31", 
        "operating_revenue": 1920835, 
        "accumulated_operating_revenue": 26215959, 
        "long_term_average": 2184663, 
        "short_term_average": 2262450
    }, 
    {
        "accumulated_operating_revenue_yoy": 21.58259883359462, 
        "accumulated_operating_revenue": 2313436, 
        "long_term_average": 2218885, 
        "date": "2013-01-31", 
        "operating_revenue": 2313436, 
        "short_term_average": 2206139
    }, 
    {
        "accumulated_operating_revenue_yoy": 11.427131919896878, 
        "accumulated_operating_revenue": 4427644, 
        "long_term_average": 2222502, 
        "date": "2013-02-28", 
        "operating_revenue": 2114208, 
        "short_term_average": 2116159
    }, 
    {
        "accumulated_operating_revenue_yoy": 13.764991522611291, 
        "accumulated_operating_revenue": 7051442, 
        "long_term_average": 2255762, 
        "date": "2013-03-31", 
        "operating_revenue": 2623798, 
        "short_term_average": 2350480
    }, 
    {
        "accumulated_operating_revenue_yoy": 8.121645637456949, 
        "accumulated_operating_revenue": 8780308, 
        "long_term_average": 2239624, 
        "date": "2013-04-30", 
        "operating_revenue": 1728866, 
        "short_term_average": 2155624
    }, 
    {
        "accumulated_operating_revenue_yoy": 4.374874335736131, 
        "accumulated_operating_revenue": 10657446, 
        "long_term_average": 2221888, 
        "date": "2013-05-31", 
        "operating_revenue": 1877138, 
        "short_term_average": 2076600
    }, 
    {
        "accumulated_operating_revenue_yoy": 6.1742355848518224, 
        "accumulated_operating_revenue": 13018934, 
        "long_term_average": 2247752, 
        "date": "2013-06-30", 
        "operating_revenue": 2361488, 
        "short_term_average": 1989164
    }, 
    {
        "accumulated_operating_revenue_yoy": 2.197432883723478, 
        "accumulated_operating_revenue": 15037271, 
        "long_term_average": 2211607, 
        "date": "2013-07-31", 
        "operating_revenue": 2018337, 
        "short_term_average": 2085654
    }, 
    {
        "accumulated_operating_revenue_yoy": 1.6163172589001031, 
        "accumulated_operating_revenue": 17138478, 
        "long_term_average": 2207380, 
        "date": "2013-08-31", 
        "operating_revenue": 2101207, 
        "short_term_average": 2160344
    }, 
    {
        "accumulated_operating_revenue_yoy": -0.10224097875457785, 
        "accumulated_operating_revenue": 19408745, 
        "long_term_average": 2183007, 
        "date": "2013-09-30", 
        "operating_revenue": 2270267, 
        "short_term_average": 2129937
    }, 
    {
        "accumulated_operating_revenue_yoy": -1.542528133614118, 
        "accumulated_operating_revenue": 21572995, 
        "long_term_average": 2156498, 
        "date": "2013-10-31", 
        "operating_revenue": 2164250, 
        "short_term_average": 2178574
    }, 
    {
        "accumulated_operating_revenue_yoy": -1.2396232264548228, 
        "accumulated_operating_revenue": 23993956, 
        "long_term_average": 2159565, 
        "date": "2013-11-30", 
        "operating_revenue": 2420961, 
        "short_term_average": 2285159
    }, 
    {
        "accumulated_operating_revenue_yoy": -0.38580698115983475, 
        "accumulated_operating_revenue": 26114816, 
        "long_term_average": 2176234, 
        "date": "2013-12-31", 
        "operating_revenue": 2120860, 
        "short_term_average": 2235357
    }, 
    {
        "accumulated_operating_revenue_yoy": 5.548759507503125, 
        "accumulated_operating_revenue": 2441803, 
        "long_term_average": 2186931, 
        "date": "2014-01-31", 
        "operating_revenue": 2441803, 
        "short_term_average": 2327874
    }, 
    {
        "accumulated_operating_revenue_yoy": 1.2007966313461516, 
        "accumulated_operating_revenue": 4480811, 
        "long_term_average": 2180665, 
        "date": "2014-02-28", 
        "operating_revenue": 2039008, 
        "short_term_average": 2200557
    }, 
    {
        "accumulated_operating_revenue_yoy": -3.6144805558919724, 
        "accumulated_operating_revenue": 6796569, 
        "long_term_average": 2154995, 
        "date": "2014-03-31", 
        "operating_revenue": 2315758, 
        "short_term_average": 2265523
    }, 
    {
        "accumulated_operating_revenue_yoy": 2.1702883315710566, 
        "accumulated_operating_revenue": 8970866, 
        "long_term_average": 2192114, 
        "date": "2014-04-30", 
        "operating_revenue": 2174297, 
        "short_term_average": 2176354
    }, 
    {
        "accumulated_operating_revenue_yoy": 5.631124004756862, 
        "accumulated_operating_revenue": 11257580, 
        "long_term_average": 2226245, 
        "date": "2014-05-31", 
        "operating_revenue": 2286714, 
        "short_term_average": 2258923
    }, 
    {
        "accumulated_operating_revenue_yoy": 3.3337829349161767, 
        "accumulated_operating_revenue": 13452957, 
        "long_term_average": 2212403, 
        "date": "2014-06-30", 
        "operating_revenue": 2195377, 
        "short_term_average": 2218796
    }, 
    {
        "accumulated_operating_revenue_yoy": 6.375578387860403, 
        "accumulated_operating_revenue": 15995984, 
        "long_term_average": 2256127, 
        "date": "2014-07-31", 
        "operating_revenue": 2543027, 
        "short_term_average": 2341706
    }, 
    {
        "accumulated_operating_revenue_yoy": 5.7105712654297545, 
        "accumulated_operating_revenue": 18117183, 
        "long_term_average": 2257793, 
        "date": "2014-08-31", 
        "operating_revenue": 2121199, 
        "short_term_average": 2286534
    }, 
    {
        "accumulated_operating_revenue_yoy": 4.2962077146152415, 
        "accumulated_operating_revenue": 20242585, 
        "long_term_average": 2245721, 
        "date": "2014-09-30", 
        "operating_revenue": 2125402, 
        "short_term_average": 2263209
    }, 
    {
        "accumulated_operating_revenue_yoy": 5.411316323950383, 
        "accumulated_operating_revenue": 22740378, 
        "long_term_average": 2273516, 
        "date": "2014-10-31", 
        "operating_revenue": 2497793, 
        "short_term_average": 2248131
    }, 
    {
        "accumulated_operating_revenue_yoy": 4.223405260891535, 
        "accumulated_operating_revenue": 25007318, 
        "long_term_average": 2260681, 
        "date": "2014-11-30", 
        "operating_revenue": 2266940, 
        "short_term_average": 2296711
    }, 
    {
        "accumulated_operating_revenue_yoy": 4.23008149856388, 
        "accumulated_operating_revenue": 27219494, 
        "long_term_average": 2268291, 
        "date": "2014-12-31", 
        "operating_revenue": 2212176, 
        "short_term_average": 2325636
    }, 
    {
        "accumulated_operating_revenue_yoy": -13.606994503651604, 
        "accumulated_operating_revenue": 2109547, 
        "long_term_average": 2240603, 
        "date": "2015-01-31", 
        "operating_revenue": 2109547, 
        "short_term_average": 2196221
    }, 
    {
        "accumulated_operating_revenue_yoy": -13.635143280981948, 
        "accumulated_operating_revenue": 3869846, 
        "long_term_average": 2217377, 
        "date": "2015-02-28", 
        "operating_revenue": 1760299, 
        "short_term_average": 2027340
    }, 
    {
        "accumulated_operating_revenue_yoy": -9.781759002225975, 
        "accumulated_operating_revenue": 6131745, 
        "long_term_average": 2212889, 
        "date": "2015-03-31", 
        "operating_revenue": 2261899, 
        "short_term_average": 2043915
    }, 
    {
        "accumulated_operating_revenue_yoy": -8.20703374679769, 
        "accumulated_operating_revenue": 8234624, 
        "long_term_average": 2206937, 
        "date": "2015-04-30", 
        "operating_revenue": 2102879, 
        "short_term_average": 2041692
    }, 
    {
        "accumulated_operating_revenue_yoy": -9.420594834769107, 
        "accumulated_operating_revenue": 10197049, 
        "long_term_average": 2179913, 
        "date": "2015-05-31", 
        "operating_revenue": 1962425, 
        "short_term_average": 2109067
    }, 
    {
        "accumulated_operating_revenue_yoy": -9.635710572775933, 
        "accumulated_operating_revenue": 12156669, 
        "long_term_average": 2160267, 
        "date": "2015-06-30", 
        "operating_revenue": 1959620, 
        "short_term_average": 2008308
    }, 
    {
        "accumulated_operating_revenue_yoy": -10.930287252100278, 
        "accumulated_operating_revenue": 14247577, 
        "long_term_average": 2122590, 
        "date": "2015-07-31", 
        "operating_revenue": 2090908, 
        "short_term_average": 2004317
    }, 
    {
        "accumulated_operating_revenue_yoy": -10.854540686595703, 
        "accumulated_operating_revenue": 16150646, 
        "long_term_average": 2104413, 
        "date": "2015-08-31", 
        "operating_revenue": 1903069, 
        "short_term_average": 1984532
    }, 
    {
        "accumulated_operating_revenue_yoy": -9.871693758479957, 
        "accumulated_operating_revenue": 18244299, 
        "long_term_average": 2101767, 
        "date": "2015-09-30", 
        "operating_revenue": 2093653, 
        "short_term_average": 2029210
    }, 
    {
        "accumulated_operating_revenue_yoy": -10.107430931886883, 
        "accumulated_operating_revenue": 20441910, 
        "long_term_average": 2076752, 
        "date": "2015-10-31", 
        "operating_revenue": 2197611, 
        "short_term_average": 2064777
    }
]