[
    {
        "date": "2012-01-31", 
        "operating_revenue": 358513, 
        "accumulated_operating_revenue": 358513, 
        "long_term_average": 358513, 
        "short_term_average": 358513
    }, 
    {
        "date": "2012-02-29", 
        "operating_revenue": 198436, 
        "accumulated_operating_revenue": 556949, 
        "long_term_average": 278474, 
        "short_term_average": 278474
    }, 
    {
        "date": "2012-03-31", 
        "operating_revenue": 512968, 
        "accumulated_operating_revenue": 1069917, 
        "long_term_average": 356639, 
        "short_term_average": 356639
    }, 
    {
        "date": "2012-04-30", 
        "operating_revenue": 703379, 
        "accumulated_operating_revenue": 1773296, 
        "long_term_average": 443324, 
        "short_term_average": 471594
    }, 
    {
        "date": "2012-05-31", 
        "operating_revenue": 379298, 
        "accumulated_operating_revenue": 2152594, 
        "long_term_average": 430518, 
        "short_term_average": 531881
    }, 
    {
        "date": "2012-06-30", 
        "operating_revenue": 458130, 
        "accumulated_operating_revenue": 2610724, 
        "long_term_average": 435120, 
        "short_term_average": 513602
    }, 
    {
        "date": "2012-07-31", 
        "operating_revenue": 631295, 
        "accumulated_operating_revenue": 3242019, 
        "long_term_average": 463145, 
        "short_term_average": 489574
    }, 
    {
        "date": "2012-08-31", 
        "operating_revenue": 366384, 
        "accumulated_operating_revenue": 3608403, 
        "long_term_average": 451050, 
        "short_term_average": 485269
    }, 
    {
        "date": "2012-09-30", 
        "operating_revenue": 237259, 
        "accumulated_operating_revenue": 3845662, 
        "long_term_average": 427295, 
        "short_term_average": 411646
    }, 
    {
        "date": "2012-10-31", 
        "operating_revenue": 449707, 
        "accumulated_operating_revenue": 4295369, 
        "long_term_average": 429536, 
        "short_term_average": 351116
    }, 
    {
        "date": "2012-11-30", 
        "operating_revenue": 414830, 
        "accumulated_operating_revenue": 4710199, 
        "long_term_average": 428199, 
        "short_term_average": 367265
    }, 
    {
        "date": "2012-12-31", 
        "operating_revenue": 577143, 
        "accumulated_operating_revenue": 5287342, 
        "long_term_average": 440611, 
        "short_term_average": 480560
    }, 
    {
        "accumulated_operating_revenue_yoy": -8.549759701879708, 
        "accumulated_operating_revenue": 327861, 
        "long_term_average": 438057, 
        "date": "2013-01-31", 
        "operating_revenue": 327861, 
        "short_term_average": 439944
    }, 
    {
        "accumulated_operating_revenue_yoy": -12.725761245643676, 
        "accumulated_operating_revenue": 486073, 
        "long_term_average": 434705, 
        "date": "2013-02-28", 
        "operating_revenue": 158212, 
        "short_term_average": 354405
    }, 
    {
        "accumulated_operating_revenue_yoy": -8.705348171867538, 
        "accumulated_operating_revenue": 976777, 
        "long_term_average": 432850, 
        "date": "2013-03-31", 
        "operating_revenue": 490704, 
        "short_term_average": 325592
    }, 
    {
        "accumulated_operating_revenue_yoy": -28.043372341673354, 
        "accumulated_operating_revenue": 1276004, 
        "long_term_average": 399170, 
        "date": "2013-04-30", 
        "operating_revenue": 299227, 
        "short_term_average": 316047
    }, 
    {
        "accumulated_operating_revenue_yoy": -17.55598129512579, 
        "accumulated_operating_revenue": 1774685, 
        "long_term_average": 409119, 
        "date": "2013-05-31", 
        "operating_revenue": 498681, 
        "short_term_average": 429537
    }, 
    {
        "accumulated_operating_revenue_yoy": -15.606896784187068, 
        "accumulated_operating_revenue": 2203271, 
        "long_term_average": 406657, 
        "date": "2013-06-30", 
        "operating_revenue": 428586, 
        "short_term_average": 408831
    }, 
    {
        "accumulated_operating_revenue_yoy": -20.717213563523224, 
        "accumulated_operating_revenue": 2570363, 
        "long_term_average": 384640, 
        "date": "2013-07-31", 
        "operating_revenue": 367092, 
        "short_term_average": 431453
    }, 
    {
        "accumulated_operating_revenue_yoy": -21.287422718582157, 
        "accumulated_operating_revenue": 2840267, 
        "long_term_average": 376600, 
        "date": "2013-08-31", 
        "operating_revenue": 269904, 
        "short_term_average": 355194
    }, 
    {
        "accumulated_operating_revenue_yoy": -14.676484828879918, 
        "accumulated_operating_revenue": 3281254, 
        "long_term_average": 393577, 
        "date": "2013-09-30", 
        "operating_revenue": 440987, 
        "short_term_average": 359327
    }, 
    {
        "accumulated_operating_revenue_yoy": -7.061791431655813, 
        "accumulated_operating_revenue": 3992039, 
        "long_term_average": 415334, 
        "date": "2013-10-31", 
        "operating_revenue": 710785, 
        "short_term_average": 473892
    }, 
    {
        "accumulated_operating_revenue_yoy": -5.8134274156994215, 
        "accumulated_operating_revenue": 4436375, 
        "long_term_average": 417793, 
        "date": "2013-11-30", 
        "operating_revenue": 444336, 
        "short_term_average": 532036
    }, 
    {
        "accumulated_operating_revenue_yoy": -7.922544068456324, 
        "accumulated_operating_revenue": 4868450, 
        "long_term_average": 405704, 
        "date": "2013-12-31", 
        "operating_revenue": 432075, 
        "short_term_average": 529065
    }, 
    {
        "accumulated_operating_revenue_yoy": -0.3422181961257972, 
        "accumulated_operating_revenue": 326739, 
        "long_term_average": 405610, 
        "date": "2014-01-31", 
        "operating_revenue": 326739, 
        "short_term_average": 401050
    }, 
    {
        "accumulated_operating_revenue_yoy": 34.28867680368998, 
        "accumulated_operating_revenue": 652741, 
        "long_term_average": 419593, 
        "date": "2014-02-28", 
        "operating_revenue": 326002, 
        "short_term_average": 361605
    }, 
    {
        "accumulated_operating_revenue_yoy": -7.778438681500485, 
        "accumulated_operating_revenue": 900799, 
        "long_term_average": 399372, 
        "date": "2014-03-31", 
        "operating_revenue": 248058, 
        "short_term_average": 300266
    }, 
    {
        "accumulated_operating_revenue_yoy": -3.9513982714787725, 
        "accumulated_operating_revenue": 1225584, 
        "long_term_average": 401502, 
        "date": "2014-04-30", 
        "operating_revenue": 324785, 
        "short_term_average": 299615
    }, 
    {
        "accumulated_operating_revenue_yoy": -2.146409081048186, 
        "accumulated_operating_revenue": 1736593, 
        "long_term_average": 402529, 
        "date": "2014-05-31", 
        "operating_revenue": 511009, 
        "short_term_average": 361284
    }, 
    {
        "accumulated_operating_revenue_yoy": -1.3336534634187078, 
        "accumulated_operating_revenue": 2173887, 
        "long_term_average": 403255, 
        "date": "2014-06-30", 
        "operating_revenue": 437294, 
        "short_term_average": 424362
    }, 
    {
        "accumulated_operating_revenue_yoy": -5.004546050499481, 
        "accumulated_operating_revenue": 2441728, 
        "long_term_average": 394984, 
        "date": "2014-07-31", 
        "operating_revenue": 267841, 
        "short_term_average": 405381
    }, 
    {
        "accumulated_operating_revenue_yoy": -1.3302622605550816, 
        "accumulated_operating_revenue": 2802484, 
        "long_term_average": 402555, 
        "date": "2014-08-31", 
        "operating_revenue": 360756, 
        "short_term_average": 355297
    }, 
    {
        "accumulated_operating_revenue_yoy": -2.800606109737314, 
        "accumulated_operating_revenue": 3189359, 
        "long_term_average": 398046, 
        "date": "2014-09-30", 
        "operating_revenue": 386875, 
        "short_term_average": 338490
    }, 
    {
        "accumulated_operating_revenue_yoy": -10.786467767474216, 
        "accumulated_operating_revenue": 3561439, 
        "long_term_average": 369820, 
        "date": "2014-10-31", 
        "operating_revenue": 372080, 
        "short_term_average": 373237
    }, 
    {
        "accumulated_operating_revenue_yoy": -11.781600969259811, 
        "accumulated_operating_revenue": 3913699, 
        "long_term_average": 362147, 
        "date": "2014-11-30", 
        "operating_revenue": 352260, 
        "short_term_average": 370405
    }, 
    {
        "accumulated_operating_revenue_yoy": -4.912179441095215, 
        "accumulated_operating_revenue": 4629303, 
        "long_term_average": 385775, 
        "date": "2014-12-31", 
        "operating_revenue": 715604, 
        "short_term_average": 479981
    }, 
    {
        "accumulated_operating_revenue_yoy": -23.256176948573632, 
        "accumulated_operating_revenue": 250752, 
        "long_term_average": 379443, 
        "date": "2015-01-31", 
        "operating_revenue": 250752, 
        "short_term_average": 439538
    }, 
    {
        "accumulated_operating_revenue_yoy": -27.38789198165888, 
        "accumulated_operating_revenue": 473969, 
        "long_term_average": 370877, 
        "date": "2015-02-28", 
        "operating_revenue": 223217, 
        "short_term_average": 396524
    }, 
    {
        "accumulated_operating_revenue_yoy": -16.342824536883366, 
        "accumulated_operating_revenue": 753583, 
        "long_term_average": 373507, 
        "date": "2015-03-31", 
        "operating_revenue": 279614, 
        "short_term_average": 251194
    }, 
    {
        "accumulated_operating_revenue_yoy": -15.836776589772713, 
        "accumulated_operating_revenue": 1031491, 
        "long_term_average": 369600, 
        "date": "2015-04-30", 
        "operating_revenue": 277908, 
        "short_term_average": 260246
    }, 
    {
        "accumulated_operating_revenue_yoy": -26.375840510701128, 
        "accumulated_operating_revenue": 1278552, 
        "long_term_average": 347605, 
        "date": "2015-05-31", 
        "operating_revenue": 247061, 
        "short_term_average": 268194
    }, 
    {
        "accumulated_operating_revenue_yoy": -29.11089674854305, 
        "accumulated_operating_revenue": 1541049, 
        "long_term_average": 333038, 
        "date": "2015-06-30", 
        "operating_revenue": 262497, 
        "short_term_average": 262488
    }, 
    {
        "accumulated_operating_revenue_yoy": -25.146576522855945, 
        "accumulated_operating_revenue": 1827717, 
        "long_term_average": 334607, 
        "date": "2015-07-31", 
        "operating_revenue": 286668, 
        "short_term_average": 265408
    }, 
    {
        "accumulated_operating_revenue_yoy": -25.044496239764435, 
        "accumulated_operating_revenue": 2100616, 
        "long_term_average": 327286, 
        "date": "2015-08-31", 
        "operating_revenue": 272899, 
        "short_term_average": 274021
    }
]