[
    {
        "date": "2011-09-30", 
        "operating_revenue": 7925742, 
        "accumulated_operating_revenue": 7925742, 
        "long_term_average": 7925742, 
        "short_term_average": 7925742
    }, 
    {
        "date": "2011-10-31", 
        "operating_revenue": 7532159, 
        "accumulated_operating_revenue": 15457901, 
        "long_term_average": 7728950, 
        "short_term_average": 7728950
    }, 
    {
        "date": "2011-11-30", 
        "operating_revenue": 7629519, 
        "accumulated_operating_revenue": 23087420, 
        "long_term_average": 7695806, 
        "short_term_average": 7695806
    }, 
    {
        "date": "2011-12-31", 
        "operating_revenue": 7462687, 
        "accumulated_operating_revenue": 30550107, 
        "long_term_average": 7637526, 
        "short_term_average": 7541455
    }, 
    {
        "date": "2012-01-31", 
        "operating_revenue": 5157714, 
        "accumulated_operating_revenue": 5157714, 
        "long_term_average": 7141564, 
        "short_term_average": 6749973
    }, 
    {
        "date": "2012-02-29", 
        "operating_revenue": 6229652, 
        "accumulated_operating_revenue": 11387366, 
        "long_term_average": 6989578, 
        "short_term_average": 6283351
    }, 
    {
        "date": "2012-03-31", 
        "operating_revenue": 8227923, 
        "accumulated_operating_revenue": 19615289, 
        "long_term_average": 7166485, 
        "short_term_average": 6538429
    }, 
    {
        "date": "2012-04-30", 
        "operating_revenue": 7942908, 
        "accumulated_operating_revenue": 27558197, 
        "long_term_average": 7263538, 
        "short_term_average": 7466827
    }, 
    {
        "date": "2012-05-31", 
        "operating_revenue": 7652735, 
        "accumulated_operating_revenue": 35210932, 
        "long_term_average": 7306782, 
        "short_term_average": 7941188
    }, 
    {
        "date": "2012-06-30", 
        "operating_revenue": 7845260, 
        "accumulated_operating_revenue": 43056192, 
        "long_term_average": 7360629, 
        "short_term_average": 7813634
    }, 
    {
        "date": "2012-07-31", 
        "operating_revenue": 9246070, 
        "accumulated_operating_revenue": 52302262, 
        "long_term_average": 7532033, 
        "short_term_average": 8248021
    }, 
    {
        "date": "2012-08-31", 
        "operating_revenue": 9217155, 
        "accumulated_operating_revenue": 61519417, 
        "long_term_average": 7672460, 
        "short_term_average": 8769495
    }, 
    {
        "accumulated_operating_revenue_yoy": 815.0830294501134, 
        "accumulated_operating_revenue": 72527120, 
        "long_term_average": 7929290, 
        "date": "2012-09-30", 
        "operating_revenue": 11007703, 
        "short_term_average": 9823642
    }, 
    {
        "accumulated_operating_revenue_yoy": 437.1055488064, 
        "accumulated_operating_revenue": 83025244, 
        "long_term_average": 8176454, 
        "date": "2012-10-31", 
        "operating_revenue": 10498124, 
        "short_term_average": 10240994
    }, 
    {
        "accumulated_operating_revenue_yoy": 297.0960115941929, 
        "accumulated_operating_revenue": 91679224, 
        "long_term_average": 8261825, 
        "date": "2012-11-30", 
        "operating_revenue": 8653980, 
        "short_term_average": 10053269
    }, 
    {
        "accumulated_operating_revenue_yoy": 224.91503875911135, 
        "accumulated_operating_revenue": 99261892, 
        "long_term_average": 8271824, 
        "date": "2012-12-31", 
        "operating_revenue": 7582668, 
        "short_term_average": 8911590
    }, 
    {
        "accumulated_operating_revenue_yoy": 63.882157870715595, 
        "accumulated_operating_revenue": 8452573, 
        "long_term_average": 8546395, 
        "date": "2013-01-31", 
        "operating_revenue": 8452573, 
        "short_term_average": 8229740
    }, 
    {
        "accumulated_operating_revenue_yoy": 27.725849858518643, 
        "accumulated_operating_revenue": 14544610, 
        "long_term_average": 8534928, 
        "date": "2013-02-28", 
        "operating_revenue": 6092037, 
        "short_term_average": 7375759
    }, 
    {
        "accumulated_operating_revenue_yoy": 22.222685579600686, 
        "accumulated_operating_revenue": 23974333, 
        "long_term_average": 8635078, 
        "date": "2013-03-31", 
        "operating_revenue": 9429723, 
        "short_term_average": 7991444
    }, 
    {
        "accumulated_operating_revenue_yoy": 32.61458287710187, 
        "accumulated_operating_revenue": 36546188, 
        "long_term_average": 9020823, 
        "date": "2013-04-30", 
        "operating_revenue": 12571855, 
        "short_term_average": 9364538
    }, 
    {
        "accumulated_operating_revenue_yoy": 34.83676887621151, 
        "accumulated_operating_revenue": 47477283, 
        "long_term_average": 9294020, 
        "date": "2013-05-31", 
        "operating_revenue": 10931095, 
        "short_term_average": 10977557
    }, 
    {
        "accumulated_operating_revenue_yoy": 32.96641746673742, 
        "accumulated_operating_revenue": 57250276, 
        "long_term_average": 9454664, 
        "date": "2013-06-30", 
        "operating_revenue": 9772993, 
        "short_term_average": 11091981
    }, 
    {
        "accumulated_operating_revenue_yoy": 34.73324155655065, 
        "accumulated_operating_revenue": 70468533, 
        "long_term_average": 9785680, 
        "date": "2013-07-31", 
        "operating_revenue": 13218257, 
        "short_term_average": 11307448
    }, 
    {
        "accumulated_operating_revenue_yoy": 35.26872499458179, 
        "accumulated_operating_revenue": 83216531, 
        "long_term_average": 10079917, 
        "date": "2013-08-31", 
        "operating_revenue": 12747998, 
        "short_term_average": 11913082
    }, 
    {
        "accumulated_operating_revenue_yoy": 32.72006388782568, 
        "accumulated_operating_revenue": 96258040, 
        "long_term_average": 10249401, 
        "date": "2013-09-30", 
        "operating_revenue": 13041509, 
        "short_term_average": 13002588
    }, 
    {
        "accumulated_operating_revenue_yoy": 32.665350552899305, 
        "accumulated_operating_revenue": 110145731, 
        "long_term_average": 10531864, 
        "date": "2013-10-31", 
        "operating_revenue": 13887691, 
        "short_term_average": 13225732
    }, 
    {
        "accumulated_operating_revenue_yoy": 34.128461863944224, 
        "accumulated_operating_revenue": 122967933, 
        "long_term_average": 10879216, 
        "date": "2013-11-30", 
        "operating_revenue": 12822202, 
        "short_term_average": 13250467
    }, 
    {
        "accumulated_operating_revenue_yoy": 37.06766137401451, 
        "accumulated_operating_revenue": 136055954, 
        "long_term_average": 11337996, 
        "date": "2013-12-31", 
        "operating_revenue": 13088021, 
        "short_term_average": 13265971
    }, 
    {
        "accumulated_operating_revenue_yoy": 51.95179030101248, 
        "accumulated_operating_revenue": 12843836, 
        "long_term_average": 11703934, 
        "date": "2014-01-31", 
        "operating_revenue": 12843836, 
        "short_term_average": 12918019
    }, 
    {
        "accumulated_operating_revenue_yoy": 96.4680455508948, 
        "accumulated_operating_revenue": 28575511, 
        "long_term_average": 12507237, 
        "date": "2014-02-28", 
        "operating_revenue": 15731675, 
        "short_term_average": 13887844
    }, 
    {
        "accumulated_operating_revenue_yoy": 91.8927296121231, 
        "accumulated_operating_revenue": 46005002, 
        "long_term_average": 13173885, 
        "date": "2014-03-31", 
        "operating_revenue": 17429491, 
        "short_term_average": 15335000
    }, 
    {
        "accumulated_operating_revenue_yoy": 78.1361547201585, 
        "accumulated_operating_revenue": 65101974, 
        "long_term_average": 13717645, 
        "date": "2014-04-30", 
        "operating_revenue": 19096972, 
        "short_term_average": 17419379
    }, 
    {
        "accumulated_operating_revenue_yoy": 77.83638124363603, 
        "accumulated_operating_revenue": 84431882, 
        "long_term_average": 14417546, 
        "date": "2014-05-31", 
        "operating_revenue": 19329908, 
        "short_term_average": 18618790
    }, 
    {
        "accumulated_operating_revenue_yoy": 74.91278120650458, 
        "accumulated_operating_revenue": 100138050, 
        "long_term_average": 14911977, 
        "date": "2014-06-30", 
        "operating_revenue": 15706168, 
        "short_term_average": 18044349
    }, 
    {
        "accumulated_operating_revenue_yoy": 69.44929873877182, 
        "accumulated_operating_revenue": 119408435, 
        "long_term_average": 15416321, 
        "date": "2014-07-31", 
        "operating_revenue": 19270385, 
        "short_term_average": 18102153
    }, 
    {
        "accumulated_operating_revenue_yoy": 67.11172447214845, 
        "accumulated_operating_revenue": 139064580, 
        "long_term_average": 15992000, 
        "date": "2014-08-31", 
        "operating_revenue": 19656145, 
        "short_term_average": 18210899
    }, 
    {
        "accumulated_operating_revenue_yoy": 63.73717665558119, 
        "accumulated_operating_revenue": 157610197, 
        "long_term_average": 16450675, 
        "date": "2014-09-30", 
        "operating_revenue": 18545617, 
        "short_term_average": 19157382
    }, 
    {
        "accumulated_operating_revenue_yoy": 62.70677435514954, 
        "accumulated_operating_revenue": 179214566, 
        "long_term_average": 17093732, 
        "date": "2014-10-31", 
        "operating_revenue": 21604369, 
        "short_term_average": 19935377
    }, 
    {
        "accumulated_operating_revenue_yoy": 59.38142670089446, 
        "accumulated_operating_revenue": 195988046, 
        "long_term_average": 17423005, 
        "date": "2014-11-30", 
        "operating_revenue": 16773480, 
        "short_term_average": 18974488
    }, 
    {
        "accumulated_operating_revenue_yoy": 56.599479652320106, 
        "accumulated_operating_revenue": 213062916, 
        "long_term_average": 17755243, 
        "date": "2014-12-31", 
        "operating_revenue": 17074870, 
        "short_term_average": 18484239
    }, 
    {
        "accumulated_operating_revenue_yoy": 35.96924625945084, 
        "accumulated_operating_revenue": 17463667, 
        "long_term_average": 18140228, 
        "date": "2015-01-31", 
        "operating_revenue": 17463667, 
        "short_term_average": 17104005
    }, 
    {
        "accumulated_operating_revenue_yoy": -5.041327169967319, 
        "accumulated_operating_revenue": 27134926, 
        "long_term_average": 17635194, 
        "date": "2015-02-28", 
        "operating_revenue": 9671259, 
        "short_term_average": 14736598
    }, 
    {
        "accumulated_operating_revenue_yoy": 3.328372858238328, 
        "accumulated_operating_revenue": 47536220, 
        "long_term_average": 17882844, 
        "date": "2015-03-31", 
        "operating_revenue": 20401294, 
        "short_term_average": 15845406
    }, 
    {
        "accumulated_operating_revenue_yoy": -3.7666031447832906, 
        "accumulated_operating_revenue": 62649841, 
        "long_term_average": 17550898, 
        "date": "2015-04-30", 
        "operating_revenue": 15113621, 
        "short_term_average": 15062058
    }, 
    {
        "accumulated_operating_revenue_yoy": -7.660332621745894, 
        "accumulated_operating_revenue": 77964119, 
        "long_term_average": 17216262, 
        "date": "2015-05-31", 
        "operating_revenue": 15314278, 
        "short_term_average": 16943064
    }, 
    {
        "accumulated_operating_revenue_yoy": -5.550111071665566, 
        "accumulated_operating_revenue": 94580277, 
        "long_term_average": 17292095, 
        "date": "2015-06-30", 
        "operating_revenue": 16616158, 
        "short_term_average": 15681352
    }, 
    {
        "accumulated_operating_revenue_yoy": -5.791805243909277, 
        "accumulated_operating_revenue": 112492531, 
        "long_term_average": 17178917, 
        "date": "2015-07-31", 
        "operating_revenue": 17912254, 
        "short_term_average": 16614230
    }, 
    {
        "accumulated_operating_revenue_yoy": -5.438406386442903, 
        "accumulated_operating_revenue": 131501683, 
        "long_term_average": 17125001, 
        "date": "2015-08-31", 
        "operating_revenue": 19009152, 
        "short_term_average": 17845854
    }, 
    {
        "accumulated_operating_revenue_yoy": -3.849926029849452, 
        "accumulated_operating_revenue": 151542321, 
        "long_term_average": 17249586, 
        "date": "2015-09-30", 
        "operating_revenue": 20040638, 
        "short_term_average": 18987348
    }
]