[
    {
        "date": "2012-01-31", 
        "operating_revenue": 228263, 
        "accumulated_operating_revenue": 228263, 
        "long_term_average": 228263, 
        "short_term_average": 228263
    }, 
    {
        "date": "2012-02-29", 
        "operating_revenue": 222038, 
        "accumulated_operating_revenue": 450301, 
        "long_term_average": 225150, 
        "short_term_average": 225150
    }, 
    {
        "date": "2012-03-31", 
        "operating_revenue": 242278, 
        "accumulated_operating_revenue": 692579, 
        "long_term_average": 230859, 
        "short_term_average": 230859
    }, 
    {
        "date": "2012-04-30", 
        "operating_revenue": 232680, 
        "accumulated_operating_revenue": 925259, 
        "long_term_average": 231314, 
        "short_term_average": 232332
    }, 
    {
        "date": "2012-05-31", 
        "operating_revenue": 193359, 
        "accumulated_operating_revenue": 1118618, 
        "long_term_average": 223723, 
        "short_term_average": 222772
    }, 
    {
        "date": "2012-06-30", 
        "operating_revenue": 220157, 
        "accumulated_operating_revenue": 1338775, 
        "long_term_average": 223129, 
        "short_term_average": 215398
    }, 
    {
        "date": "2012-07-31", 
        "operating_revenue": 170053, 
        "accumulated_operating_revenue": 1508828, 
        "long_term_average": 215546, 
        "short_term_average": 194523
    }, 
    {
        "date": "2012-08-31", 
        "operating_revenue": 182880, 
        "accumulated_operating_revenue": 1691708, 
        "long_term_average": 211463, 
        "short_term_average": 191030
    }, 
    {
        "date": "2012-09-30", 
        "operating_revenue": 122626, 
        "accumulated_operating_revenue": 1814334, 
        "long_term_average": 201592, 
        "short_term_average": 158519
    }, 
    {
        "date": "2012-10-31", 
        "operating_revenue": 134730, 
        "accumulated_operating_revenue": 1949064, 
        "long_term_average": 194906, 
        "short_term_average": 146745
    }, 
    {
        "date": "2012-11-30", 
        "operating_revenue": 137119, 
        "accumulated_operating_revenue": 2086183, 
        "long_term_average": 189653, 
        "short_term_average": 131491
    }, 
    {
        "date": "2012-12-31", 
        "operating_revenue": 162339, 
        "accumulated_operating_revenue": 2248522, 
        "long_term_average": 187376, 
        "short_term_average": 144729
    }, 
    {
        "accumulated_operating_revenue_yoy": -34.128614799595205, 
        "accumulated_operating_revenue": 150360, 
        "long_term_average": 180884, 
        "date": "2013-01-31", 
        "operating_revenue": 150360, 
        "short_term_average": 149939
    }, 
    {
        "accumulated_operating_revenue_yoy": -25.691926067230586, 
        "accumulated_operating_revenue": 334610, 
        "long_term_average": 177735, 
        "date": "2013-02-28", 
        "operating_revenue": 184250, 
        "short_term_average": 165649
    }, 
    {
        "accumulated_operating_revenue_yoy": -22.225478970630068, 
        "accumulated_operating_revenue": 538650, 
        "long_term_average": 174549, 
        "date": "2013-03-31", 
        "operating_revenue": 204040, 
        "short_term_average": 179550
    }, 
    {
        "accumulated_operating_revenue_yoy": -15.520519119511404, 
        "accumulated_operating_revenue": 781654, 
        "long_term_average": 175409, 
        "date": "2013-04-30", 
        "operating_revenue": 243004, 
        "short_term_average": 210431
    }, 
    {
        "accumulated_operating_revenue_yoy": -7.611803135654889, 
        "accumulated_operating_revenue": 1033471, 
        "long_term_average": 180281, 
        "date": "2013-05-31", 
        "operating_revenue": 251817, 
        "short_term_average": 232953
    }, 
    {
        "accumulated_operating_revenue_yoy": -6.1601837500700265, 
        "accumulated_operating_revenue": 1256304, 
        "long_term_average": 180504, 
        "date": "2013-06-30", 
        "operating_revenue": 222833, 
        "short_term_average": 239218
    }, 
    {
        "accumulated_operating_revenue_yoy": -6.128597825597086, 
        "accumulated_operating_revenue": 1416358, 
        "long_term_average": 179671, 
        "date": "2013-07-31", 
        "operating_revenue": 160054, 
        "short_term_average": 211568
    }, 
    {
        "accumulated_operating_revenue_yoy": -6.385203593055067, 
        "accumulated_operating_revenue": 1583689, 
        "long_term_average": 178375, 
        "date": "2013-08-31", 
        "operating_revenue": 167331, 
        "short_term_average": 183406
    }, 
    {
        "accumulated_operating_revenue_yoy": -3.961067807801651, 
        "accumulated_operating_revenue": 1742467, 
        "long_term_average": 181387, 
        "date": "2013-09-30", 
        "operating_revenue": 158778, 
        "short_term_average": 162054
    }, 
    {
        "accumulated_operating_revenue_yoy": -3.3919871281805007, 
        "accumulated_operating_revenue": 1882952, 
        "long_term_average": 181867, 
        "date": "2013-10-31", 
        "operating_revenue": 140485, 
        "short_term_average": 155531
    }, 
    {
        "accumulated_operating_revenue_yoy": -3.652603822387585, 
        "accumulated_operating_revenue": 2009983, 
        "long_term_average": 181026, 
        "date": "2013-11-30", 
        "operating_revenue": 127031, 
        "short_term_average": 142098
    }, 
    {
        "accumulated_operating_revenue_yoy": -4.364155654247546, 
        "accumulated_operating_revenue": 2150393, 
        "long_term_average": 179199, 
        "date": "2013-12-31", 
        "operating_revenue": 140410, 
        "short_term_average": 135975
    }, 
    {
        "accumulated_operating_revenue_yoy": -8.995743548816176, 
        "accumulated_operating_revenue": 136834, 
        "long_term_average": 178072, 
        "date": "2014-01-31", 
        "operating_revenue": 136834, 
        "short_term_average": 134758
    }, 
    {
        "accumulated_operating_revenue_yoy": -24.234183078808165, 
        "accumulated_operating_revenue": 253520, 
        "long_term_average": 172441, 
        "date": "2014-02-28", 
        "operating_revenue": 116686, 
        "short_term_average": 131310
    }, 
    {
        "accumulated_operating_revenue_yoy": -30.17673814165042, 
        "accumulated_operating_revenue": 376103, 
        "long_term_average": 165653, 
        "date": "2014-03-31", 
        "operating_revenue": 122583, 
        "short_term_average": 125367
    }, 
    {
        "accumulated_operating_revenue_yoy": -30.930181384602395, 
        "accumulated_operating_revenue": 539887, 
        "long_term_average": 159052, 
        "date": "2014-04-30", 
        "operating_revenue": 163784, 
        "short_term_average": 134351
    }, 
    {
        "accumulated_operating_revenue_yoy": -30.470037378891135, 
        "accumulated_operating_revenue": 718572, 
        "long_term_average": 152957, 
        "date": "2014-05-31", 
        "operating_revenue": 178685, 
        "short_term_average": 155017
    }, 
    {
        "accumulated_operating_revenue_yoy": -28.147645792738064, 
        "accumulated_operating_revenue": 902684, 
        "long_term_average": 149731, 
        "date": "2014-06-30", 
        "operating_revenue": 184112, 
        "short_term_average": 175527
    }, 
    {
        "accumulated_operating_revenue_yoy": -21.649611185872498, 
        "accumulated_operating_revenue": 1109722, 
        "long_term_average": 153646, 
        "date": "2014-07-31", 
        "operating_revenue": 207038, 
        "short_term_average": 189945
    }, 
    {
        "accumulated_operating_revenue_yoy": -16.14496280519723, 
        "accumulated_operating_revenue": 1328003, 
        "long_term_average": 157892, 
        "date": "2014-08-31", 
        "operating_revenue": 218281, 
        "short_term_average": 203143
    }, 
    {
        "accumulated_operating_revenue_yoy": -13.446395254544274, 
        "accumulated_operating_revenue": 1508168, 
        "long_term_average": 159674, 
        "date": "2014-09-30", 
        "operating_revenue": 180165, 
        "short_term_average": 201828
    }, 
    {
        "accumulated_operating_revenue_yoy": -9.353079632406986, 
        "accumulated_operating_revenue": 1706838, 
        "long_term_average": 164523, 
        "date": "2014-10-31", 
        "operating_revenue": 198670, 
        "short_term_average": 199038
    }, 
    {
        "accumulated_operating_revenue_yoy": -6.381447007263246, 
        "accumulated_operating_revenue": 1881717, 
        "long_term_average": 168510, 
        "date": "2014-11-30", 
        "operating_revenue": 174879, 
        "short_term_average": 184571
    }, 
    {
        "accumulated_operating_revenue_yoy": -3.581810394658093, 
        "accumulated_operating_revenue": 2073370, 
        "long_term_average": 172780, 
        "date": "2014-12-31", 
        "operating_revenue": 191653, 
        "short_term_average": 188400
    }, 
    {
        "accumulated_operating_revenue_yoy": 11.816507593142056, 
        "accumulated_operating_revenue": 153003, 
        "long_term_average": 174128, 
        "date": "2015-01-31", 
        "operating_revenue": 153003, 
        "short_term_average": 173178
    }, 
    {
        "accumulated_operating_revenue_yoy": 30.72104764910066, 
        "accumulated_operating_revenue": 331404, 
        "long_term_average": 179271, 
        "date": "2015-02-28", 
        "operating_revenue": 178401, 
        "short_term_average": 174352
    }, 
    {
        "accumulated_operating_revenue_yoy": 39.53730759924808, 
        "accumulated_operating_revenue": 524804, 
        "long_term_average": 185172, 
        "date": "2015-03-31", 
        "operating_revenue": 193400, 
        "short_term_average": 174934
    }, 
    {
        "accumulated_operating_revenue_yoy": 34.23994280284578, 
        "accumulated_operating_revenue": 724744, 
        "long_term_average": 188185, 
        "date": "2015-04-30", 
        "operating_revenue": 199940, 
        "short_term_average": 190580
    }, 
    {
        "accumulated_operating_revenue_yoy": 27.140773645508038, 
        "accumulated_operating_revenue": 913598, 
        "long_term_average": 189033, 
        "date": "2015-05-31", 
        "operating_revenue": 188854, 
        "short_term_average": 194064
    }, 
    {
        "accumulated_operating_revenue_yoy": 30.162382406246262, 
        "accumulated_operating_revenue": 1174955, 
        "long_term_average": 195470, 
        "date": "2015-06-30", 
        "operating_revenue": 261357, 
        "short_term_average": 216717
    }, 
    {
        "accumulated_operating_revenue_yoy": 24.83144427162839, 
        "accumulated_operating_revenue": 1385282, 
        "long_term_average": 195744, 
        "date": "2015-07-31", 
        "operating_revenue": 210327, 
        "short_term_average": 220179
    }, 
    {
        "accumulated_operating_revenue_yoy": 18.80424968919498, 
        "accumulated_operating_revenue": 1577724, 
        "long_term_average": 193590, 
        "date": "2015-08-31", 
        "operating_revenue": 192442, 
        "short_term_average": 221375
    }, 
    {
        "accumulated_operating_revenue_yoy": 17.012759851687612, 
        "accumulated_operating_revenue": 1764749, 
        "long_term_average": 194162, 
        "date": "2015-09-30", 
        "operating_revenue": 187025, 
        "short_term_average": 196598
    }
]