[
    {
        "date": "2011-09-30", 
        "operating_revenue": 299843, 
        "accumulated_operating_revenue": 299843, 
        "long_term_average": 299843, 
        "short_term_average": 299843
    }, 
    {
        "date": "2011-10-31", 
        "operating_revenue": 278143, 
        "accumulated_operating_revenue": 577986, 
        "long_term_average": 288993, 
        "short_term_average": 288993
    }, 
    {
        "date": "2011-11-30", 
        "operating_revenue": 290588, 
        "accumulated_operating_revenue": 868574, 
        "long_term_average": 289524, 
        "short_term_average": 289524
    }, 
    {
        "date": "2011-12-31", 
        "operating_revenue": 279250, 
        "accumulated_operating_revenue": 1147824, 
        "long_term_average": 286956, 
        "short_term_average": 282660
    }, 
    {
        "date": "2012-01-31", 
        "operating_revenue": 265056, 
        "accumulated_operating_revenue": 265056, 
        "long_term_average": 282576, 
        "short_term_average": 278298
    }, 
    {
        "date": "2012-02-29", 
        "operating_revenue": 267584, 
        "accumulated_operating_revenue": 532640, 
        "long_term_average": 280077, 
        "short_term_average": 270630
    }, 
    {
        "date": "2012-03-31", 
        "operating_revenue": 303511, 
        "accumulated_operating_revenue": 836151, 
        "long_term_average": 283425, 
        "short_term_average": 278717
    }, 
    {
        "date": "2012-04-30", 
        "operating_revenue": 321098, 
        "accumulated_operating_revenue": 1157249, 
        "long_term_average": 288134, 
        "short_term_average": 297397
    }, 
    {
        "date": "2012-05-31", 
        "operating_revenue": 322263, 
        "accumulated_operating_revenue": 1479512, 
        "long_term_average": 291926, 
        "short_term_average": 315624
    }, 
    {
        "date": "2012-06-30", 
        "operating_revenue": 291827, 
        "accumulated_operating_revenue": 1771339, 
        "long_term_average": 291916, 
        "short_term_average": 311729
    }, 
    {
        "date": "2012-07-31", 
        "operating_revenue": 301545, 
        "accumulated_operating_revenue": 2072884, 
        "long_term_average": 292791, 
        "short_term_average": 305211
    }, 
    {
        "date": "2012-08-31", 
        "operating_revenue": 307726, 
        "accumulated_operating_revenue": 2380610, 
        "long_term_average": 294036, 
        "short_term_average": 300366
    }, 
    {
        "accumulated_operating_revenue_yoy": 802.940538882015, 
        "accumulated_operating_revenue": 2707404, 
        "long_term_average": 296282, 
        "date": "2012-09-30", 
        "operating_revenue": 326794, 
        "short_term_average": 312021
    }, 
    {
        "accumulated_operating_revenue_yoy": 418.4372977892198, 
        "accumulated_operating_revenue": 2996495, 
        "long_term_average": 297194, 
        "date": "2012-10-31", 
        "operating_revenue": 289091, 
        "short_term_average": 307870
    }, 
    {
        "accumulated_operating_revenue_yoy": 278.4503105089492, 
        "accumulated_operating_revenue": 3287121, 
        "long_term_average": 297197, 
        "date": "2012-11-30", 
        "operating_revenue": 290626, 
        "short_term_average": 302170
    }, 
    {
        "accumulated_operating_revenue_yoy": 211.73812361477022, 
        "accumulated_operating_revenue": 3578205, 
        "long_term_average": 298183, 
        "date": "2012-12-31", 
        "operating_revenue": 291084, 
        "short_term_average": 290267
    }, 
    {
        "accumulated_operating_revenue_yoy": 26.243133526500063, 
        "accumulated_operating_revenue": 334615, 
        "long_term_average": 303980, 
        "date": "2013-01-31", 
        "operating_revenue": 334615, 
        "short_term_average": 305441
    }, 
    {
        "accumulated_operating_revenue_yoy": 8.926291679182938, 
        "accumulated_operating_revenue": 580185, 
        "long_term_average": 302145, 
        "date": "2013-02-28", 
        "operating_revenue": 245570, 
        "short_term_average": 290423
    }, 
    {
        "accumulated_operating_revenue_yoy": 7.962796193510502, 
        "accumulated_operating_revenue": 902732, 
        "long_term_average": 303732, 
        "date": "2013-03-31", 
        "operating_revenue": 322547, 
        "short_term_average": 300910
    }, 
    {
        "accumulated_operating_revenue_yoy": 7.872895115917144, 
        "accumulated_operating_revenue": 1248358, 
        "long_term_average": 305776, 
        "date": "2013-04-30", 
        "operating_revenue": 345626, 
        "short_term_average": 304581
    }, 
    {
        "accumulated_operating_revenue_yoy": 6.837592395330352, 
        "accumulated_operating_revenue": 1580675, 
        "long_term_average": 306614, 
        "date": "2013-05-31", 
        "operating_revenue": 332317, 
        "short_term_average": 333496
    }, 
    {
        "accumulated_operating_revenue_yoy": 5.375594394974649, 
        "accumulated_operating_revenue": 1866559, 
        "long_term_average": 306118, 
        "date": "2013-06-30", 
        "operating_revenue": 285884, 
        "short_term_average": 321275
    }, 
    {
        "accumulated_operating_revenue_yoy": 5.624386120979273, 
        "accumulated_operating_revenue": 2189471, 
        "long_term_average": 307899, 
        "date": "2013-07-31", 
        "operating_revenue": 322912, 
        "short_term_average": 313704
    }, 
    {
        "accumulated_operating_revenue_yoy": 5.057233230138494, 
        "accumulated_operating_revenue": 2501003, 
        "long_term_average": 308216, 
        "date": "2013-08-31", 
        "operating_revenue": 311532, 
        "short_term_average": 306776
    }, 
    {
        "accumulated_operating_revenue_yoy": 5.406839910113156, 
        "accumulated_operating_revenue": 2853789, 
        "long_term_average": 310382, 
        "date": "2013-09-30", 
        "operating_revenue": 352786, 
        "short_term_average": 329076
    }, 
    {
        "accumulated_operating_revenue_yoy": 4.280634541355818, 
        "accumulated_operating_revenue": 3124764, 
        "long_term_average": 308872, 
        "date": "2013-10-31", 
        "operating_revenue": 270975, 
        "short_term_average": 311764
    }, 
    {
        "accumulated_operating_revenue_yoy": 3.942446901102819, 
        "accumulated_operating_revenue": 3416714, 
        "long_term_average": 308983, 
        "date": "2013-11-30", 
        "operating_revenue": 291950, 
        "short_term_average": 305237
    }, 
    {
        "accumulated_operating_revenue_yoy": 3.345895497882318, 
        "accumulated_operating_revenue": 3697928, 
        "long_term_average": 308160, 
        "date": "2013-12-31", 
        "operating_revenue": 281214, 
        "short_term_average": 281379
    }, 
    {
        "accumulated_operating_revenue_yoy": -0.26000029885091824, 
        "accumulated_operating_revenue": 333745, 
        "long_term_average": 308088, 
        "date": "2014-01-31", 
        "operating_revenue": 333745, 
        "short_term_average": 302303
    }, 
    {
        "accumulated_operating_revenue_yoy": 0.15391642320983823, 
        "accumulated_operating_revenue": 581078, 
        "long_term_average": 308235, 
        "date": "2014-02-28", 
        "operating_revenue": 247333, 
        "short_term_average": 287430
    }, 
    {
        "accumulated_operating_revenue_yoy": 0.2676320325412193, 
        "accumulated_operating_revenue": 905148, 
        "long_term_average": 308362, 
        "date": "2014-03-31", 
        "operating_revenue": 324070, 
        "short_term_average": 301716
    }, 
    {
        "accumulated_operating_revenue_yoy": -0.2351889441970973, 
        "accumulated_operating_revenue": 1245422, 
        "long_term_average": 307916, 
        "date": "2014-04-30", 
        "operating_revenue": 340274, 
        "short_term_average": 303892
    }, 
    {
        "accumulated_operating_revenue_yoy": -0.09685735524380408, 
        "accumulated_operating_revenue": 1579144, 
        "long_term_average": 308033, 
        "date": "2014-05-31", 
        "operating_revenue": 333722, 
        "short_term_average": 332688
    }, 
    {
        "accumulated_operating_revenue_yoy": -0.3505380756782936, 
        "accumulated_operating_revenue": 1860016, 
        "long_term_average": 307615, 
        "date": "2014-06-30", 
        "operating_revenue": 280872, 
        "short_term_average": 318289
    }, 
    {
        "accumulated_operating_revenue_yoy": 0.9053785138053895, 
        "accumulated_operating_revenue": 2209294, 
        "long_term_average": 309812, 
        "date": "2014-07-31", 
        "operating_revenue": 349278, 
        "short_term_average": 321290
    }, 
    {
        "accumulated_operating_revenue_yoy": 2.338181921413129, 
        "accumulated_operating_revenue": 2559481, 
        "long_term_average": 313033, 
        "date": "2014-08-31", 
        "operating_revenue": 350187, 
        "short_term_average": 326779
    }, 
    {
        "accumulated_operating_revenue_yoy": 2.346704679287782, 
        "accumulated_operating_revenue": 2920759, 
        "long_term_average": 313741, 
        "date": "2014-09-30", 
        "operating_revenue": 361278, 
        "short_term_average": 353581
    }, 
    {
        "accumulated_operating_revenue_yoy": 4.0164313208933535, 
        "accumulated_operating_revenue": 3250268, 
        "long_term_average": 318619, 
        "date": "2014-10-31", 
        "operating_revenue": 329509, 
        "short_term_average": 346991
    }, 
    {
        "accumulated_operating_revenue_yoy": 4.911092939005138, 
        "accumulated_operating_revenue": 3584512, 
        "long_term_average": 322143, 
        "date": "2014-11-30", 
        "operating_revenue": 334244, 
        "short_term_average": 341677
    }, 
    {
        "accumulated_operating_revenue_yoy": 6.619382529892416, 
        "accumulated_operating_revenue": 3942708, 
        "long_term_average": 328559, 
        "date": "2014-12-31", 
        "operating_revenue": 358196, 
        "short_term_average": 340649
    }, 
    {
        "accumulated_operating_revenue_yoy": 27.22018307390373, 
        "accumulated_operating_revenue": 424591, 
        "long_term_average": 336129, 
        "date": "2015-01-31", 
        "operating_revenue": 424591, 
        "short_term_average": 372343
    }, 
    {
        "accumulated_operating_revenue_yoy": 29.281438980653203, 
        "accumulated_operating_revenue": 751226, 
        "long_term_average": 342738, 
        "date": "2015-02-28", 
        "operating_revenue": 326635, 
        "short_term_average": 369807
    }, 
    {
        "accumulated_operating_revenue_yoy": 28.605156283834244, 
        "accumulated_operating_revenue": 1164067, 
        "long_term_average": 350135, 
        "date": "2015-03-31", 
        "operating_revenue": 412841, 
        "short_term_average": 388022
    }, 
    {
        "accumulated_operating_revenue_yoy": 27.60807180216826, 
        "accumulated_operating_revenue": 1589259, 
        "long_term_average": 357212, 
        "date": "2015-04-30", 
        "operating_revenue": 425192, 
        "short_term_average": 388222
    }, 
    {
        "accumulated_operating_revenue_yoy": 26.006494657865275, 
        "accumulated_operating_revenue": 1989824, 
        "long_term_average": 362782, 
        "date": "2015-05-31", 
        "operating_revenue": 400565, 
        "short_term_average": 412866
    }, 
    {
        "accumulated_operating_revenue_yoy": 26.935628510722488, 
        "accumulated_operating_revenue": 2361023, 
        "long_term_average": 370309, 
        "date": "2015-06-30", 
        "operating_revenue": 371199, 
        "short_term_average": 398985
    }, 
    {
        "accumulated_operating_revenue_yoy": 24.983320463460274, 
        "accumulated_operating_revenue": 2761249, 
        "long_term_average": 374555, 
        "date": "2015-07-31", 
        "operating_revenue": 400226, 
        "short_term_average": 390663
    }, 
    {
        "accumulated_operating_revenue_yoy": 23.598534234088863, 
        "accumulated_operating_revenue": 3163481, 
        "long_term_average": 378892, 
        "date": "2015-08-31", 
        "operating_revenue": 402232, 
        "short_term_average": 391219
    }, 
    {
        "accumulated_operating_revenue_yoy": 22.445706749512713, 
        "accumulated_operating_revenue": 3576344, 
        "long_term_average": 383191, 
        "date": "2015-09-30", 
        "operating_revenue": 412863, 
        "short_term_average": 405107
    }
]