[
    {
        "date": "2011-09-30", 
        "operating_revenue": 1209445, 
        "accumulated_operating_revenue": 1209445, 
        "long_term_average": 1209445, 
        "short_term_average": 1209445
    }, 
    {
        "date": "2011-10-31", 
        "operating_revenue": 1143428, 
        "accumulated_operating_revenue": 2352873, 
        "long_term_average": 1176436, 
        "short_term_average": 1176436
    }, 
    {
        "date": "2011-11-30", 
        "operating_revenue": 1117512, 
        "accumulated_operating_revenue": 3470385, 
        "long_term_average": 1156795, 
        "short_term_average": 1156795
    }, 
    {
        "date": "2011-12-31", 
        "operating_revenue": 1101938, 
        "accumulated_operating_revenue": 4572323, 
        "long_term_average": 1143080, 
        "short_term_average": 1120959
    }, 
    {
        "date": "2012-01-31", 
        "operating_revenue": 791169, 
        "accumulated_operating_revenue": 791169, 
        "long_term_average": 1072698, 
        "short_term_average": 1003539
    }, 
    {
        "date": "2012-02-29", 
        "operating_revenue": 880111, 
        "accumulated_operating_revenue": 1671280, 
        "long_term_average": 1040600, 
        "short_term_average": 924406
    }, 
    {
        "date": "2012-03-31", 
        "operating_revenue": 978293, 
        "accumulated_operating_revenue": 2649573, 
        "long_term_average": 1031699, 
        "short_term_average": 883191
    }, 
    {
        "date": "2012-04-30", 
        "operating_revenue": 882059, 
        "accumulated_operating_revenue": 3531632, 
        "long_term_average": 1012994, 
        "short_term_average": 913487
    }, 
    {
        "date": "2012-05-31", 
        "operating_revenue": 1166205, 
        "accumulated_operating_revenue": 4697837, 
        "long_term_average": 1030017, 
        "short_term_average": 1008852
    }, 
    {
        "date": "2012-06-30", 
        "operating_revenue": 1077589, 
        "accumulated_operating_revenue": 5775426, 
        "long_term_average": 1034774, 
        "short_term_average": 1041951
    }, 
    {
        "date": "2012-07-31", 
        "operating_revenue": 1072996, 
        "accumulated_operating_revenue": 6848422, 
        "long_term_average": 1038249, 
        "short_term_average": 1105596
    }, 
    {
        "date": "2012-08-31", 
        "operating_revenue": 1101072, 
        "accumulated_operating_revenue": 7949494, 
        "long_term_average": 1043484, 
        "short_term_average": 1083885
    }, 
    {
        "accumulated_operating_revenue_yoy": 634.285560732402, 
        "accumulated_operating_revenue": 8880780, 
        "long_term_average": 1020304, 
        "date": "2012-09-30", 
        "operating_revenue": 931286, 
        "short_term_average": 1035118
    }, 
    {
        "accumulated_operating_revenue_yoy": 320.4378646871293, 
        "accumulated_operating_revenue": 9892369, 
        "long_term_average": 1009318, 
        "date": "2012-10-31", 
        "operating_revenue": 1011589, 
        "short_term_average": 1014649
    }, 
    {
        "accumulated_operating_revenue_yoy": 215.06463980221216, 
        "accumulated_operating_revenue": 10933956, 
        "long_term_average": 1002991, 
        "date": "2012-11-30", 
        "operating_revenue": 1041587, 
        "short_term_average": 994820
    }, 
    {
        "accumulated_operating_revenue_yoy": 159.87969353871108, 
        "accumulated_operating_revenue": 11882539, 
        "long_term_average": 990211, 
        "date": "2012-12-31", 
        "operating_revenue": 948583, 
        "short_term_average": 1000586
    }, 
    {
        "accumulated_operating_revenue_yoy": 16.283878665620115, 
        "accumulated_operating_revenue": 920002, 
        "long_term_average": 1000947, 
        "date": "2013-01-31", 
        "operating_revenue": 920002, 
        "short_term_average": 970057
    }, 
    {
        "accumulated_operating_revenue_yoy": -0.9396390790292469, 
        "accumulated_operating_revenue": 1655576, 
        "long_term_average": 988902, 
        "date": "2013-02-28", 
        "operating_revenue": 735574, 
        "short_term_average": 868053
    }, 
    {
        "accumulated_operating_revenue_yoy": -1.5466265696397117, 
        "accumulated_operating_revenue": 2608594, 
        "long_term_average": 986796, 
        "date": "2013-03-31", 
        "operating_revenue": 953018, 
        "short_term_average": 869531
    }, 
    {
        "accumulated_operating_revenue_yoy": 0.08378562658850072, 
        "accumulated_operating_revenue": 3534591, 
        "long_term_average": 990458, 
        "date": "2013-04-30", 
        "operating_revenue": 925997, 
        "short_term_average": 871529
    }, 
    {
        "accumulated_operating_revenue_yoy": -3.0007639686093834, 
        "accumulated_operating_revenue": 4556866, 
        "long_term_average": 978464, 
        "date": "2013-05-31", 
        "operating_revenue": 1022275, 
        "short_term_average": 967096
    }, 
    {
        "accumulated_operating_revenue_yoy": -2.485201957396736, 
        "accumulated_operating_revenue": 5631895, 
        "long_term_average": 978250, 
        "date": "2013-06-30", 
        "operating_revenue": 1075029, 
        "short_term_average": 1007767
    }, 
    {
        "accumulated_operating_revenue_yoy": -1.1541344852872675, 
        "accumulated_operating_revenue": 6769382, 
        "long_term_average": 983624, 
        "date": "2013-07-31", 
        "operating_revenue": 1137487, 
        "short_term_average": 1078263
    }, 
    {
        "accumulated_operating_revenue_yoy": -0.11258578218940729, 
        "accumulated_operating_revenue": 7940544, 
        "long_term_average": 989465, 
        "date": "2013-08-31", 
        "operating_revenue": 1171162, 
        "short_term_average": 1127892
    }, 
    {
        "accumulated_operating_revenue_yoy": 1.7984568923000006, 
        "accumulated_operating_revenue": 9040497, 
        "long_term_average": 1003521, 
        "date": "2013-09-30", 
        "operating_revenue": 1099953, 
        "short_term_average": 1136200
    }, 
    {
        "accumulated_operating_revenue_yoy": 1.8642450559618229, 
        "accumulated_operating_revenue": 10076787, 
        "long_term_average": 1005579, 
        "date": "2013-10-31", 
        "operating_revenue": 1036290, 
        "short_term_average": 1102468
    }, 
    {
        "accumulated_operating_revenue_yoy": 0.8636124015863975, 
        "accumulated_operating_revenue": 11028383, 
        "long_term_average": 998080, 
        "date": "2013-11-30", 
        "operating_revenue": 951596, 
        "short_term_average": 1029279
    }, 
    {
        "accumulated_operating_revenue_yoy": 1.6709307665642839, 
        "accumulated_operating_revenue": 12081088, 
        "long_term_average": 1006757, 
        "date": "2013-12-31", 
        "operating_revenue": 1052705, 
        "short_term_average": 1013530
    }, 
    {
        "accumulated_operating_revenue_yoy": 1.0330412325190597, 
        "accumulated_operating_revenue": 929506, 
        "long_term_average": 1007549, 
        "date": "2014-01-31", 
        "operating_revenue": 929506, 
        "short_term_average": 977935
    }, 
    {
        "accumulated_operating_revenue_yoy": 5.342793082286769, 
        "accumulated_operating_revenue": 1744030, 
        "long_term_average": 1014128, 
        "date": "2014-02-28", 
        "operating_revenue": 814524, 
        "short_term_average": 932245
    }, 
    {
        "accumulated_operating_revenue_yoy": 6.449489648446634, 
        "accumulated_operating_revenue": 2776835, 
        "long_term_average": 1020777, 
        "date": "2014-03-31", 
        "operating_revenue": 1032805, 
        "short_term_average": 925611
    }, 
    {
        "accumulated_operating_revenue_yoy": 8.687511511232842, 
        "accumulated_operating_revenue": 3841659, 
        "long_term_average": 1032346, 
        "date": "2014-04-30", 
        "operating_revenue": 1064824, 
        "short_term_average": 970717
    }, 
    {
        "accumulated_operating_revenue_yoy": 8.611861748842296, 
        "accumulated_operating_revenue": 4949297, 
        "long_term_average": 1039459, 
        "date": "2014-05-31", 
        "operating_revenue": 1107638, 
        "short_term_average": 1068422
    }, 
    {
        "accumulated_operating_revenue_yoy": 7.7507304379786905, 
        "accumulated_operating_revenue": 6068408, 
        "long_term_average": 1043133, 
        "date": "2014-06-30", 
        "operating_revenue": 1119111, 
        "short_term_average": 1097191
    }, 
    {
        "accumulated_operating_revenue_yoy": 6.504995581575984, 
        "accumulated_operating_revenue": 7209730, 
        "long_term_average": 1043453, 
        "date": "2014-07-31", 
        "operating_revenue": 1141322, 
        "short_term_average": 1122690
    }, 
    {
        "accumulated_operating_revenue_yoy": 4.888367849860161, 
        "accumulated_operating_revenue": 8328707, 
        "long_term_average": 1039104, 
        "date": "2014-08-31", 
        "operating_revenue": 1118977, 
        "short_term_average": 1126470
    }, 
    {
        "accumulated_operating_revenue_yoy": 4.325171503292352, 
        "accumulated_operating_revenue": 9431514, 
        "long_term_average": 1039342, 
        "date": "2014-09-30", 
        "operating_revenue": 1102807, 
        "short_term_average": 1121035
    }, 
    {
        "accumulated_operating_revenue_yoy": 4.703324581535762, 
        "accumulated_operating_revenue": 10550731, 
        "long_term_average": 1046252, 
        "date": "2014-10-31", 
        "operating_revenue": 1119217, 
        "short_term_average": 1113667
    }, 
    {
        "accumulated_operating_revenue_yoy": 4.146691314583471, 
        "accumulated_operating_revenue": 11485696, 
        "long_term_average": 1044866, 
        "date": "2014-11-30", 
        "operating_revenue": 934965, 
        "short_term_average": 1052329
    }, 
    {
        "accumulated_operating_revenue_yoy": 2.937583105097819, 
        "accumulated_operating_revenue": 12435980, 
        "long_term_average": 1036331, 
        "date": "2014-12-31", 
        "operating_revenue": 950284, 
        "short_term_average": 1001488
    }, 
    {
        "accumulated_operating_revenue_yoy": -1.123822761768079, 
        "accumulated_operating_revenue": 919060, 
        "long_term_average": 1035461, 
        "date": "2015-01-31", 
        "operating_revenue": 919060, 
        "short_term_average": 934769
    }, 
    {
        "accumulated_operating_revenue_yoy": -9.688996175524503, 
        "accumulated_operating_revenue": 1575051, 
        "long_term_average": 1022250, 
        "date": "2015-02-28", 
        "operating_revenue": 655991, 
        "short_term_average": 841778
    }, 
    {
        "accumulated_operating_revenue_yoy": -11.20225004366482, 
        "accumulated_operating_revenue": 2465767, 
        "long_term_average": 1010409, 
        "date": "2015-03-31", 
        "operating_revenue": 890716, 
        "short_term_average": 821922
    }, 
    {
        "accumulated_operating_revenue_yoy": -13.786569812677282, 
        "accumulated_operating_revenue": 3312026, 
        "long_term_average": 992195, 
        "date": "2015-04-30", 
        "operating_revenue": 846259, 
        "short_term_average": 797655
    }, 
    {
        "accumulated_operating_revenue_yoy": -14.795091100816945, 
        "accumulated_operating_revenue": 4217044, 
        "long_term_average": 975310, 
        "date": "2015-05-31", 
        "operating_revenue": 905018, 
        "short_term_average": 880664
    }, 
    {
        "accumulated_operating_revenue_yoy": -15.286875898917804, 
        "accumulated_operating_revenue": 5140738, 
        "long_term_average": 959025, 
        "date": "2015-06-30", 
        "operating_revenue": 923694, 
        "short_term_average": 891657
    }, 
    {
        "accumulated_operating_revenue_yoy": -16.31965413406605, 
        "accumulated_operating_revenue": 6033127, 
        "long_term_average": 938281, 
        "date": "2015-07-31", 
        "operating_revenue": 892389, 
        "short_term_average": 907033
    }, 
    {
        "accumulated_operating_revenue_yoy": -15.834954933580928, 
        "accumulated_operating_revenue": 7009860, 
        "long_term_average": 926427, 
        "date": "2015-08-31", 
        "operating_revenue": 976733, 
        "short_term_average": 930938
    }, 
    {
        "accumulated_operating_revenue_yoy": -14.35477909485158, 
        "accumulated_operating_revenue": 8077641, 
        "long_term_average": 923508, 
        "date": "2015-09-30", 
        "operating_revenue": 1067781, 
        "short_term_average": 978967
    }
]