[
    {
        "date": "2012-01-31", 
        "operating_revenue": 515971, 
        "accumulated_operating_revenue": 515971, 
        "long_term_average": 515971, 
        "short_term_average": 515971
    }, 
    {
        "date": "2012-02-29", 
        "operating_revenue": 479907, 
        "accumulated_operating_revenue": 995878, 
        "long_term_average": 497939, 
        "short_term_average": 497939
    }, 
    {
        "date": "2012-03-31", 
        "operating_revenue": 540982, 
        "accumulated_operating_revenue": 1536860, 
        "long_term_average": 512286, 
        "short_term_average": 512286
    }, 
    {
        "date": "2012-04-30", 
        "operating_revenue": 563266, 
        "accumulated_operating_revenue": 2100126, 
        "long_term_average": 525031, 
        "short_term_average": 528051
    }, 
    {
        "date": "2012-05-31", 
        "operating_revenue": 666486, 
        "accumulated_operating_revenue": 2766612, 
        "long_term_average": 553322, 
        "short_term_average": 590244
    }, 
    {
        "date": "2012-06-30", 
        "operating_revenue": 656671, 
        "accumulated_operating_revenue": 3423283, 
        "long_term_average": 570547, 
        "short_term_average": 628807
    }, 
    {
        "date": "2012-07-31", 
        "operating_revenue": 687648, 
        "accumulated_operating_revenue": 4110931, 
        "long_term_average": 587275, 
        "short_term_average": 670268
    }, 
    {
        "date": "2012-08-31", 
        "operating_revenue": 627017, 
        "accumulated_operating_revenue": 4737948, 
        "long_term_average": 592243, 
        "short_term_average": 657112
    }, 
    {
        "date": "2012-09-30", 
        "operating_revenue": 721593, 
        "accumulated_operating_revenue": 5459541, 
        "long_term_average": 606615, 
        "short_term_average": 678752
    }, 
    {
        "date": "2012-10-31", 
        "operating_revenue": 746742, 
        "accumulated_operating_revenue": 6206283, 
        "long_term_average": 620628, 
        "short_term_average": 698450
    }, 
    {
        "date": "2012-11-30", 
        "operating_revenue": 621751, 
        "accumulated_operating_revenue": 6828034, 
        "long_term_average": 620730, 
        "short_term_average": 696695
    }, 
    {
        "date": "2012-12-31", 
        "operating_revenue": 539038, 
        "accumulated_operating_revenue": 7367072, 
        "long_term_average": 613922, 
        "short_term_average": 635843
    }, 
    {
        "accumulated_operating_revenue_yoy": 33.296444955239735, 
        "accumulated_operating_revenue": 687771, 
        "long_term_average": 628239, 
        "date": "2013-01-31", 
        "operating_revenue": 687771, 
        "short_term_average": 616186
    }, 
    {
        "accumulated_operating_revenue_yoy": 22.152111001548384, 
        "accumulated_operating_revenue": 1216486, 
        "long_term_average": 632306, 
        "date": "2013-02-28", 
        "operating_revenue": 528715, 
        "short_term_average": 585174
    }, 
    {
        "accumulated_operating_revenue_yoy": 21.43467850031883, 
        "accumulated_operating_revenue": 1866281, 
        "long_term_average": 641374, 
        "date": "2013-03-31", 
        "operating_revenue": 649795, 
        "short_term_average": 622093
    }, 
    {
        "accumulated_operating_revenue_yoy": 21.961491834299466, 
        "accumulated_operating_revenue": 2561345, 
        "long_term_average": 652357, 
        "date": "2013-04-30", 
        "operating_revenue": 695064, 
        "short_term_average": 624524
    }, 
    {
        "accumulated_operating_revenue_yoy": 18.916313527158852, 
        "accumulated_operating_revenue": 3289953, 
        "long_term_average": 657534, 
        "date": "2013-05-31", 
        "operating_revenue": 728608, 
        "short_term_average": 691155
    }, 
    {
        "accumulated_operating_revenue_yoy": 17.630794766310586, 
        "accumulated_operating_revenue": 4026835, 
        "long_term_average": 664218, 
        "date": "2013-06-30", 
        "operating_revenue": 736882, 
        "short_term_average": 720184
    }, 
    {
        "accumulated_operating_revenue_yoy": 13.049696042088762, 
        "accumulated_operating_revenue": 4647395, 
        "long_term_average": 658628, 
        "date": "2013-07-31", 
        "operating_revenue": 620560, 
        "short_term_average": 695350
    }, 
    {
        "accumulated_operating_revenue_yoy": 11.292736855702088, 
        "accumulated_operating_revenue": 5272992, 
        "long_term_average": 658509, 
        "date": "2013-08-31", 
        "operating_revenue": 625597, 
        "short_term_average": 661013
    }, 
    {
        "accumulated_operating_revenue_yoy": 8.47567588557353, 
        "accumulated_operating_revenue": 5922274, 
        "long_term_average": 652483, 
        "date": "2013-09-30", 
        "operating_revenue": 649282, 
        "short_term_average": 631813
    }, 
    {
        "accumulated_operating_revenue_yoy": 5.656751392097331, 
        "accumulated_operating_revenue": 6557357, 
        "long_term_average": 643178, 
        "date": "2013-10-31", 
        "operating_revenue": 635083, 
        "short_term_average": 636654
    }, 
    {
        "accumulated_operating_revenue_yoy": 5.165469299069103, 
        "accumulated_operating_revenue": 7180734, 
        "long_term_average": 643314, 
        "date": "2013-11-30", 
        "operating_revenue": 623377, 
        "short_term_average": 635914
    }, 
    {
        "accumulated_operating_revenue_yoy": 5.80231875024433, 
        "accumulated_operating_revenue": 7794533, 
        "long_term_average": 649544, 
        "date": "2013-12-31", 
        "operating_revenue": 613799, 
        "short_term_average": 624086
    }, 
    {
        "accumulated_operating_revenue_yoy": -18.099919886124887, 
        "accumulated_operating_revenue": 563285, 
        "long_term_average": 639170, 
        "date": "2014-01-31", 
        "operating_revenue": 563285, 
        "short_term_average": 600153
    }, 
    {
        "accumulated_operating_revenue_yoy": -12.414035180018512, 
        "accumulated_operating_revenue": 1065471, 
        "long_term_average": 636959, 
        "date": "2014-02-28", 
        "operating_revenue": 502186, 
        "short_term_average": 559756
    }, 
    {
        "accumulated_operating_revenue_yoy": -8.610439692629352, 
        "accumulated_operating_revenue": 1705586, 
        "long_term_average": 636153, 
        "date": "2014-03-31", 
        "operating_revenue": 640115, 
        "short_term_average": 568528
    }, 
    {
        "accumulated_operating_revenue_yoy": -4.7729220390068505, 
        "accumulated_operating_revenue": 2439094, 
        "long_term_average": 639356, 
        "date": "2014-04-30", 
        "operating_revenue": 733508, 
        "short_term_average": 625269
    }, 
    {
        "accumulated_operating_revenue_yoy": -3.4703535278467506, 
        "accumulated_operating_revenue": 3175780, 
        "long_term_average": 640030, 
        "date": "2014-05-31", 
        "operating_revenue": 736686, 
        "short_term_average": 703436
    }, 
    {
        "accumulated_operating_revenue_yoy": -5.163087139155192, 
        "accumulated_operating_revenue": 3818926, 
        "long_term_average": 632218, 
        "date": "2014-06-30", 
        "operating_revenue": 643146, 
        "short_term_average": 704446
    }, 
    {
        "accumulated_operating_revenue_yoy": -3.552592366261099, 
        "accumulated_operating_revenue": 4482292, 
        "long_term_average": 635785, 
        "date": "2014-07-31", 
        "operating_revenue": 663366, 
        "short_term_average": 681066
    }, 
    {
        "accumulated_operating_revenue_yoy": -2.3220782432440634, 
        "accumulated_operating_revenue": 5150549, 
        "long_term_average": 639340, 
        "date": "2014-08-31", 
        "operating_revenue": 668257, 
        "short_term_average": 658256
    }, 
    {
        "accumulated_operating_revenue_yoy": -1.7190862834107306, 
        "accumulated_operating_revenue": 5820465, 
        "long_term_average": 641060, 
        "date": "2014-09-30", 
        "operating_revenue": 669916, 
        "short_term_average": 667179
    }, 
    {
        "accumulated_operating_revenue_yoy": -1.5467054790520023, 
        "accumulated_operating_revenue": 6455934, 
        "long_term_average": 641092, 
        "date": "2014-10-31", 
        "operating_revenue": 635469, 
        "short_term_average": 657880
    }, 
    {
        "accumulated_operating_revenue_yoy": -1.9361530450786786, 
        "accumulated_operating_revenue": 7041704, 
        "long_term_average": 637958, 
        "date": "2014-11-30", 
        "operating_revenue": 585770, 
        "short_term_average": 630385
    }, 
    {
        "accumulated_operating_revenue_yoy": -1.3882935642199474, 
        "accumulated_operating_revenue": 7686322, 
        "long_term_average": 640526, 
        "date": "2014-12-31", 
        "operating_revenue": 644618, 
        "short_term_average": 621952
    }, 
    {
        "accumulated_operating_revenue_yoy": 18.583132872347036, 
        "accumulated_operating_revenue": 667961, 
        "long_term_average": 649249, 
        "date": "2015-01-31", 
        "operating_revenue": 667961, 
        "short_term_average": 632783
    }, 
    {
        "accumulated_operating_revenue_yoy": 5.939626700304372, 
        "accumulated_operating_revenue": 1128756, 
        "long_term_average": 645800, 
        "date": "2015-02-28", 
        "operating_revenue": 460795, 
        "short_term_average": 591124
    }, 
    {
        "accumulated_operating_revenue_yoy": -1.241684676117182, 
        "accumulated_operating_revenue": 1684408, 
        "long_term_average": 638762, 
        "date": "2015-03-31", 
        "operating_revenue": 555652, 
        "short_term_average": 561469
    }, 
    {
        "accumulated_operating_revenue_yoy": -8.635829533425115, 
        "accumulated_operating_revenue": 2228458, 
        "long_term_average": 622973, 
        "date": "2015-04-30", 
        "operating_revenue": 544050, 
        "short_term_average": 520165
    }, 
    {
        "accumulated_operating_revenue_yoy": -14.55242491608361, 
        "accumulated_operating_revenue": 2713627, 
        "long_term_average": 602014, 
        "date": "2015-05-31", 
        "operating_revenue": 485169, 
        "short_term_average": 528290
    }, 
    {
        "accumulated_operating_revenue_yoy": -16.121705421890866, 
        "accumulated_operating_revenue": 3203250, 
        "long_term_average": 589220, 
        "date": "2015-06-30", 
        "operating_revenue": 489623, 
        "short_term_average": 506280
    }, 
    {
        "accumulated_operating_revenue_yoy": -16.978902757785523, 
        "accumulated_operating_revenue": 3721248, 
        "long_term_average": 577106, 
        "date": "2015-07-31", 
        "operating_revenue": 517998, 
        "short_term_average": 497596
    }, 
    {
        "accumulated_operating_revenue_yoy": -17.40882379723016, 
        "accumulated_operating_revenue": 4253899, 
        "long_term_average": 565806, 
        "date": "2015-08-31", 
        "operating_revenue": 532651, 
        "short_term_average": 513424
    }, 
    {
        "accumulated_operating_revenue_yoy": -16.053390923233795, 
        "accumulated_operating_revenue": 4886083, 
        "long_term_average": 562661, 
        "date": "2015-09-30", 
        "operating_revenue": 632184, 
        "short_term_average": 560944
    }
]