[
    {
        "date": "2011-09-30", 
        "operating_revenue": 1227309, 
        "accumulated_operating_revenue": 1227309, 
        "long_term_average": 1227309, 
        "short_term_average": 1227309
    }, 
    {
        "date": "2011-10-31", 
        "operating_revenue": 1205961, 
        "accumulated_operating_revenue": 2433270, 
        "long_term_average": 1216635, 
        "short_term_average": 1216635
    }, 
    {
        "date": "2011-11-30", 
        "operating_revenue": 1182727, 
        "accumulated_operating_revenue": 3615997, 
        "long_term_average": 1205332, 
        "short_term_average": 1205332
    }, 
    {
        "date": "2011-12-31", 
        "operating_revenue": 1027192, 
        "accumulated_operating_revenue": 4643189, 
        "long_term_average": 1160797, 
        "short_term_average": 1138626
    }, 
    {
        "date": "2012-01-31", 
        "operating_revenue": 950980, 
        "accumulated_operating_revenue": 950980, 
        "long_term_average": 1118833, 
        "short_term_average": 1053633
    }, 
    {
        "date": "2012-02-29", 
        "operating_revenue": 923113, 
        "accumulated_operating_revenue": 1874093, 
        "long_term_average": 1086213, 
        "short_term_average": 967095
    }, 
    {
        "date": "2012-03-31", 
        "operating_revenue": 1112870, 
        "accumulated_operating_revenue": 2986963, 
        "long_term_average": 1090021, 
        "short_term_average": 995654
    }, 
    {
        "date": "2012-04-30", 
        "operating_revenue": 1101279, 
        "accumulated_operating_revenue": 4088242, 
        "long_term_average": 1091428, 
        "short_term_average": 1045754
    }, 
    {
        "date": "2012-05-31", 
        "operating_revenue": 1297033, 
        "accumulated_operating_revenue": 5385275, 
        "long_term_average": 1114273, 
        "short_term_average": 1170394
    }, 
    {
        "date": "2012-06-30", 
        "operating_revenue": 1295541, 
        "accumulated_operating_revenue": 6680816, 
        "long_term_average": 1132400, 
        "short_term_average": 1231284
    }, 
    {
        "date": "2012-07-31", 
        "operating_revenue": 1238823, 
        "accumulated_operating_revenue": 7919639, 
        "long_term_average": 1142075, 
        "short_term_average": 1277132
    }, 
    {
        "date": "2012-08-31", 
        "operating_revenue": 1199383, 
        "accumulated_operating_revenue": 9119022, 
        "long_term_average": 1146850, 
        "short_term_average": 1244582
    }, 
    {
        "accumulated_operating_revenue_yoy": 731.1070806129508, 
        "accumulated_operating_revenue": 10200252, 
        "long_term_average": 1134677, 
        "date": "2012-09-30", 
        "operating_revenue": 1081230, 
        "short_term_average": 1173145
    }, 
    {
        "accumulated_operating_revenue_yoy": 362.3475816493854, 
        "accumulated_operating_revenue": 11250165, 
        "long_term_average": 1121673, 
        "date": "2012-10-31", 
        "operating_revenue": 1049913, 
        "short_term_average": 1110175
    }, 
    {
        "accumulated_operating_revenue_yoy": 239.89134946738062, 
        "accumulated_operating_revenue": 12290461, 
        "long_term_average": 1109804, 
        "date": "2012-11-30", 
        "operating_revenue": 1040296, 
        "short_term_average": 1057146
    }, 
    {
        "accumulated_operating_revenue_yoy": 187.57610340651652, 
        "accumulated_operating_revenue": 13352702, 
        "long_term_average": 1112725, 
        "date": "2012-12-31", 
        "operating_revenue": 1062241, 
        "short_term_average": 1050816
    }, 
    {
        "accumulated_operating_revenue_yoy": 13.777366506130518, 
        "accumulated_operating_revenue": 1082000, 
        "long_term_average": 1123643, 
        "date": "2013-01-31", 
        "operating_revenue": 1082000, 
        "short_term_average": 1061512
    }, 
    {
        "accumulated_operating_revenue_yoy": -4.988226304671113, 
        "accumulated_operating_revenue": 1780609, 
        "long_term_average": 1104934, 
        "date": "2013-02-28", 
        "operating_revenue": 698609, 
        "short_term_average": 947616
    }, 
    {
        "accumulated_operating_revenue_yoy": -9.087491207624602, 
        "accumulated_operating_revenue": 2715523, 
        "long_term_average": 1090105, 
        "date": "2013-03-31", 
        "operating_revenue": 934914, 
        "short_term_average": 905174
    }, 
    {
        "accumulated_operating_revenue_yoy": -6.1376014433587835, 
        "accumulated_operating_revenue": 3837322, 
        "long_term_average": 1091815, 
        "date": "2013-04-30", 
        "operating_revenue": 1121799, 
        "short_term_average": 918440
    }, 
    {
        "accumulated_operating_revenue_yoy": -7.688038215318624, 
        "accumulated_operating_revenue": 4971253, 
        "long_term_average": 1078223, 
        "date": "2013-05-31", 
        "operating_revenue": 1133931, 
        "short_term_average": 1063548
    }, 
    {
        "accumulated_operating_revenue_yoy": -9.105699064305917, 
        "accumulated_operating_revenue": 6072481, 
        "long_term_average": 1062030, 
        "date": "2013-06-30", 
        "operating_revenue": 1101228, 
        "short_term_average": 1118986
    }, 
    {
        "accumulated_operating_revenue_yoy": -8.081580486181252, 
        "accumulated_operating_revenue": 7279607, 
        "long_term_average": 1059389, 
        "date": "2013-07-31", 
        "operating_revenue": 1207126, 
        "short_term_average": 1147428
    }, 
    {
        "accumulated_operating_revenue_yoy": -4.636692399689353, 
        "accumulated_operating_revenue": 8696201, 
        "long_term_average": 1077490, 
        "date": "2013-08-31", 
        "operating_revenue": 1416594, 
        "short_term_average": 1241649
    }, 
    {
        "accumulated_operating_revenue_yoy": -1.669331306716736, 
        "accumulated_operating_revenue": 10029976, 
        "long_term_average": 1098535, 
        "date": "2013-09-30", 
        "operating_revenue": 1333775, 
        "short_term_average": 1319165
    }, 
    {
        "accumulated_operating_revenue_yoy": 1.415428129276326, 
        "accumulated_operating_revenue": 11409403, 
        "long_term_average": 1125995, 
        "date": "2013-10-31", 
        "operating_revenue": 1379427, 
        "short_term_average": 1376598
    }, 
    {
        "accumulated_operating_revenue_yoy": 1.57819954841401, 
        "accumulated_operating_revenue": 12484429, 
        "long_term_average": 1128889, 
        "date": "2013-11-30", 
        "operating_revenue": 1075026, 
        "short_term_average": 1262742
    }, 
    {
        "accumulated_operating_revenue_yoy": 0.8934446376471219, 
        "accumulated_operating_revenue": 13472001, 
        "long_term_average": 1122666, 
        "date": "2013-12-31", 
        "operating_revenue": 987572, 
        "short_term_average": 1147341
    }, 
    {
        "accumulated_operating_revenue_yoy": -31.153049907578556, 
        "accumulated_operating_revenue": 744924, 
        "long_term_average": 1094577, 
        "date": "2014-01-31", 
        "operating_revenue": 744924, 
        "short_term_average": 935840
    }, 
    {
        "accumulated_operating_revenue_yoy": -26.503572654075096, 
        "accumulated_operating_revenue": 1308684, 
        "long_term_average": 1083339, 
        "date": "2014-02-28", 
        "operating_revenue": 563760, 
        "short_term_average": 765418
    }, 
    {
        "accumulated_operating_revenue_yoy": -21.660652478362362, 
        "accumulated_operating_revenue": 2127323, 
        "long_term_average": 1073650, 
        "date": "2014-03-31", 
        "operating_revenue": 818639, 
        "short_term_average": 709107
    }, 
    {
        "accumulated_operating_revenue_yoy": -20.18092304998121, 
        "accumulated_operating_revenue": 3062915, 
        "long_term_average": 1058132, 
        "date": "2014-04-30", 
        "operating_revenue": 935592, 
        "short_term_average": 772663
    }, 
    {
        "accumulated_operating_revenue_yoy": -19.28753173495696, 
        "accumulated_operating_revenue": 4012421, 
        "long_term_average": 1042764, 
        "date": "2014-05-31", 
        "operating_revenue": 949506, 
        "short_term_average": 901245
    }, 
    {
        "accumulated_operating_revenue_yoy": -19.55745929876108, 
        "accumulated_operating_revenue": 4884858, 
        "long_term_average": 1023698, 
        "date": "2014-06-30", 
        "operating_revenue": 872437, 
        "short_term_average": 919178
    }, 
    {
        "accumulated_operating_revenue_yoy": -19.665594584982404, 
        "accumulated_operating_revenue": 5848029, 
        "long_term_average": 1003368, 
        "date": "2014-07-31", 
        "operating_revenue": 963171, 
        "short_term_average": 928371
    }, 
    {
        "accumulated_operating_revenue_yoy": -20.484462123173095, 
        "accumulated_operating_revenue": 6914831, 
        "long_term_average": 974219, 
        "date": "2014-08-31", 
        "operating_revenue": 1066802, 
        "short_term_average": 967470
    }, 
    {
        "accumulated_operating_revenue_yoy": -21.432045301005704, 
        "accumulated_operating_revenue": 7880347, 
        "long_term_average": 943531, 
        "date": "2014-09-30", 
        "operating_revenue": 965516, 
        "short_term_average": 998496
    }, 
    {
        "accumulated_operating_revenue_yoy": -22.732854646294815, 
        "accumulated_operating_revenue": 8815720, 
        "long_term_average": 906526, 
        "date": "2014-10-31", 
        "operating_revenue": 935373, 
        "short_term_average": 989230
    }, 
    {
        "accumulated_operating_revenue_yoy": -22.11568506657373, 
        "accumulated_operating_revenue": 9723412, 
        "long_term_average": 892582, 
        "date": "2014-11-30", 
        "operating_revenue": 907692, 
        "short_term_average": 936193
    }, 
    {
        "accumulated_operating_revenue_yoy": -21.002269818715128, 
        "accumulated_operating_revenue": 10642575, 
        "long_term_average": 886881, 
        "date": "2014-12-31", 
        "operating_revenue": 919163, 
        "short_term_average": 920742
    }, 
    {
        "accumulated_operating_revenue_yoy": 19.737047000767863, 
        "accumulated_operating_revenue": 891950, 
        "long_term_average": 899133, 
        "date": "2015-01-31", 
        "operating_revenue": 891950, 
        "short_term_average": 906268
    }, 
    {
        "accumulated_operating_revenue_yoy": 20.132744039049914, 
        "accumulated_operating_revenue": 1572158, 
        "long_term_average": 908837, 
        "date": "2015-02-28", 
        "operating_revenue": 680208, 
        "short_term_average": 830440
    }, 
    {
        "accumulated_operating_revenue_yoy": 11.347313031448444, 
        "accumulated_operating_revenue": 2368717, 
        "long_term_average": 906997, 
        "date": "2015-03-31", 
        "operating_revenue": 796559, 
        "short_term_average": 789572
    }, 
    {
        "accumulated_operating_revenue_yoy": 12.2766710796741, 
        "accumulated_operating_revenue": 3438939, 
        "long_term_average": 918216, 
        "date": "2015-04-30", 
        "operating_revenue": 1070222, 
        "short_term_average": 848996
    }, 
    {
        "accumulated_operating_revenue_yoy": 11.404386528731655, 
        "accumulated_operating_revenue": 4470013, 
        "long_term_average": 925013, 
        "date": "2015-05-31", 
        "operating_revenue": 1031074, 
        "short_term_average": 965951
    }, 
    {
        "accumulated_operating_revenue_yoy": 12.252761492759872, 
        "accumulated_operating_revenue": 5483388, 
        "long_term_average": 936758, 
        "date": "2015-06-30", 
        "operating_revenue": 1013375, 
        "short_term_average": 1038223
    }, 
    {
        "accumulated_operating_revenue_yoy": 8.708301549120225, 
        "accumulated_operating_revenue": 6357293, 
        "long_term_average": 929319, 
        "date": "2015-07-31", 
        "operating_revenue": 873905, 
        "short_term_average": 972784
    }, 
    {
        "accumulated_operating_revenue_yoy": 6.163520120737585, 
        "accumulated_operating_revenue": 7341028, 
        "long_term_average": 922397, 
        "date": "2015-08-31", 
        "operating_revenue": 983735, 
        "short_term_average": 957005
    }
]