[
    {
        "date": "2011-09-30", 
        "operating_revenue": 405319, 
        "accumulated_operating_revenue": 405319, 
        "long_term_average": 405319, 
        "short_term_average": 405319
    }, 
    {
        "date": "2011-10-31", 
        "operating_revenue": 333340, 
        "accumulated_operating_revenue": 738659, 
        "long_term_average": 369329, 
        "short_term_average": 369329
    }, 
    {
        "date": "2011-11-30", 
        "operating_revenue": 394782, 
        "accumulated_operating_revenue": 1133441, 
        "long_term_average": 377813, 
        "short_term_average": 377813
    }, 
    {
        "date": "2011-12-31", 
        "operating_revenue": 395298, 
        "accumulated_operating_revenue": 1528739, 
        "long_term_average": 382184, 
        "short_term_average": 374473
    }, 
    {
        "date": "2012-01-31", 
        "operating_revenue": 216556, 
        "accumulated_operating_revenue": 216556, 
        "long_term_average": 349059, 
        "short_term_average": 335545
    }, 
    {
        "date": "2012-02-29", 
        "operating_revenue": 320750, 
        "accumulated_operating_revenue": 537306, 
        "long_term_average": 344340, 
        "short_term_average": 310868
    }, 
    {
        "date": "2012-03-31", 
        "operating_revenue": 374697, 
        "accumulated_operating_revenue": 912003, 
        "long_term_average": 348677, 
        "short_term_average": 304001
    }, 
    {
        "date": "2012-04-30", 
        "operating_revenue": 362998, 
        "accumulated_operating_revenue": 1275001, 
        "long_term_average": 350467, 
        "short_term_average": 352815
    }, 
    {
        "date": "2012-05-31", 
        "operating_revenue": 337496, 
        "accumulated_operating_revenue": 1612497, 
        "long_term_average": 349026, 
        "short_term_average": 358397
    }, 
    {
        "date": "2012-06-30", 
        "operating_revenue": 318498, 
        "accumulated_operating_revenue": 1930995, 
        "long_term_average": 345973, 
        "short_term_average": 339664
    }, 
    {
        "date": "2012-07-31", 
        "operating_revenue": 339569, 
        "accumulated_operating_revenue": 2270564, 
        "long_term_average": 345391, 
        "short_term_average": 331854
    }, 
    {
        "date": "2012-08-31", 
        "operating_revenue": 323120, 
        "accumulated_operating_revenue": 2593684, 
        "long_term_average": 343535, 
        "short_term_average": 327062
    }, 
    {
        "accumulated_operating_revenue_yoy": 624.8172427149973, 
        "accumulated_operating_revenue": 2937822, 
        "long_term_average": 338436, 
        "date": "2012-09-30", 
        "operating_revenue": 344138, 
        "short_term_average": 335609
    }, 
    {
        "accumulated_operating_revenue_yoy": 338.307392179612, 
        "accumulated_operating_revenue": 3237597, 
        "long_term_average": 335639, 
        "date": "2012-10-31", 
        "operating_revenue": 299775, 
        "short_term_average": 322344
    }, 
    {
        "accumulated_operating_revenue_yoy": 216.3033629452261, 
        "accumulated_operating_revenue": 3585112, 
        "long_term_average": 331700, 
        "date": "2012-11-30", 
        "operating_revenue": 347515, 
        "short_term_average": 330476
    }, 
    {
        "accumulated_operating_revenue_yoy": 156.34663601831312, 
        "accumulated_operating_revenue": 3918871, 
        "long_term_average": 326572, 
        "date": "2012-12-31", 
        "operating_revenue": 333759, 
        "short_term_average": 327016
    }, 
    {
        "accumulated_operating_revenue_yoy": 50.402205434160216, 
        "accumulated_operating_revenue": 325705, 
        "long_term_average": 335668, 
        "date": "2013-01-31", 
        "operating_revenue": 325705, 
        "short_term_average": 335659
    }, 
    {
        "accumulated_operating_revenue_yoy": -1.6288669771042943, 
        "accumulated_operating_revenue": 528554, 
        "long_term_average": 325843, 
        "date": "2013-02-28", 
        "operating_revenue": 202849, 
        "short_term_average": 287437
    }, 
    {
        "accumulated_operating_revenue_yoy": -1.2569037601849993, 
        "accumulated_operating_revenue": 900540, 
        "long_term_average": 325617, 
        "date": "2013-03-31", 
        "operating_revenue": 371986, 
        "short_term_average": 300180
    }, 
    {
        "accumulated_operating_revenue_yoy": -4.142506554896819, 
        "accumulated_operating_revenue": 1222184, 
        "long_term_average": 322171, 
        "date": "2013-04-30", 
        "operating_revenue": 321644, 
        "short_term_average": 298826
    }, 
    {
        "accumulated_operating_revenue_yoy": -2.425802962734194, 
        "accumulated_operating_revenue": 1573381, 
        "long_term_average": 323312, 
        "date": "2013-05-31", 
        "operating_revenue": 351197, 
        "short_term_average": 348275
    }, 
    {
        "accumulated_operating_revenue_yoy": -2.2677427958125214, 
        "accumulated_operating_revenue": 1887205, 
        "long_term_average": 322923, 
        "date": "2013-06-30", 
        "operating_revenue": 313824, 
        "short_term_average": 328888
    }, 
    {
        "accumulated_operating_revenue_yoy": -1.8488798377847973, 
        "accumulated_operating_revenue": 2228584, 
        "long_term_average": 323074, 
        "date": "2013-07-31", 
        "operating_revenue": 341379, 
        "short_term_average": 335466
    }, 
    {
        "accumulated_operating_revenue_yoy": 0.44835839678233735, 
        "accumulated_operating_revenue": 2605313, 
        "long_term_average": 327541, 
        "date": "2013-08-31", 
        "operating_revenue": 376729, 
        "short_term_average": 343977
    }, 
    {
        "accumulated_operating_revenue_yoy": 0.5679377443561932, 
        "accumulated_operating_revenue": 2954507, 
        "long_term_average": 327963, 
        "date": "2013-09-30", 
        "operating_revenue": 349194, 
        "short_term_average": 355767
    }, 
    {
        "accumulated_operating_revenue_yoy": 1.444589922711196, 
        "accumulated_operating_revenue": 3284367, 
        "long_term_average": 330470, 
        "date": "2013-10-31", 
        "operating_revenue": 329860, 
        "short_term_average": 351927
    }, 
    {
        "accumulated_operating_revenue_yoy": 1.548013004893571, 
        "accumulated_operating_revenue": 3640610, 
        "long_term_average": 331197, 
        "date": "2013-11-30", 
        "operating_revenue": 356243, 
        "short_term_average": 345099
    }, 
    {
        "accumulated_operating_revenue_yoy": 2.632773571776157, 
        "accumulated_operating_revenue": 4022046, 
        "long_term_average": 335170, 
        "date": "2013-12-31", 
        "operating_revenue": 381436, 
        "short_term_average": 355846
    }, 
    {
        "accumulated_operating_revenue_yoy": -9.4840423082237, 
        "accumulated_operating_revenue": 294815, 
        "long_term_average": 332596, 
        "date": "2014-01-31", 
        "operating_revenue": 294815, 
        "short_term_average": 344164
    }, 
    {
        "accumulated_operating_revenue_yoy": -3.1084808742342314, 
        "accumulated_operating_revenue": 512124, 
        "long_term_average": 333801, 
        "date": "2014-02-28", 
        "operating_revenue": 217309, 
        "short_term_average": 297853
    }, 
    {
        "accumulated_operating_revenue_yoy": -5.286716858773625, 
        "accumulated_operating_revenue": 852931, 
        "long_term_average": 331203, 
        "date": "2014-03-31", 
        "operating_revenue": 340807, 
        "short_term_average": 284310
    }, 
    {
        "accumulated_operating_revenue_yoy": -0.40394899622315467, 
        "accumulated_operating_revenue": 1217247, 
        "long_term_average": 334759, 
        "date": "2014-04-30", 
        "operating_revenue": 364316, 
        "short_term_average": 307477
    }, 
    {
        "accumulated_operating_revenue_yoy": -0.38229773970830966, 
        "accumulated_operating_revenue": 1567366, 
        "long_term_average": 334669, 
        "date": "2014-05-31", 
        "operating_revenue": 350119, 
        "short_term_average": 351747
    }, 
    {
        "accumulated_operating_revenue_yoy": 1.9117160032958793, 
        "accumulated_operating_revenue": 1923283, 
        "long_term_average": 338177, 
        "date": "2014-06-30", 
        "operating_revenue": 355917, 
        "short_term_average": 356784
    }, 
    {
        "accumulated_operating_revenue_yoy": 0.9065846295226027, 
        "accumulated_operating_revenue": 2248788, 
        "long_term_average": 336854, 
        "date": "2014-07-31", 
        "operating_revenue": 325505, 
        "short_term_average": 343847
    }, 
    {
        "accumulated_operating_revenue_yoy": -0.1519587089919714, 
        "accumulated_operating_revenue": 2601354, 
        "long_term_average": 334840, 
        "date": "2014-08-31", 
        "operating_revenue": 352566, 
        "short_term_average": 344662
    }, 
    {
        "accumulated_operating_revenue_yoy": -0.32438576046697465, 
        "accumulated_operating_revenue": 2944923, 
        "long_term_average": 334371, 
        "date": "2014-09-30", 
        "operating_revenue": 343569, 
        "short_term_average": 340546
    }, 
    {
        "accumulated_operating_revenue_yoy": -0.8524016956692112, 
        "accumulated_operating_revenue": 3256371, 
        "long_term_average": 332837, 
        "date": "2014-10-31", 
        "operating_revenue": 311448, 
        "short_term_average": 335861
    }, 
    {
        "accumulated_operating_revenue_yoy": -1.6883159690271685, 
        "accumulated_operating_revenue": 3579145, 
        "long_term_average": 330048, 
        "date": "2014-11-30", 
        "operating_revenue": 322774, 
        "short_term_average": 325930
    }, 
    {
        "accumulated_operating_revenue_yoy": -1.9025391554447662, 
        "accumulated_operating_revenue": 3945525, 
        "long_term_average": 328793, 
        "date": "2014-12-31", 
        "operating_revenue": 366380, 
        "short_term_average": 333534
    }, 
    {
        "accumulated_operating_revenue_yoy": 21.260790665332497, 
        "accumulated_operating_revenue": 357495, 
        "long_term_average": 334017, 
        "date": "2015-01-31", 
        "operating_revenue": 357495, 
        "short_term_average": 348883
    }, 
    {
        "accumulated_operating_revenue_yoy": 5.420757472799556, 
        "accumulated_operating_revenue": 539885, 
        "long_term_average": 331107, 
        "date": "2015-02-28", 
        "operating_revenue": 182390, 
        "short_term_average": 302088
    }, 
    {
        "accumulated_operating_revenue_yoy": 0.3101071481749403, 
        "accumulated_operating_revenue": 855576, 
        "long_term_average": 329014, 
        "date": "2015-03-31", 
        "operating_revenue": 315691, 
        "short_term_average": 285192
    }, 
    {
        "accumulated_operating_revenue_yoy": -4.214592436867784, 
        "accumulated_operating_revenue": 1165945, 
        "long_term_average": 324518, 
        "date": "2015-04-30", 
        "operating_revenue": 310369, 
        "short_term_average": 269483
    }, 
    {
        "accumulated_operating_revenue_yoy": -4.680782918603568, 
        "accumulated_operating_revenue": 1494001, 
        "long_term_average": 322680, 
        "date": "2015-05-31", 
        "operating_revenue": 328056, 
        "short_term_average": 318038
    }, 
    {
        "accumulated_operating_revenue_yoy": -5.604947373839419, 
        "accumulated_operating_revenue": 1815484, 
        "long_term_average": 319810, 
        "date": "2015-06-30", 
        "operating_revenue": 321483, 
        "short_term_average": 319969
    }, 
    {
        "accumulated_operating_revenue_yoy": -5.87881116405815, 
        "accumulated_operating_revenue": 2116586, 
        "long_term_average": 317776, 
        "date": "2015-07-31", 
        "operating_revenue": 301102, 
        "short_term_average": 316880
    }, 
    {
        "accumulated_operating_revenue_yoy": -6.200770829345026, 
        "accumulated_operating_revenue": 2440050, 
        "long_term_average": 315351, 
        "date": "2015-08-31", 
        "operating_revenue": 323464, 
        "short_term_average": 315349
    }, 
    {
        "accumulated_operating_revenue_yoy": -5.479803716429937, 
        "accumulated_operating_revenue": 2783547, 
        "long_term_average": 315345, 
        "date": "2015-09-30", 
        "operating_revenue": 343497, 
        "short_term_average": 322687
    }
]