[
    {
        "date": "2011-09-30", 
        "operating_revenue": 301340, 
        "accumulated_operating_revenue": 301340, 
        "long_term_average": 301340, 
        "short_term_average": 301340
    }, 
    {
        "date": "2011-10-31", 
        "operating_revenue": 244175, 
        "accumulated_operating_revenue": 545515, 
        "long_term_average": 272757, 
        "short_term_average": 272757
    }, 
    {
        "date": "2011-11-30", 
        "operating_revenue": 290481, 
        "accumulated_operating_revenue": 835996, 
        "long_term_average": 278665, 
        "short_term_average": 278665
    }, 
    {
        "date": "2011-12-31", 
        "operating_revenue": 262826, 
        "accumulated_operating_revenue": 1098822, 
        "long_term_average": 274705, 
        "short_term_average": 265827
    }, 
    {
        "date": "2012-01-31", 
        "operating_revenue": 201686, 
        "accumulated_operating_revenue": 201686, 
        "long_term_average": 260101, 
        "short_term_average": 251664
    }, 
    {
        "date": "2012-02-29", 
        "operating_revenue": 251841, 
        "accumulated_operating_revenue": 453527, 
        "long_term_average": 258724, 
        "short_term_average": 238784
    }, 
    {
        "date": "2012-03-31", 
        "operating_revenue": 298491, 
        "accumulated_operating_revenue": 752018, 
        "long_term_average": 264405, 
        "short_term_average": 250672
    }, 
    {
        "date": "2012-04-30", 
        "operating_revenue": 277308, 
        "accumulated_operating_revenue": 1029326, 
        "long_term_average": 266018, 
        "short_term_average": 275880
    }, 
    {
        "date": "2012-05-31", 
        "operating_revenue": 275552, 
        "accumulated_operating_revenue": 1304878, 
        "long_term_average": 267077, 
        "short_term_average": 283783
    }, 
    {
        "date": "2012-06-30", 
        "operating_revenue": 248531, 
        "accumulated_operating_revenue": 1553409, 
        "long_term_average": 265223, 
        "short_term_average": 267130
    }, 
    {
        "date": "2012-07-31", 
        "operating_revenue": 367020, 
        "accumulated_operating_revenue": 1920429, 
        "long_term_average": 274477, 
        "short_term_average": 297034
    }, 
    {
        "date": "2012-08-31", 
        "operating_revenue": 403207, 
        "accumulated_operating_revenue": 2323636, 
        "long_term_average": 285204, 
        "short_term_average": 339586
    }, 
    {
        "accumulated_operating_revenue_yoy": 794.2928253799695, 
        "accumulated_operating_revenue": 2694862, 
        "long_term_average": 291028, 
        "date": "2012-09-30", 
        "operating_revenue": 371226, 
        "short_term_average": 380484
    }, 
    {
        "accumulated_operating_revenue_yoy": 463.4197043161049, 
        "accumulated_operating_revenue": 3073539, 
        "long_term_average": 302237, 
        "date": "2012-10-31", 
        "operating_revenue": 378677, 
        "short_term_average": 384370
    }, 
    {
        "accumulated_operating_revenue_yoy": 313.25472849152385, 
        "accumulated_operating_revenue": 3454793, 
        "long_term_average": 309801, 
        "date": "2012-11-30", 
        "operating_revenue": 381254, 
        "short_term_average": 377052
    }, 
    {
        "accumulated_operating_revenue_yoy": 249.55333984940236, 
        "accumulated_operating_revenue": 3840969, 
        "long_term_average": 320080, 
        "date": "2012-12-31", 
        "operating_revenue": 386176, 
        "short_term_average": 382035
    }, 
    {
        "accumulated_operating_revenue_yoy": 98.55765893517646, 
        "accumulated_operating_revenue": 400463, 
        "long_term_average": 336645, 
        "date": "2013-01-31", 
        "operating_revenue": 400463, 
        "short_term_average": 389297
    }, 
    {
        "accumulated_operating_revenue_yoy": 54.76322247628035, 
        "accumulated_operating_revenue": 701893, 
        "long_term_average": 340777, 
        "date": "2013-02-28", 
        "operating_revenue": 301430, 
        "short_term_average": 362689
    }, 
    {
        "accumulated_operating_revenue_yoy": 37.90906600639878, 
        "accumulated_operating_revenue": 1037101, 
        "long_term_average": 343837, 
        "date": "2013-03-31", 
        "operating_revenue": 335208, 
        "short_term_average": 345700
    }, 
    {
        "accumulated_operating_revenue_yoy": 33.66018151683723, 
        "accumulated_operating_revenue": 1375799, 
        "long_term_average": 348953, 
        "date": "2013-04-30", 
        "operating_revenue": 338698, 
        "short_term_average": 325112
    }, 
    {
        "accumulated_operating_revenue_yoy": 30.386672163987743, 
        "accumulated_operating_revenue": 1701387, 
        "long_term_average": 353123, 
        "date": "2013-05-31", 
        "operating_revenue": 325588, 
        "short_term_average": 333164
    }, 
    {
        "accumulated_operating_revenue_yoy": 28.858722976370032, 
        "accumulated_operating_revenue": 2001703, 
        "long_term_average": 357438, 
        "date": "2013-06-30", 
        "operating_revenue": 300316, 
        "short_term_average": 321534
    }, 
    {
        "accumulated_operating_revenue_yoy": 20.285467465863096, 
        "accumulated_operating_revenue": 2309997, 
        "long_term_average": 352544, 
        "date": "2013-07-31", 
        "operating_revenue": 308294, 
        "short_term_average": 311399
    }, 
    {
        "accumulated_operating_revenue_yoy": 13.73399275962328, 
        "accumulated_operating_revenue": 2642764, 
        "long_term_average": 346674, 
        "date": "2013-08-31", 
        "operating_revenue": 332767, 
        "short_term_average": 313792
    }, 
    {
        "accumulated_operating_revenue_yoy": 11.584711944433518, 
        "accumulated_operating_revenue": 3007054, 
        "long_term_average": 346096, 
        "date": "2013-09-30", 
        "operating_revenue": 364290, 
        "short_term_average": 335117
    }, 
    {
        "accumulated_operating_revenue_yoy": 9.532236291779608, 
        "accumulated_operating_revenue": 3366516, 
        "long_term_average": 344495, 
        "date": "2013-10-31", 
        "operating_revenue": 359462, 
        "short_term_average": 352173
    }, 
    {
        "accumulated_operating_revenue_yoy": 7.540307045892475, 
        "accumulated_operating_revenue": 3715295, 
        "long_term_average": 341789, 
        "date": "2013-11-30", 
        "operating_revenue": 348779, 
        "short_term_average": 357510
    }, 
    {
        "accumulated_operating_revenue_yoy": 6.5158817996187945, 
        "accumulated_operating_revenue": 4091242, 
        "long_term_average": 340936, 
        "date": "2013-12-31", 
        "operating_revenue": 375947, 
        "short_term_average": 361396
    }, 
    {
        "accumulated_operating_revenue_yoy": -11.592082164894135, 
        "accumulated_operating_revenue": 354041, 
        "long_term_average": 337068, 
        "date": "2014-01-31", 
        "operating_revenue": 354041, 
        "short_term_average": 359589
    }, 
    {
        "accumulated_operating_revenue_yoy": -10.831565495025595, 
        "accumulated_operating_revenue": 625867, 
        "long_term_average": 334601, 
        "date": "2014-02-28", 
        "operating_revenue": 271826, 
        "short_term_average": 333938
    }, 
    {
        "accumulated_operating_revenue_yoy": -4.5126752360666895, 
        "accumulated_operating_revenue": 990300, 
        "long_term_average": 337036, 
        "date": "2014-03-31", 
        "operating_revenue": 364433, 
        "short_term_average": 330100
    }, 
    {
        "accumulated_operating_revenue_yoy": -2.8311548416592833, 
        "accumulated_operating_revenue": 1336848, 
        "long_term_average": 337690, 
        "date": "2014-04-30", 
        "operating_revenue": 346548, 
        "short_term_average": 327602
    }, 
    {
        "accumulated_operating_revenue_yoy": 0.6178488492036204, 
        "accumulated_operating_revenue": 1711899, 
        "long_term_average": 341812, 
        "date": "2014-05-31", 
        "operating_revenue": 375051, 
        "short_term_average": 362010
    }, 
    {
        "accumulated_operating_revenue_yoy": 2.4919780806643144, 
        "accumulated_operating_revenue": 2051585, 
        "long_term_average": 345093, 
        "date": "2014-06-30", 
        "operating_revenue": 339686, 
        "short_term_average": 353761
    }, 
    {
        "accumulated_operating_revenue_yoy": 3.770481087204875, 
        "accumulated_operating_revenue": 2397095, 
        "long_term_average": 348195, 
        "date": "2014-07-31", 
        "operating_revenue": 345510, 
        "short_term_average": 353415
    }, 
    {
        "accumulated_operating_revenue_yoy": 5.513356470725347, 
        "accumulated_operating_revenue": 2788469, 
        "long_term_average": 353078, 
        "date": "2014-08-31", 
        "operating_revenue": 391374, 
        "short_term_average": 358856
    }, 
    {
        "accumulated_operating_revenue_yoy": 4.4401597044815295, 
        "accumulated_operating_revenue": 3140572, 
        "long_term_average": 352063, 
        "date": "2014-09-30", 
        "operating_revenue": 352103, 
        "short_term_average": 362995
    }, 
    {
        "accumulated_operating_revenue_yoy": 4.612869803678342, 
        "accumulated_operating_revenue": 3521809, 
        "long_term_average": 353877, 
        "date": "2014-10-31", 
        "operating_revenue": 381237, 
        "short_term_average": 374904
    }, 
    {
        "accumulated_operating_revenue_yoy": 3.792538681316019, 
        "accumulated_operating_revenue": 3856199, 
        "long_term_average": 352678, 
        "date": "2014-11-30", 
        "operating_revenue": 334390, 
        "short_term_average": 355910
    }, 
    {
        "accumulated_operating_revenue_yoy": 3.0473142385612975, 
        "accumulated_operating_revenue": 4215915, 
        "long_term_average": 351326, 
        "date": "2014-12-31", 
        "operating_revenue": 359716, 
        "short_term_average": 358447
    }, 
    {
        "accumulated_operating_revenue_yoy": -6.211427490036465, 
        "accumulated_operating_revenue": 332050, 
        "long_term_average": 349493, 
        "date": "2015-01-31", 
        "operating_revenue": 332050, 
        "short_term_average": 342052
    }, 
    {
        "accumulated_operating_revenue_yoy": -2.5495832181597686, 
        "accumulated_operating_revenue": 609910, 
        "long_term_average": 349996, 
        "date": "2015-02-28", 
        "operating_revenue": 277860, 
        "short_term_average": 323208
    }, 
    {
        "accumulated_operating_revenue_yoy": -5.042815308492376, 
        "accumulated_operating_revenue": 940361, 
        "long_term_average": 347164, 
        "date": "2015-03-31", 
        "operating_revenue": 330451, 
        "short_term_average": 313453
    }, 
    {
        "accumulated_operating_revenue_yoy": -5.452676744102545, 
        "accumulated_operating_revenue": 1263954, 
        "long_term_average": 345251, 
        "date": "2015-04-30", 
        "operating_revenue": 323593, 
        "short_term_average": 310634
    }, 
    {
        "accumulated_operating_revenue_yoy": -9.050826012515925, 
        "accumulated_operating_revenue": 1556958, 
        "long_term_average": 338414, 
        "date": "2015-05-31", 
        "operating_revenue": 293004, 
        "short_term_average": 315682
    }, 
    {
        "accumulated_operating_revenue_yoy": -7.643212443062315, 
        "accumulated_operating_revenue": 1894778, 
        "long_term_average": 338259, 
        "date": "2015-06-30", 
        "operating_revenue": 337820, 
        "short_term_average": 318139
    }, 
    {
        "accumulated_operating_revenue_yoy": -6.839403528020374, 
        "accumulated_operating_revenue": 2233148, 
        "long_term_average": 337664, 
        "date": "2015-07-31", 
        "operating_revenue": 338370, 
        "short_term_average": 323064
    }, 
    {
        "accumulated_operating_revenue_yoy": -7.400584334988124, 
        "accumulated_operating_revenue": 2582106, 
        "long_term_average": 334129, 
        "date": "2015-08-31", 
        "operating_revenue": 348958, 
        "short_term_average": 341716
    }, 
    {
        "accumulated_operating_revenue_yoy": -5.93344142404632, 
        "accumulated_operating_revenue": 2954228, 
        "long_term_average": 335797, 
        "date": "2015-09-30", 
        "operating_revenue": 372122, 
        "short_term_average": 353150
    }
]