[
    {
        "date": "2011-09-30", 
        "operating_revenue": 446805, 
        "accumulated_operating_revenue": 446805, 
        "long_term_average": 446805, 
        "short_term_average": 446805
    }, 
    {
        "date": "2011-10-31", 
        "operating_revenue": 393666, 
        "accumulated_operating_revenue": 840471, 
        "long_term_average": 420235, 
        "short_term_average": 420235
    }, 
    {
        "date": "2011-11-30", 
        "operating_revenue": 448233, 
        "accumulated_operating_revenue": 1288704, 
        "long_term_average": 429568, 
        "short_term_average": 429568
    }, 
    {
        "date": "2011-12-31", 
        "operating_revenue": 464065, 
        "accumulated_operating_revenue": 1752769, 
        "long_term_average": 438192, 
        "short_term_average": 435321
    }, 
    {
        "date": "2012-01-31", 
        "operating_revenue": 320762, 
        "accumulated_operating_revenue": 320762, 
        "long_term_average": 414706, 
        "short_term_average": 411020
    }, 
    {
        "date": "2012-02-29", 
        "operating_revenue": 377226, 
        "accumulated_operating_revenue": 697988, 
        "long_term_average": 408459, 
        "short_term_average": 387351
    }, 
    {
        "date": "2012-03-31", 
        "operating_revenue": 446846, 
        "accumulated_operating_revenue": 1144834, 
        "long_term_average": 413943, 
        "short_term_average": 381611
    }, 
    {
        "date": "2012-04-30", 
        "operating_revenue": 412260, 
        "accumulated_operating_revenue": 1557094, 
        "long_term_average": 413732, 
        "short_term_average": 412110
    }, 
    {
        "date": "2012-05-31", 
        "operating_revenue": 428223, 
        "accumulated_operating_revenue": 1985317, 
        "long_term_average": 415342, 
        "short_term_average": 429109
    }, 
    {
        "date": "2012-06-30", 
        "operating_revenue": 401448, 
        "accumulated_operating_revenue": 2386765, 
        "long_term_average": 413953, 
        "short_term_average": 413977
    }, 
    {
        "date": "2012-07-31", 
        "operating_revenue": 404415, 
        "accumulated_operating_revenue": 2791180, 
        "long_term_average": 413086, 
        "short_term_average": 411362
    }, 
    {
        "date": "2012-08-31", 
        "operating_revenue": 416860, 
        "accumulated_operating_revenue": 3208040, 
        "long_term_average": 413400, 
        "short_term_average": 407574
    }, 
    {
        "accumulated_operating_revenue_yoy": 709.6538758518817, 
        "accumulated_operating_revenue": 3617574, 
        "long_term_average": 410294, 
        "date": "2012-09-30", 
        "operating_revenue": 409534, 
        "short_term_average": 410269
    }, 
    {
        "accumulated_operating_revenue_yoy": 372.59132081892176, 
        "accumulated_operating_revenue": 3971993, 
        "long_term_average": 407024, 
        "date": "2012-10-31", 
        "operating_revenue": 354419, 
        "short_term_average": 393604
    }, 
    {
        "accumulated_operating_revenue_yoy": 238.89853682459278, 
        "accumulated_operating_revenue": 4367399, 
        "long_term_average": 402622, 
        "date": "2012-11-30", 
        "operating_revenue": 395406, 
        "short_term_average": 386453
    }, 
    {
        "accumulated_operating_revenue_yoy": 174.14605119100122, 
        "accumulated_operating_revenue": 4805147, 
        "long_term_average": 400428, 
        "date": "2012-12-31", 
        "operating_revenue": 437748, 
        "short_term_average": 395857
    }, 
    {
        "accumulated_operating_revenue_yoy": 31.620329091351216, 
        "accumulated_operating_revenue": 422188, 
        "long_term_average": 408881, 
        "date": "2013-01-31", 
        "operating_revenue": 422188, 
        "short_term_average": 418447
    }, 
    {
        "accumulated_operating_revenue_yoy": -5.749525779812833, 
        "accumulated_operating_revenue": 657857, 
        "long_term_average": 397084, 
        "date": "2013-02-28", 
        "operating_revenue": 235669, 
        "short_term_average": 365201
    }, 
    {
        "accumulated_operating_revenue_yoy": -8.440612350786228, 
        "accumulated_operating_revenue": 1048203, 
        "long_term_average": 392376, 
        "date": "2013-03-31", 
        "operating_revenue": 390346, 
        "short_term_average": 349401
    }, 
    {
        "accumulated_operating_revenue_yoy": -8.653234807917826, 
        "accumulated_operating_revenue": 1422355, 
        "long_term_average": 389200, 
        "date": "2013-04-30", 
        "operating_revenue": 374152, 
        "short_term_average": 333389
    }, 
    {
        "accumulated_operating_revenue_yoy": -9.92375524916172, 
        "accumulated_operating_revenue": 1788299, 
        "long_term_average": 384010, 
        "date": "2013-05-31", 
        "operating_revenue": 365944, 
        "short_term_average": 376814
    }, 
    {
        "accumulated_operating_revenue_yoy": -10.737462632475339, 
        "accumulated_operating_revenue": 2130487, 
        "long_term_average": 379072, 
        "date": "2013-06-30", 
        "operating_revenue": 342188, 
        "short_term_average": 360761
    }, 
    {
        "accumulated_operating_revenue_yoy": -9.296641563783059, 
        "accumulated_operating_revenue": 2531694, 
        "long_term_average": 378805, 
        "date": "2013-07-31", 
        "operating_revenue": 401207, 
        "short_term_average": 369779
    }, 
    {
        "accumulated_operating_revenue_yoy": -8.512549718831435, 
        "accumulated_operating_revenue": 2934954, 
        "long_term_average": 377671, 
        "date": "2013-08-31", 
        "operating_revenue": 403260, 
        "short_term_average": 382218
    }, 
    {
        "accumulated_operating_revenue_yoy": -8.49574880845561, 
        "accumulated_operating_revenue": 3310234, 
        "long_term_average": 374817, 
        "date": "2013-09-30", 
        "operating_revenue": 375280, 
        "short_term_average": 393249
    }, 
    {
        "accumulated_operating_revenue_yoy": -8.003085604632233, 
        "accumulated_operating_revenue": 3654111, 
        "long_term_average": 373938, 
        "date": "2013-10-31", 
        "operating_revenue": 343877, 
        "short_term_average": 374139
    }, 
    {
        "accumulated_operating_revenue_yoy": -6.452856723189249, 
        "accumulated_operating_revenue": 4085577, 
        "long_term_average": 376943, 
        "date": "2013-11-30", 
        "operating_revenue": 431466, 
        "short_term_average": 383541
    }, 
    {
        "accumulated_operating_revenue_yoy": -5.9027954815950485, 
        "accumulated_operating_revenue": 4521509, 
        "long_term_average": 376792, 
        "date": "2013-12-31", 
        "operating_revenue": 435932, 
        "short_term_average": 403758
    }, 
    {
        "accumulated_operating_revenue_yoy": -9.06610325257942, 
        "accumulated_operating_revenue": 383912, 
        "long_term_average": 373602, 
        "date": "2014-01-31", 
        "operating_revenue": 383912, 
        "short_term_average": 417103
    }, 
    {
        "accumulated_operating_revenue_yoy": -7.209469535172537, 
        "accumulated_operating_revenue": 610429, 
        "long_term_average": 372840, 
        "date": "2014-02-28", 
        "operating_revenue": 226517, 
        "short_term_average": 348787
    }, 
    {
        "accumulated_operating_revenue_yoy": -9.0638931581001, 
        "accumulated_operating_revenue": 953195, 
        "long_term_average": 368875, 
        "date": "2014-03-31", 
        "operating_revenue": 342766, 
        "short_term_average": 317731
    }, 
    {
        "accumulated_operating_revenue_yoy": -7.690063310495622, 
        "accumulated_operating_revenue": 1312975, 
        "long_term_average": 367677, 
        "date": "2014-04-30", 
        "operating_revenue": 359780, 
        "short_term_average": 309687
    }, 
    {
        "accumulated_operating_revenue_yoy": -5.624506863785083, 
        "accumulated_operating_revenue": 1687716, 
        "long_term_average": 368410, 
        "date": "2014-05-31", 
        "operating_revenue": 374741, 
        "short_term_average": 359095
    }, 
    {
        "accumulated_operating_revenue_yoy": -1.6149359277949127, 
        "accumulated_operating_revenue": 2096081, 
        "long_term_average": 373925, 
        "date": "2014-06-30", 
        "operating_revenue": 408365, 
        "short_term_average": 380962
    }, 
    {
        "accumulated_operating_revenue_yoy": 0.46146967208517303, 
        "accumulated_operating_revenue": 2543377, 
        "long_term_average": 377766, 
        "date": "2014-07-31", 
        "operating_revenue": 447296, 
        "short_term_average": 410134
    }, 
    {
        "accumulated_operating_revenue_yoy": 0.5690719513832244, 
        "accumulated_operating_revenue": 2951656, 
        "long_term_average": 378184, 
        "date": "2014-08-31", 
        "operating_revenue": 408279, 
        "short_term_average": 421313
    }, 
    {
        "accumulated_operating_revenue_yoy": 0.2751165023379012, 
        "accumulated_operating_revenue": 3319341, 
        "long_term_average": 377551, 
        "date": "2014-09-30", 
        "operating_revenue": 367685, 
        "short_term_average": 407753
    }, 
    {
        "accumulated_operating_revenue_yoy": 0.7871134730171031, 
        "accumulated_operating_revenue": 3682873, 
        "long_term_average": 379189, 
        "date": "2014-10-31", 
        "operating_revenue": 363532, 
        "short_term_average": 379832
    }, 
    {
        "accumulated_operating_revenue_yoy": 0.38168415379272014, 
        "accumulated_operating_revenue": 4101171, 
        "long_term_average": 378091, 
        "date": "2014-11-30", 
        "operating_revenue": 418298, 
        "short_term_average": 383171
    }, 
    {
        "accumulated_operating_revenue_yoy": -0.0917835174053618, 
        "accumulated_operating_revenue": 4517359, 
        "long_term_average": 376446, 
        "date": "2014-12-31", 
        "operating_revenue": 416188, 
        "short_term_average": 399339
    }, 
    {
        "accumulated_operating_revenue_yoy": 13.719810789972703, 
        "accumulated_operating_revenue": 436584, 
        "long_term_average": 380835, 
        "date": "2015-01-31", 
        "operating_revenue": 436584, 
        "short_term_average": 423690
    }, 
    {
        "accumulated_operating_revenue_yoy": 10.800928527314396, 
        "accumulated_operating_revenue": 676361, 
        "long_term_average": 381940, 
        "date": "2015-02-28", 
        "operating_revenue": 239777, 
        "short_term_average": 364183
    }, 
    {
        "accumulated_operating_revenue_yoy": 5.558149171995237, 
        "accumulated_operating_revenue": 1006175, 
        "long_term_average": 380861, 
        "date": "2015-03-31", 
        "operating_revenue": 329814, 
        "short_term_average": 335391
    }, 
    {
        "accumulated_operating_revenue_yoy": 5.173137340771912, 
        "accumulated_operating_revenue": 1380897, 
        "long_term_average": 382106, 
        "date": "2015-04-30", 
        "operating_revenue": 374722, 
        "short_term_average": 314771
    }, 
    {
        "accumulated_operating_revenue_yoy": 1.9368187538661719, 
        "accumulated_operating_revenue": 1720404, 
        "long_term_average": 379170, 
        "date": "2015-05-31", 
        "operating_revenue": 339507, 
        "short_term_average": 348014
    }, 
    {
        "accumulated_operating_revenue_yoy": -2.6274747970140466, 
        "accumulated_operating_revenue": 2041007, 
        "long_term_average": 371857, 
        "date": "2015-06-30", 
        "operating_revenue": 320603, 
        "short_term_average": 344944
    }, 
    {
        "accumulated_operating_revenue_yoy": -6.082464377086056, 
        "accumulated_operating_revenue": 2388677, 
        "long_term_average": 363554, 
        "date": "2015-07-31", 
        "operating_revenue": 347670, 
        "short_term_average": 335926
    }, 
    {
        "accumulated_operating_revenue_yoy": -7.434199649281624, 
        "accumulated_operating_revenue": 2732224, 
        "long_term_average": 358160, 
        "date": "2015-08-31", 
        "operating_revenue": 343547, 
        "short_term_average": 337273
    }, 
    {
        "accumulated_operating_revenue_yoy": -6.837983804616639, 
        "accumulated_operating_revenue": 3092365, 
        "long_term_average": 357531, 
        "date": "2015-09-30", 
        "operating_revenue": 360141, 
        "short_term_average": 350452
    }, 
    {
        "accumulated_operating_revenue_yoy": -6.659121832330357, 
        "accumulated_operating_revenue": 3437626, 
        "long_term_average": 356009, 
        "date": "2015-10-31", 
        "operating_revenue": 345261, 
        "short_term_average": 349649
    }
]