[
    {
        "date": "2011-09-30", 
        "operating_revenue": 507157, 
        "accumulated_operating_revenue": 507157, 
        "long_term_average": 507157, 
        "short_term_average": 507157
    }, 
    {
        "date": "2011-10-31", 
        "operating_revenue": 456679, 
        "accumulated_operating_revenue": 963836, 
        "long_term_average": 481918, 
        "short_term_average": 481918
    }, 
    {
        "date": "2011-11-30", 
        "operating_revenue": 456640, 
        "accumulated_operating_revenue": 1420476, 
        "long_term_average": 473492, 
        "short_term_average": 473492
    }, 
    {
        "date": "2011-12-31", 
        "operating_revenue": 552041, 
        "accumulated_operating_revenue": 1972517, 
        "long_term_average": 493129, 
        "short_term_average": 488453
    }, 
    {
        "date": "2012-01-31", 
        "operating_revenue": 336851, 
        "accumulated_operating_revenue": 336851, 
        "long_term_average": 461873, 
        "short_term_average": 448510
    }, 
    {
        "date": "2012-02-29", 
        "operating_revenue": 384632, 
        "accumulated_operating_revenue": 721483, 
        "long_term_average": 449000, 
        "short_term_average": 424508
    }, 
    {
        "date": "2012-03-31", 
        "operating_revenue": 743996, 
        "accumulated_operating_revenue": 1465479, 
        "long_term_average": 491142, 
        "short_term_average": 488493
    }, 
    {
        "date": "2012-04-30", 
        "operating_revenue": 418772, 
        "accumulated_operating_revenue": 1884251, 
        "long_term_average": 482096, 
        "short_term_average": 515800
    }, 
    {
        "date": "2012-05-31", 
        "operating_revenue": 505191, 
        "accumulated_operating_revenue": 2389442, 
        "long_term_average": 484662, 
        "short_term_average": 555986
    }, 
    {
        "date": "2012-06-30", 
        "operating_revenue": 524558, 
        "accumulated_operating_revenue": 2914000, 
        "long_term_average": 488651, 
        "short_term_average": 482840
    }, 
    {
        "date": "2012-07-31", 
        "operating_revenue": 429134, 
        "accumulated_operating_revenue": 3343134, 
        "long_term_average": 483241, 
        "short_term_average": 486294
    }, 
    {
        "date": "2012-08-31", 
        "operating_revenue": 360985, 
        "accumulated_operating_revenue": 3704119, 
        "long_term_average": 473053, 
        "short_term_average": 438225
    }, 
    {
        "accumulated_operating_revenue_yoy": 693.0776860025594, 
        "accumulated_operating_revenue": 4022149, 
        "long_term_average": 457292, 
        "date": "2012-09-30", 
        "operating_revenue": 318030, 
        "short_term_average": 369383
    }, 
    {
        "accumulated_operating_revenue_yoy": 347.2891653766824, 
        "accumulated_operating_revenue": 4311134, 
        "long_term_average": 443317, 
        "date": "2012-10-31", 
        "operating_revenue": 288985, 
        "short_term_average": 322666
    }, 
    {
        "accumulated_operating_revenue_yoy": 224.6644786677142, 
        "accumulated_operating_revenue": 4611781, 
        "long_term_average": 430318, 
        "date": "2012-11-30", 
        "operating_revenue": 300647, 
        "short_term_average": 302554
    }, 
    {
        "accumulated_operating_revenue_yoy": 150.55322717117267, 
        "accumulated_operating_revenue": 4942205, 
        "long_term_average": 411850, 
        "date": "2012-12-31", 
        "operating_revenue": 330424, 
        "short_term_average": 306685
    }, 
    {
        "accumulated_operating_revenue_yoy": 43.35744884236651, 
        "accumulated_operating_revenue": 482901, 
        "long_term_average": 424021, 
        "date": "2013-01-31", 
        "operating_revenue": 482901, 
        "short_term_average": 371324
    }, 
    {
        "accumulated_operating_revenue_yoy": 31.412105344131465, 
        "accumulated_operating_revenue": 948116, 
        "long_term_average": 430736, 
        "date": "2013-02-28", 
        "operating_revenue": 465215, 
        "short_term_average": 426180
    }, 
    {
        "accumulated_operating_revenue_yoy": 5.20485111011485, 
        "accumulated_operating_revenue": 1541755, 
        "long_term_average": 418206, 
        "date": "2013-03-31", 
        "operating_revenue": 593639, 
        "short_term_average": 513918
    }, 
    {
        "accumulated_operating_revenue_yoy": 10.12391661195881, 
        "accumulated_operating_revenue": 2075011, 
        "long_term_average": 427747, 
        "date": "2013-04-30", 
        "operating_revenue": 533256, 
        "short_term_average": 530703
    }, 
    {
        "accumulated_operating_revenue_yoy": 10.39460258922376, 
        "accumulated_operating_revenue": 2637815, 
        "long_term_average": 432548, 
        "date": "2013-05-31", 
        "operating_revenue": 562804, 
        "short_term_average": 563233
    }, 
    {
        "accumulated_operating_revenue_yoy": 9.653294440631434, 
        "accumulated_operating_revenue": 3195297, 
        "long_term_average": 435291, 
        "date": "2013-06-30", 
        "operating_revenue": 557482, 
        "short_term_average": 551180
    }, 
    {
        "accumulated_operating_revenue_yoy": 12.447003320836078, 
        "accumulated_operating_revenue": 3759254, 
        "long_term_average": 446527, 
        "date": "2013-07-31", 
        "operating_revenue": 563957, 
        "short_term_average": 561414
    }, 
    {
        "accumulated_operating_revenue_yoy": 17.077853060336345, 
        "accumulated_operating_revenue": 4336703, 
        "long_term_average": 464565, 
        "date": "2013-08-31", 
        "operating_revenue": 577449, 
        "short_term_average": 566296
    }, 
    {
        "accumulated_operating_revenue_yoy": 21.640893959920433, 
        "accumulated_operating_revenue": 4892578, 
        "long_term_average": 484386, 
        "date": "2013-09-30", 
        "operating_revenue": 555875, 
        "short_term_average": 565760
    }, 
    {
        "accumulated_operating_revenue_yoy": 25.522008826447983, 
        "accumulated_operating_revenue": 5411422, 
        "long_term_average": 503541, 
        "date": "2013-10-31", 
        "operating_revenue": 518844, 
        "short_term_average": 550722
    }, 
    {
        "accumulated_operating_revenue_yoy": 29.055954738527262, 
        "accumulated_operating_revenue": 5951778, 
        "long_term_average": 523516, 
        "date": "2013-11-30", 
        "operating_revenue": 540356, 
        "short_term_average": 538358
    }, 
    {
        "accumulated_operating_revenue_yoy": 33.230713821057606, 
        "accumulated_operating_revenue": 6584535, 
        "long_term_average": 548711, 
        "date": "2013-12-31", 
        "operating_revenue": 632757, 
        "short_term_average": 563985
    }, 
    {
        "accumulated_operating_revenue_yoy": 3.550624248034276, 
        "accumulated_operating_revenue": 500047, 
        "long_term_average": 550140, 
        "date": "2014-01-31", 
        "operating_revenue": 500047, 
        "short_term_average": 557720
    }, 
    {
        "accumulated_operating_revenue_yoy": 5.460407798201908, 
        "accumulated_operating_revenue": 999887, 
        "long_term_average": 553025, 
        "date": "2014-02-28", 
        "operating_revenue": 499840, 
        "short_term_average": 544214
    }, 
    {
        "accumulated_operating_revenue_yoy": -1.0334326789924468, 
        "accumulated_operating_revenue": 1525822, 
        "long_term_average": 547383, 
        "date": "2014-03-31", 
        "operating_revenue": 525935, 
        "short_term_average": 508607
    }, 
    {
        "accumulated_operating_revenue_yoy": 1.0686208410461437, 
        "accumulated_operating_revenue": 2097185, 
        "long_term_average": 550559, 
        "date": "2014-04-30", 
        "operating_revenue": 571363, 
        "short_term_average": 532379
    }, 
    {
        "accumulated_operating_revenue_yoy": 2.0703498918612566, 
        "accumulated_operating_revenue": 2692427, 
        "long_term_average": 553262, 
        "date": "2014-05-31", 
        "operating_revenue": 595242, 
        "short_term_average": 564180
    }, 
    {
        "accumulated_operating_revenue_yoy": 2.7185892266039744, 
        "accumulated_operating_revenue": 3282164, 
        "long_term_average": 555950, 
        "date": "2014-06-30", 
        "operating_revenue": 589737, 
        "short_term_average": 585447
    }, 
    {
        "accumulated_operating_revenue_yoy": 3.3479780828855934, 
        "accumulated_operating_revenue": 3885113, 
        "long_term_average": 559199, 
        "date": "2014-07-31", 
        "operating_revenue": 602949, 
        "short_term_average": 595976
    }, 
    {
        "accumulated_operating_revenue_yoy": 3.0939171993101673, 
        "accumulated_operating_revenue": 4470877, 
        "long_term_average": 559892, 
        "date": "2014-08-31", 
        "operating_revenue": 585764, 
        "short_term_average": 592816
    }, 
    {
        "accumulated_operating_revenue_yoy": 2.7558681742018214, 
        "accumulated_operating_revenue": 5027411, 
        "long_term_average": 559947, 
        "date": "2014-09-30", 
        "operating_revenue": 556534, 
        "short_term_average": 581749
    }, 
    {
        "accumulated_operating_revenue_yoy": 3.5698564998257387, 
        "accumulated_operating_revenue": 5604602, 
        "long_term_average": 564809, 
        "date": "2014-10-31", 
        "operating_revenue": 577191, 
        "short_term_average": 573163
    }, 
    {
        "accumulated_operating_revenue_yoy": 4.067423213701855, 
        "accumulated_operating_revenue": 6193862, 
        "long_term_average": 568884, 
        "date": "2014-11-30", 
        "operating_revenue": 589260, 
        "short_term_average": 574328
    }, 
    {
        "accumulated_operating_revenue_yoy": 4.139927876455968, 
        "accumulated_operating_revenue": 6857130, 
        "long_term_average": 571427, 
        "date": "2014-12-31", 
        "operating_revenue": 663268, 
        "short_term_average": 609906
    }, 
    {
        "accumulated_operating_revenue_yoy": 24.660681895901785, 
        "accumulated_operating_revenue": 623362, 
        "long_term_average": 581703, 
        "date": "2015-01-31", 
        "operating_revenue": 623362, 
        "short_term_average": 625296
    }, 
    {
        "accumulated_operating_revenue_yoy": 18.39337845176505, 
        "accumulated_operating_revenue": 1183800, 
        "long_term_average": 586753, 
        "date": "2015-02-28", 
        "operating_revenue": 560438, 
        "short_term_average": 615689
    }, 
    {
        "accumulated_operating_revenue_yoy": 15.748101678963863, 
        "accumulated_operating_revenue": 1766110, 
        "long_term_average": 591451, 
        "date": "2015-03-31", 
        "operating_revenue": 582310, 
        "short_term_average": 588703
    }, 
    {
        "accumulated_operating_revenue_yoy": 12.454647539439772, 
        "accumulated_operating_revenue": 2358382, 
        "long_term_average": 593193, 
        "date": "2015-04-30", 
        "operating_revenue": 592272, 
        "short_term_average": 578340
    }, 
    {
        "accumulated_operating_revenue_yoy": 11.347828557654488, 
        "accumulated_operating_revenue": 2997959, 
        "long_term_average": 596888, 
        "date": "2015-05-31", 
        "operating_revenue": 639577, 
        "short_term_average": 604719
    }, 
    {
        "accumulated_operating_revenue_yoy": 11.808306958457896, 
        "accumulated_operating_revenue": 3669732, 
        "long_term_average": 603724, 
        "date": "2015-06-30", 
        "operating_revenue": 671773, 
        "short_term_average": 634540
    }, 
    {
        "accumulated_operating_revenue_yoy": 11.895200989005982, 
        "accumulated_operating_revenue": 4347255, 
        "long_term_average": 609939, 
        "date": "2015-07-31", 
        "operating_revenue": 677523, 
        "short_term_average": 662957
    }, 
    {
        "accumulated_operating_revenue_yoy": 12.775860306602038, 
        "accumulated_operating_revenue": 5042070, 
        "long_term_average": 619026, 
        "date": "2015-08-31", 
        "operating_revenue": 694815, 
        "short_term_average": 681370
    }
]