[
    {
        "date": "2012-01-31", 
        "operating_revenue": 169893, 
        "accumulated_operating_revenue": 169893, 
        "long_term_average": 169893, 
        "short_term_average": 169893
    }, 
    {
        "date": "2012-02-29", 
        "operating_revenue": 162307, 
        "accumulated_operating_revenue": 332200, 
        "long_term_average": 166100, 
        "short_term_average": 166100
    }, 
    {
        "date": "2012-03-31", 
        "operating_revenue": 197359, 
        "accumulated_operating_revenue": 529559, 
        "long_term_average": 176519, 
        "short_term_average": 176519
    }, 
    {
        "date": "2012-04-30", 
        "operating_revenue": 178665, 
        "accumulated_operating_revenue": 708224, 
        "long_term_average": 177056, 
        "short_term_average": 179443
    }, 
    {
        "date": "2012-05-31", 
        "operating_revenue": 170431, 
        "accumulated_operating_revenue": 878655, 
        "long_term_average": 175731, 
        "short_term_average": 182151
    }, 
    {
        "date": "2012-06-30", 
        "operating_revenue": 224344, 
        "accumulated_operating_revenue": 1102999, 
        "long_term_average": 183833, 
        "short_term_average": 191146
    }, 
    {
        "date": "2012-07-31", 
        "operating_revenue": 246948, 
        "accumulated_operating_revenue": 1349947, 
        "long_term_average": 192849, 
        "short_term_average": 213907
    }, 
    {
        "date": "2012-08-31", 
        "operating_revenue": 180061, 
        "accumulated_operating_revenue": 1530008, 
        "long_term_average": 191251, 
        "short_term_average": 217117
    }, 
    {
        "date": "2012-09-30", 
        "operating_revenue": 173777, 
        "accumulated_operating_revenue": 1703785, 
        "long_term_average": 189309, 
        "short_term_average": 200262
    }, 
    {
        "date": "2012-10-31", 
        "operating_revenue": 183506, 
        "accumulated_operating_revenue": 1887291, 
        "long_term_average": 188729, 
        "short_term_average": 179114
    }, 
    {
        "date": "2012-11-30", 
        "operating_revenue": 162573, 
        "accumulated_operating_revenue": 2049864, 
        "long_term_average": 186351, 
        "short_term_average": 173285
    }, 
    {
        "date": "2012-12-31", 
        "operating_revenue": 219761, 
        "accumulated_operating_revenue": 2269625, 
        "long_term_average": 189135, 
        "short_term_average": 188613
    }, 
    {
        "accumulated_operating_revenue_yoy": -3.2644075977232725, 
        "accumulated_operating_revenue": 164347, 
        "long_term_average": 188673, 
        "date": "2013-01-31", 
        "operating_revenue": 164347, 
        "short_term_average": 182227
    }, 
    {
        "accumulated_operating_revenue_yoy": -15.658940397350992, 
        "accumulated_operating_revenue": 280181, 
        "long_term_average": 184800, 
        "date": "2013-02-28", 
        "operating_revenue": 115834, 
        "short_term_average": 166647
    }, 
    {
        "accumulated_operating_revenue_yoy": -19.608013460256554, 
        "accumulated_operating_revenue": 425723, 
        "long_term_average": 180482, 
        "date": "2013-03-31", 
        "operating_revenue": 145542, 
        "short_term_average": 141907
    }, 
    {
        "accumulated_operating_revenue_yoy": -13.357214666546177, 
        "accumulated_operating_revenue": 613625, 
        "long_term_average": 181252, 
        "date": "2013-04-30", 
        "operating_revenue": 187902, 
        "short_term_average": 149759
    }, 
    {
        "accumulated_operating_revenue_yoy": -12.163704753287695, 
        "accumulated_operating_revenue": 771778, 
        "long_term_average": 180229, 
        "date": "2013-05-31", 
        "operating_revenue": 158153, 
        "short_term_average": 163865
    }, 
    {
        "accumulated_operating_revenue_yoy": -17.55287176144312, 
        "accumulated_operating_revenue": 909391, 
        "long_term_average": 173001, 
        "date": "2013-06-30", 
        "operating_revenue": 137613, 
        "short_term_average": 161222
    }, 
    {
        "accumulated_operating_revenue_yoy": -15.893883241342069, 
        "accumulated_operating_revenue": 1135388, 
        "long_term_average": 171255, 
        "date": "2013-07-31", 
        "operating_revenue": 225997, 
        "short_term_average": 173921
    }, 
    {
        "accumulated_operating_revenue_yoy": -15.340442664352082, 
        "accumulated_operating_revenue": 1295298, 
        "long_term_average": 169576, 
        "date": "2013-08-31", 
        "operating_revenue": 159910, 
        "short_term_average": 174506
    }, 
    {
        "accumulated_operating_revenue_yoy": -14.83661377462532, 
        "accumulated_operating_revenue": 1451001, 
        "long_term_average": 168070, 
        "date": "2013-09-30", 
        "operating_revenue": 155703, 
        "short_term_average": 180536
    }, 
    {
        "accumulated_operating_revenue_yoy": -10.851744643512845, 
        "accumulated_operating_revenue": 1682487, 
        "long_term_average": 172068, 
        "date": "2013-10-31", 
        "operating_revenue": 231486, 
        "short_term_average": 182366
    }, 
    {
        "accumulated_operating_revenue_yoy": -8.538810379615429, 
        "accumulated_operating_revenue": 1874830, 
        "long_term_average": 174549, 
        "date": "2013-11-30", 
        "operating_revenue": 192343, 
        "short_term_average": 193177
    }, 
    {
        "accumulated_operating_revenue_yoy": -11.466651979952635, 
        "accumulated_operating_revenue": 2009375, 
        "long_term_average": 167447, 
        "date": "2013-12-31", 
        "operating_revenue": 134545, 
        "short_term_average": 186124
    }, 
    {
        "accumulated_operating_revenue_yoy": 23.026888230390576, 
        "accumulated_operating_revenue": 202191, 
        "long_term_average": 170601, 
        "date": "2014-01-31", 
        "operating_revenue": 202191, 
        "short_term_average": 176359
    }, 
    {
        "accumulated_operating_revenue_yoy": 23.685046452114882, 
        "accumulated_operating_revenue": 346542, 
        "long_term_average": 172978, 
        "date": "2014-02-28", 
        "operating_revenue": 144351, 
        "short_term_average": 160362
    }, 
    {
        "accumulated_operating_revenue_yoy": 26.637978215882157, 
        "accumulated_operating_revenue": 539127, 
        "long_term_average": 176898, 
        "date": "2014-03-31", 
        "operating_revenue": 192585, 
        "short_term_average": 179709
    }, 
    {
        "accumulated_operating_revenue_yoy": 19.420818904053778, 
        "accumulated_operating_revenue": 732796, 
        "long_term_average": 177378, 
        "date": "2014-04-30", 
        "operating_revenue": 193669, 
        "short_term_average": 176868
    }, 
    {
        "accumulated_operating_revenue_yoy": 12.148959934074306, 
        "accumulated_operating_revenue": 865541, 
        "long_term_average": 175261, 
        "date": "2014-05-31", 
        "operating_revenue": 132745, 
        "short_term_average": 172999
    }, 
    {
        "accumulated_operating_revenue_yoy": 13.359599996041307, 
        "accumulated_operating_revenue": 1030882, 
        "long_term_average": 177572, 
        "date": "2014-06-30", 
        "operating_revenue": 165341, 
        "short_term_average": 163918
    }, 
    {
        "accumulated_operating_revenue_yoy": 9.444084313027794, 
        "accumulated_operating_revenue": 1242615, 
        "long_term_average": 176383, 
        "date": "2014-07-31", 
        "operating_revenue": 211733, 
        "short_term_average": 169939
    }, 
    {
        "accumulated_operating_revenue_yoy": 8.188154386094936, 
        "accumulated_operating_revenue": 1401359, 
        "long_term_average": 176286, 
        "date": "2014-08-31", 
        "operating_revenue": 158744, 
        "short_term_average": 178606
    }, 
    {
        "accumulated_operating_revenue_yoy": 8.413639963032416, 
        "accumulated_operating_revenue": 1573083, 
        "long_term_average": 177621, 
        "date": "2014-09-30", 
        "operating_revenue": 171724, 
        "short_term_average": 180733
    }, 
    {
        "accumulated_operating_revenue_yoy": 4.795638837031134, 
        "accumulated_operating_revenue": 1763173, 
        "long_term_average": 174171, 
        "date": "2014-10-31", 
        "operating_revenue": 190090, 
        "short_term_average": 173519
    }, 
    {
        "accumulated_operating_revenue_yoy": 3.084226303184822, 
        "accumulated_operating_revenue": 1932654, 
        "long_term_average": 172266, 
        "date": "2014-11-30", 
        "operating_revenue": 169481, 
        "short_term_average": 177098
    }, 
    {
        "accumulated_operating_revenue_yoy": 5.977132192846034, 
        "accumulated_operating_revenue": 2129478, 
        "long_term_average": 177456, 
        "date": "2014-12-31", 
        "operating_revenue": 196824, 
        "short_term_average": 185465
    }, 
    {
        "accumulated_operating_revenue_yoy": 10.240317323718662, 
        "accumulated_operating_revenue": 222896, 
        "long_term_average": 179181, 
        "date": "2015-01-31", 
        "operating_revenue": 222896, 
        "short_term_average": 196400
    }, 
    {
        "accumulated_operating_revenue_yoy": -5.669154099647373, 
        "accumulated_operating_revenue": 326896, 
        "long_term_average": 175819, 
        "date": "2015-02-28", 
        "operating_revenue": 104000, 
        "short_term_average": 174573
    }, 
    {
        "accumulated_operating_revenue_yoy": 0.36410715842463837, 
        "accumulated_operating_revenue": 541090, 
        "long_term_average": 177620, 
        "date": "2015-03-31", 
        "operating_revenue": 214194, 
        "short_term_average": 180363
    }, 
    {
        "accumulated_operating_revenue_yoy": 4.0476476399980355, 
        "accumulated_operating_revenue": 762457, 
        "long_term_average": 179928, 
        "date": "2015-04-30", 
        "operating_revenue": 221367, 
        "short_term_average": 179853
    }, 
    {
        "accumulated_operating_revenue_yoy": 5.637167967779689, 
        "accumulated_operating_revenue": 914333, 
        "long_term_average": 181522, 
        "date": "2015-05-31", 
        "operating_revenue": 151876, 
        "short_term_average": 195812
    }, 
    {
        "accumulated_operating_revenue_yoy": 9.543769315983788, 
        "accumulated_operating_revenue": 1129267, 
        "long_term_average": 185655, 
        "date": "2015-06-30", 
        "operating_revenue": 214934, 
        "short_term_average": 196059
    }, 
    {
        "accumulated_operating_revenue_yoy": 6.907610160830186, 
        "accumulated_operating_revenue": 1328450, 
        "long_term_average": 184609, 
        "date": "2015-07-31", 
        "operating_revenue": 199183, 
        "short_term_average": 188664
    }, 
    {
        "accumulated_operating_revenue_yoy": 7.784657607365422, 
        "accumulated_operating_revenue": 1510450, 
        "long_term_average": 186547, 
        "date": "2015-08-31", 
        "operating_revenue": 182000, 
        "short_term_average": 198705
    }, 
    {
        "accumulated_operating_revenue_yoy": 8.683902883700352, 
        "accumulated_operating_revenue": 1709688, 
        "long_term_average": 188840, 
        "date": "2015-09-30", 
        "operating_revenue": 199238, 
        "short_term_average": 193473
    }, 
    {
        "accumulated_operating_revenue_yoy": 11.55070999839494, 
        "accumulated_operating_revenue": 1966832, 
        "long_term_average": 194428, 
        "date": "2015-10-31", 
        "operating_revenue": 257144, 
        "short_term_average": 212794
    }
]