[
    {
        "date": "2012-01-31", 
        "operating_revenue": 50129, 
        "accumulated_operating_revenue": 50129, 
        "long_term_average": 50129, 
        "short_term_average": 50129
    }, 
    {
        "date": "2012-02-29", 
        "operating_revenue": 77076, 
        "accumulated_operating_revenue": 127205, 
        "long_term_average": 63602, 
        "short_term_average": 63602
    }, 
    {
        "date": "2012-03-31", 
        "operating_revenue": 81259, 
        "accumulated_operating_revenue": 208464, 
        "long_term_average": 69488, 
        "short_term_average": 69488
    }, 
    {
        "date": "2012-04-30", 
        "operating_revenue": 73583, 
        "accumulated_operating_revenue": 282047, 
        "long_term_average": 70511, 
        "short_term_average": 77306
    }, 
    {
        "date": "2012-05-31", 
        "operating_revenue": 82858, 
        "accumulated_operating_revenue": 364905, 
        "long_term_average": 72981, 
        "short_term_average": 79233
    }, 
    {
        "date": "2012-06-30", 
        "operating_revenue": 180497, 
        "accumulated_operating_revenue": 545402, 
        "long_term_average": 90900, 
        "short_term_average": 112312
    }, 
    {
        "date": "2012-07-31", 
        "operating_revenue": 392442, 
        "accumulated_operating_revenue": 937844, 
        "long_term_average": 133977, 
        "short_term_average": 218599
    }, 
    {
        "date": "2012-08-31", 
        "operating_revenue": 320205, 
        "accumulated_operating_revenue": 1258049, 
        "long_term_average": 157256, 
        "short_term_average": 297714
    }, 
    {
        "date": "2012-09-30", 
        "operating_revenue": 248385, 
        "accumulated_operating_revenue": 1506434, 
        "long_term_average": 167381, 
        "short_term_average": 320344
    }, 
    {
        "date": "2012-10-31", 
        "operating_revenue": 192570, 
        "accumulated_operating_revenue": 1699004, 
        "long_term_average": 169900, 
        "short_term_average": 253720
    }, 
    {
        "date": "2012-11-30", 
        "operating_revenue": 105636, 
        "accumulated_operating_revenue": 1804640, 
        "long_term_average": 164058, 
        "short_term_average": 182197
    }, 
    {
        "date": "2012-12-31", 
        "operating_revenue": 55304, 
        "accumulated_operating_revenue": 1859944, 
        "long_term_average": 154995, 
        "short_term_average": 117836
    }, 
    {
        "accumulated_operating_revenue_yoy": 60.24855871850625, 
        "accumulated_operating_revenue": 80331, 
        "long_term_average": 157512, 
        "date": "2013-01-31", 
        "operating_revenue": 80331, 
        "short_term_average": 80423
    }, 
    {
        "accumulated_operating_revenue_yoy": 6.174285601981054, 
        "accumulated_operating_revenue": 135059, 
        "long_term_average": 155649, 
        "date": "2013-02-28", 
        "operating_revenue": 54728, 
        "short_term_average": 63454
    }, 
    {
        "accumulated_operating_revenue_yoy": 4.919314605879192, 
        "accumulated_operating_revenue": 218719, 
        "long_term_average": 155849, 
        "date": "2013-03-31", 
        "operating_revenue": 83660, 
        "short_term_average": 72906
    }, 
    {
        "accumulated_operating_revenue_yoy": 5.257279815066283, 
        "accumulated_operating_revenue": 296875, 
        "long_term_average": 156231, 
        "date": "2013-04-30", 
        "operating_revenue": 78156, 
        "short_term_average": 72181
    }, 
    {
        "accumulated_operating_revenue_yoy": 5.220536852057385, 
        "accumulated_operating_revenue": 383955, 
        "long_term_average": 156582, 
        "date": "2013-05-31", 
        "operating_revenue": 87080, 
        "short_term_average": 82965
    }, 
    {
        "accumulated_operating_revenue_yoy": -12.09603191774141, 
        "accumulated_operating_revenue": 479430, 
        "long_term_average": 149497, 
        "date": "2013-06-30", 
        "operating_revenue": 95475, 
        "short_term_average": 86903
    }, 
    {
        "accumulated_operating_revenue_yoy": -27.960407061302305, 
        "accumulated_operating_revenue": 675619, 
        "long_term_average": 133143, 
        "date": "2013-07-31", 
        "operating_revenue": 196189, 
        "short_term_average": 126248
    }, 
    {
        "accumulated_operating_revenue_yoy": -31.91123716166858, 
        "accumulated_operating_revenue": 856590, 
        "long_term_average": 121540, 
        "date": "2013-08-31", 
        "operating_revenue": 180971, 
        "short_term_average": 157545
    }, 
    {
        "accumulated_operating_revenue_yoy": -34.27146492976127, 
        "accumulated_operating_revenue": 990157, 
        "long_term_average": 111972, 
        "date": "2013-09-30", 
        "operating_revenue": 133567, 
        "short_term_average": 170242
    }, 
    {
        "accumulated_operating_revenue_yoy": -32.85536702679923, 
        "accumulated_operating_revenue": 1140790, 
        "long_term_average": 108477, 
        "date": "2013-10-31", 
        "operating_revenue": 150633, 
        "short_term_average": 155057
    }, 
    {
        "accumulated_operating_revenue_yoy": -31.44710302331767, 
        "accumulated_operating_revenue": 1237133, 
        "long_term_average": 107703, 
        "date": "2013-11-30", 
        "operating_revenue": 96343, 
        "short_term_average": 126847
    }, 
    {
        "accumulated_operating_revenue_yoy": -28.110685052883312, 
        "accumulated_operating_revenue": 1337101, 
        "long_term_average": 111425, 
        "date": "2013-12-31", 
        "operating_revenue": 99968, 
        "short_term_average": 115648
    }, 
    {
        "accumulated_operating_revenue_yoy": -14.036922234255766, 
        "accumulated_operating_revenue": 69055, 
        "long_term_average": 110485, 
        "date": "2014-01-31", 
        "operating_revenue": 69055, 
        "short_term_average": 88455
    }, 
    {
        "accumulated_operating_revenue_yoy": 6.999903745770367, 
        "accumulated_operating_revenue": 144513, 
        "long_term_average": 112212, 
        "date": "2014-02-28", 
        "operating_revenue": 75458, 
        "short_term_average": 81493
    }, 
    {
        "accumulated_operating_revenue_yoy": 5.334698860181328, 
        "accumulated_operating_revenue": 230387, 
        "long_term_average": 112397, 
        "date": "2014-03-31", 
        "operating_revenue": 85874, 
        "short_term_average": 76795
    }, 
    {
        "accumulated_operating_revenue_yoy": 4.184926315789474, 
        "accumulated_operating_revenue": 309299, 
        "long_term_average": 112460, 
        "date": "2014-04-30", 
        "operating_revenue": 78912, 
        "short_term_average": 80081
    }, 
    {
        "accumulated_operating_revenue_yoy": 2.891745126381998, 
        "accumulated_operating_revenue": 395058, 
        "long_term_average": 112350, 
        "date": "2014-05-31", 
        "operating_revenue": 85759, 
        "short_term_average": 83515
    }, 
    {
        "accumulated_operating_revenue_yoy": 6.931564566255761, 
        "accumulated_operating_revenue": 512662, 
        "long_term_average": 114194, 
        "date": "2014-06-30", 
        "operating_revenue": 117604, 
        "short_term_average": 94091
    }, 
    {
        "accumulated_operating_revenue_yoy": -3.4179026936779455, 
        "accumulated_operating_revenue": 652527, 
        "long_term_average": 109500, 
        "date": "2014-07-31", 
        "operating_revenue": 139865, 
        "short_term_average": 114409
    }, 
    {
        "accumulated_operating_revenue_yoy": -0.9861193803336485, 
        "accumulated_operating_revenue": 848143, 
        "long_term_average": 110721, 
        "date": "2014-08-31", 
        "operating_revenue": 195616, 
        "short_term_average": 151028
    }, 
    {
        "accumulated_operating_revenue_yoy": -2.6262501805269265, 
        "accumulated_operating_revenue": 964153, 
        "long_term_average": 109258, 
        "date": "2014-09-30", 
        "operating_revenue": 116010, 
        "short_term_average": 150497
    }, 
    {
        "accumulated_operating_revenue_yoy": -8.433804644150108, 
        "accumulated_operating_revenue": 1044578, 
        "long_term_average": 103407, 
        "date": "2014-10-31", 
        "operating_revenue": 80425, 
        "short_term_average": 130683
    }, 
    {
        "accumulated_operating_revenue_yoy": -5.142939360602296, 
        "accumulated_operating_revenue": 1173508, 
        "long_term_average": 106123, 
        "date": "2014-11-30", 
        "operating_revenue": 128930, 
        "short_term_average": 108455
    }, 
    {
        "accumulated_operating_revenue_yoy": -4.174179811397942, 
        "accumulated_operating_revenue": 1281288, 
        "long_term_average": 106774, 
        "date": "2014-12-31", 
        "operating_revenue": 107780, 
        "short_term_average": 105711
    }, 
    {
        "accumulated_operating_revenue_yoy": 36.567953080877565, 
        "accumulated_operating_revenue": 94307, 
        "long_term_average": 108878, 
        "date": "2015-01-31", 
        "operating_revenue": 94307, 
        "short_term_average": 110339
    }, 
    {
        "accumulated_operating_revenue_yoy": 14.217406046514846, 
        "accumulated_operating_revenue": 165059, 
        "long_term_average": 108486, 
        "date": "2015-02-28", 
        "operating_revenue": 70752, 
        "short_term_average": 90946
    }, 
    {
        "accumulated_operating_revenue_yoy": 7.936211678610339, 
        "accumulated_operating_revenue": 248671, 
        "long_term_average": 108297, 
        "date": "2015-03-31", 
        "operating_revenue": 83612, 
        "short_term_average": 82890
    }, 
    {
        "accumulated_operating_revenue_yoy": 7.489516616607231, 
        "accumulated_operating_revenue": 332464, 
        "long_term_average": 108704, 
        "date": "2015-04-30", 
        "operating_revenue": 83793, 
        "short_term_average": 79385
    }, 
    {
        "accumulated_operating_revenue_yoy": 5.277959185739816, 
        "accumulated_operating_revenue": 415909, 
        "long_term_average": 108511, 
        "date": "2015-05-31", 
        "operating_revenue": 83445, 
        "short_term_average": 83616
    }, 
    {
        "accumulated_operating_revenue_yoy": 1.1838209190460771, 
        "accumulated_operating_revenue": 518731, 
        "long_term_average": 107279, 
        "date": "2015-06-30", 
        "operating_revenue": 102822, 
        "short_term_average": 90020
    }, 
    {
        "accumulated_operating_revenue_yoy": 4.425257498923417, 
        "accumulated_operating_revenue": 681403, 
        "long_term_average": 109180, 
        "date": "2015-07-31", 
        "operating_revenue": 162672, 
        "short_term_average": 116313
    }, 
    {
        "accumulated_operating_revenue_yoy": -1.1927233968800073, 
        "accumulated_operating_revenue": 838027, 
        "long_term_average": 105931, 
        "date": "2015-08-31", 
        "operating_revenue": 156624, 
        "short_term_average": 140706
    }, 
    {
        "accumulated_operating_revenue_yoy": -2.9343890440625087, 
        "accumulated_operating_revenue": 935861, 
        "long_term_average": 104416, 
        "date": "2015-09-30", 
        "operating_revenue": 97834, 
        "short_term_average": 139043
    }
]