[
    {
        "date": "2011-09-30", 
        "operating_revenue": 290783, 
        "accumulated_operating_revenue": 290783, 
        "long_term_average": 290783, 
        "short_term_average": 290783
    }, 
    {
        "date": "2011-10-31", 
        "operating_revenue": 300852, 
        "accumulated_operating_revenue": 591635, 
        "long_term_average": 295817, 
        "short_term_average": 295817
    }, 
    {
        "date": "2011-11-30", 
        "operating_revenue": 266744, 
        "accumulated_operating_revenue": 858379, 
        "long_term_average": 286126, 
        "short_term_average": 286126
    }, 
    {
        "date": "2011-12-31", 
        "operating_revenue": 287932, 
        "accumulated_operating_revenue": 1146311, 
        "long_term_average": 286577, 
        "short_term_average": 285176
    }, 
    {
        "date": "2012-01-31", 
        "operating_revenue": 242202, 
        "accumulated_operating_revenue": 242202, 
        "long_term_average": 277702, 
        "short_term_average": 265626
    }, 
    {
        "date": "2012-02-29", 
        "operating_revenue": 214596, 
        "accumulated_operating_revenue": 456798, 
        "long_term_average": 267184, 
        "short_term_average": 248243
    }, 
    {
        "date": "2012-03-31", 
        "operating_revenue": 294157, 
        "accumulated_operating_revenue": 750955, 
        "long_term_average": 271038, 
        "short_term_average": 250318
    }, 
    {
        "date": "2012-04-30", 
        "operating_revenue": 246390, 
        "accumulated_operating_revenue": 997345, 
        "long_term_average": 267957, 
        "short_term_average": 251714
    }, 
    {
        "date": "2012-05-31", 
        "operating_revenue": 363005, 
        "accumulated_operating_revenue": 1360350, 
        "long_term_average": 278517, 
        "short_term_average": 301184
    }, 
    {
        "date": "2012-06-30", 
        "operating_revenue": 372751, 
        "accumulated_operating_revenue": 1733101, 
        "long_term_average": 287941, 
        "short_term_average": 327382
    }, 
    {
        "date": "2012-07-31", 
        "operating_revenue": 364674, 
        "accumulated_operating_revenue": 2097775, 
        "long_term_average": 294916, 
        "short_term_average": 366810
    }, 
    {
        "date": "2012-08-31", 
        "operating_revenue": 346390, 
        "accumulated_operating_revenue": 2444165, 
        "long_term_average": 299206, 
        "short_term_average": 361271
    }, 
    {
        "accumulated_operating_revenue_yoy": 831.2456367806922, 
        "accumulated_operating_revenue": 2707904, 
        "long_term_average": 296952, 
        "date": "2012-09-30", 
        "operating_revenue": 263739, 
        "short_term_average": 324934
    }, 
    {
        "accumulated_operating_revenue_yoy": 395.41321929906104, 
        "accumulated_operating_revenue": 2931038, 
        "long_term_average": 290476, 
        "date": "2012-10-31", 
        "operating_revenue": 223134, 
        "short_term_average": 277754
    }, 
    {
        "accumulated_operating_revenue_yoy": 271.8799038653089, 
        "accumulated_operating_revenue": 3192139, 
        "long_term_average": 290005, 
        "date": "2012-11-30", 
        "operating_revenue": 261101, 
        "short_term_average": 249324
    }, 
    {
        "accumulated_operating_revenue_yoy": 217.1771883895383, 
        "accumulated_operating_revenue": 3635837, 
        "long_term_average": 302986, 
        "date": "2012-12-31", 
        "operating_revenue": 443698, 
        "short_term_average": 309311
    }, 
    {
        "accumulated_operating_revenue_yoy": -11.515181542679251, 
        "accumulated_operating_revenue": 214312, 
        "long_term_average": 300662, 
        "date": "2013-01-31", 
        "operating_revenue": 214312, 
        "short_term_average": 306370
    }, 
    {
        "accumulated_operating_revenue_yoy": -25.932906886632605, 
        "accumulated_operating_revenue": 338337, 
        "long_term_average": 293114, 
        "date": "2013-02-28", 
        "operating_revenue": 124025, 
        "short_term_average": 260678
    }, 
    {
        "accumulated_operating_revenue_yoy": -19.318867308959923, 
        "accumulated_operating_revenue": 605879, 
        "long_term_average": 290896, 
        "date": "2013-03-31", 
        "operating_revenue": 267542, 
        "short_term_average": 201959
    }, 
    {
        "accumulated_operating_revenue_yoy": -4.72624818894164, 
        "accumulated_operating_revenue": 950208, 
        "long_term_average": 299058, 
        "date": "2013-04-30", 
        "operating_revenue": 344329, 
        "short_term_average": 245298
    }, 
    {
        "accumulated_operating_revenue_yoy": -1.5912081449626934, 
        "accumulated_operating_revenue": 1338704, 
        "long_term_average": 301182, 
        "date": "2013-05-31", 
        "operating_revenue": 388496, 
        "short_term_average": 333455
    }, 
    {
        "accumulated_operating_revenue_yoy": -1.7929133962763855, 
        "accumulated_operating_revenue": 1702028, 
        "long_term_average": 300397, 
        "date": "2013-06-30", 
        "operating_revenue": 363324, 
        "short_term_average": 365383
    }, 
    {
        "accumulated_operating_revenue_yoy": -5.5333865643360225, 
        "accumulated_operating_revenue": 1981697, 
        "long_term_average": 293313, 
        "date": "2013-07-31", 
        "operating_revenue": 279669, 
        "short_term_average": 343829
    }, 
    {
        "accumulated_operating_revenue_yoy": -8.076582391123349, 
        "accumulated_operating_revenue": 2246760, 
        "long_term_average": 286536, 
        "date": "2013-08-31", 
        "operating_revenue": 265063, 
        "short_term_average": 302685
    }, 
    {
        "accumulated_operating_revenue_yoy": -4.180465777221054, 
        "accumulated_operating_revenue": 2594701, 
        "long_term_average": 293552, 
        "date": "2013-09-30", 
        "operating_revenue": 347941, 
        "short_term_average": 297557
    }, 
    {
        "accumulated_operating_revenue_yoy": -2.357219524277747, 
        "accumulated_operating_revenue": 2861947, 
        "long_term_average": 297228, 
        "date": "2013-10-31", 
        "operating_revenue": 267246, 
        "short_term_average": 293416
    }, 
    {
        "accumulated_operating_revenue_yoy": -0.9065081439122794, 
        "accumulated_operating_revenue": 3163202, 
        "long_term_average": 300575, 
        "date": "2013-11-30", 
        "operating_revenue": 301255, 
        "short_term_average": 305480
    }, 
    {
        "accumulated_operating_revenue_yoy": -5.3971341399518185, 
        "accumulated_operating_revenue": 3439606, 
        "long_term_average": 286633, 
        "date": "2013-12-31", 
        "operating_revenue": 276404, 
        "short_term_average": 281635
    }, 
    {
        "accumulated_operating_revenue_yoy": 22.912856022994514, 
        "accumulated_operating_revenue": 263417, 
        "long_term_average": 290725, 
        "date": "2014-01-31", 
        "operating_revenue": 263417, 
        "short_term_average": 280358
    }, 
    {
        "accumulated_operating_revenue_yoy": 44.107797846525806, 
        "accumulated_operating_revenue": 487570, 
        "long_term_average": 299069, 
        "date": "2014-02-28", 
        "operating_revenue": 224153, 
        "short_term_average": 254658
    }, 
    {
        "accumulated_operating_revenue_yoy": 41.25708268482651, 
        "accumulated_operating_revenue": 855847, 
        "long_term_average": 307464, 
        "date": "2014-03-31", 
        "operating_revenue": 368277, 
        "short_term_average": 285282
    }, 
    {
        "accumulated_operating_revenue_yoy": 16.469025729103524, 
        "accumulated_operating_revenue": 1106698, 
        "long_term_average": 299674, 
        "date": "2014-04-30", 
        "operating_revenue": 250851, 
        "short_term_average": 281093
    }, 
    {
        "accumulated_operating_revenue_yoy": 11.841826124371034, 
        "accumulated_operating_revenue": 1497231, 
        "long_term_average": 299844, 
        "date": "2014-05-31", 
        "operating_revenue": 390533, 
        "short_term_average": 336553
    }, 
    {
        "accumulated_operating_revenue_yoy": 11.24775855626347, 
        "accumulated_operating_revenue": 1893468, 
        "long_term_average": 302587, 
        "date": "2014-06-30", 
        "operating_revenue": 396237, 
        "short_term_average": 345873
    }, 
    {
        "accumulated_operating_revenue_yoy": 9.897073064146538, 
        "accumulated_operating_revenue": 2177827, 
        "long_term_average": 302978, 
        "date": "2014-07-31", 
        "operating_revenue": 284359, 
        "short_term_average": 357043
    }, 
    {
        "accumulated_operating_revenue_yoy": 8.965443572077124, 
        "accumulated_operating_revenue": 2448192, 
        "long_term_average": 303419, 
        "date": "2014-08-31", 
        "operating_revenue": 270365, 
        "short_term_average": 316987
    }, 
    {
        "accumulated_operating_revenue_yoy": 5.727789059317432, 
        "accumulated_operating_revenue": 2743320, 
        "long_term_average": 299018, 
        "date": "2014-09-30", 
        "operating_revenue": 295128, 
        "short_term_average": 283284
    }, 
    {
        "accumulated_operating_revenue_yoy": 4.027957191380553, 
        "accumulated_operating_revenue": 2977225, 
        "long_term_average": 296240, 
        "date": "2014-10-31", 
        "operating_revenue": 233905, 
        "short_term_average": 266466
    }, 
    {
        "accumulated_operating_revenue_yoy": 1.3772120781410735, 
        "accumulated_operating_revenue": 3206766, 
        "long_term_average": 290264, 
        "date": "2014-11-30", 
        "operating_revenue": 229541, 
        "short_term_average": 252858
    }, 
    {
        "accumulated_operating_revenue_yoy": 8.64026286731678, 
        "accumulated_operating_revenue": 3736797, 
        "long_term_average": 311399, 
        "date": "2014-12-31", 
        "operating_revenue": 530031, 
        "short_term_average": 331159
    }, 
    {
        "accumulated_operating_revenue_yoy": -16.575619644897635, 
        "accumulated_operating_revenue": 219754, 
        "long_term_average": 307761, 
        "date": "2015-01-31", 
        "operating_revenue": 219754, 
        "short_term_average": 326442
    }, 
    {
        "accumulated_operating_revenue_yoy": -32.57993723978095, 
        "accumulated_operating_revenue": 328720, 
        "long_term_average": 298162, 
        "date": "2015-02-28", 
        "operating_revenue": 108966, 
        "short_term_average": 286250
    }, 
    {
        "accumulated_operating_revenue_yoy": -25.644186402476144, 
        "accumulated_operating_revenue": 636372, 
        "long_term_average": 293110, 
        "date": "2015-03-31", 
        "operating_revenue": 307652, 
        "short_term_average": 212124
    }, 
    {
        "accumulated_operating_revenue_yoy": -20.82031412363626, 
        "accumulated_operating_revenue": 876280, 
        "long_term_average": 292198, 
        "date": "2015-04-30", 
        "operating_revenue": 239908, 
        "short_term_average": 218842
    }, 
    {
        "accumulated_operating_revenue_yoy": -23.045408490740574, 
        "accumulated_operating_revenue": 1152188, 
        "long_term_average": 282646, 
        "date": "2015-05-31", 
        "operating_revenue": 275908, 
        "short_term_average": 274489
    }, 
    {
        "accumulated_operating_revenue_yoy": -14.553665549140518, 
        "accumulated_operating_revenue": 1617899, 
        "long_term_average": 288435, 
        "date": "2015-06-30", 
        "operating_revenue": 465711, 
        "short_term_average": 327175
    }, 
    {
        "accumulated_operating_revenue_yoy": -11.983550575872188, 
        "accumulated_operating_revenue": 1916846, 
        "long_term_average": 289651, 
        "date": "2015-07-31", 
        "operating_revenue": 298947, 
        "short_term_average": 346855
    }, 
    {
        "accumulated_operating_revenue_yoy": -10.593899498078581, 
        "accumulated_operating_revenue": 2188833, 
        "long_term_average": 289786, 
        "date": "2015-08-31", 
        "operating_revenue": 271987, 
        "short_term_average": 345548
    }, 
    {
        "accumulated_operating_revenue_yoy": -9.834944519778954, 
        "accumulated_operating_revenue": 2473516, 
        "long_term_average": 288916, 
        "date": "2015-09-30", 
        "operating_revenue": 284683, 
        "short_term_average": 285205
    }
]