[
    {
        "date": "2012-01-31", 
        "operating_revenue": 87317, 
        "accumulated_operating_revenue": 87317, 
        "long_term_average": 87317, 
        "short_term_average": 87317
    }, 
    {
        "date": "2012-02-29", 
        "operating_revenue": 127714, 
        "accumulated_operating_revenue": 215031, 
        "long_term_average": 107515, 
        "short_term_average": 107515
    }, 
    {
        "date": "2012-03-31", 
        "operating_revenue": 138587, 
        "accumulated_operating_revenue": 353618, 
        "long_term_average": 117872, 
        "short_term_average": 117872
    }, 
    {
        "date": "2012-04-30", 
        "operating_revenue": 169758, 
        "accumulated_operating_revenue": 523376, 
        "long_term_average": 130844, 
        "short_term_average": 145353
    }, 
    {
        "date": "2012-05-31", 
        "operating_revenue": 104216, 
        "accumulated_operating_revenue": 627592, 
        "long_term_average": 125518, 
        "short_term_average": 137520
    }, 
    {
        "date": "2012-06-30", 
        "operating_revenue": 140026, 
        "accumulated_operating_revenue": 767618, 
        "long_term_average": 127936, 
        "short_term_average": 138000
    }, 
    {
        "date": "2012-07-31", 
        "operating_revenue": 131650, 
        "accumulated_operating_revenue": 899268, 
        "long_term_average": 128466, 
        "short_term_average": 125297
    }, 
    {
        "date": "2012-08-31", 
        "operating_revenue": 135474, 
        "accumulated_operating_revenue": 1034742, 
        "long_term_average": 129342, 
        "short_term_average": 135716
    }, 
    {
        "date": "2012-09-30", 
        "operating_revenue": 132041, 
        "accumulated_operating_revenue": 1166783, 
        "long_term_average": 129642, 
        "short_term_average": 133055
    }, 
    {
        "date": "2012-10-31", 
        "operating_revenue": 150974, 
        "accumulated_operating_revenue": 1317757, 
        "long_term_average": 131775, 
        "short_term_average": 139496
    }, 
    {
        "date": "2012-11-30", 
        "operating_revenue": 149253, 
        "accumulated_operating_revenue": 1467010, 
        "long_term_average": 133364, 
        "short_term_average": 144089
    }, 
    {
        "date": "2012-12-31", 
        "operating_revenue": 162097, 
        "accumulated_operating_revenue": 1629107, 
        "long_term_average": 135758, 
        "short_term_average": 154108
    }, 
    {
        "accumulated_operating_revenue_yoy": 42.573611095204825, 
        "accumulated_operating_revenue": 124491, 
        "long_term_average": 138856, 
        "date": "2013-01-31", 
        "operating_revenue": 124491, 
        "short_term_average": 145280
    }, 
    {
        "accumulated_operating_revenue_yoy": -2.8461012598183517, 
        "accumulated_operating_revenue": 208911, 
        "long_term_average": 135248, 
        "date": "2013-02-28", 
        "operating_revenue": 84420, 
        "short_term_average": 123669
    }, 
    {
        "accumulated_operating_revenue_yoy": -11.447381072230487, 
        "accumulated_operating_revenue": 313138, 
        "long_term_average": 132385, 
        "date": "2013-03-31", 
        "operating_revenue": 104227, 
        "short_term_average": 104379
    }, 
    {
        "accumulated_operating_revenue_yoy": -15.741264406468773, 
        "accumulated_operating_revenue": 440990, 
        "long_term_average": 128893, 
        "date": "2013-04-30", 
        "operating_revenue": 127852, 
        "short_term_average": 105499
    }, 
    {
        "accumulated_operating_revenue_yoy": -12.25668905913396, 
        "accumulated_operating_revenue": 550670, 
        "long_term_average": 129348, 
        "date": "2013-05-31", 
        "operating_revenue": 109680, 
        "short_term_average": 113919
    }, 
    {
        "accumulated_operating_revenue_yoy": -12.070717466239717, 
        "accumulated_operating_revenue": 674961, 
        "long_term_average": 128037, 
        "date": "2013-06-30", 
        "operating_revenue": 124291, 
        "short_term_average": 120607
    }, 
    {
        "accumulated_operating_revenue_yoy": -12.170231788521331, 
        "accumulated_operating_revenue": 789825, 
        "long_term_average": 126638, 
        "date": "2013-07-31", 
        "operating_revenue": 114864, 
        "short_term_average": 116278
    }, 
    {
        "accumulated_operating_revenue_yoy": -11.674504369205078, 
        "accumulated_operating_revenue": 913941, 
        "long_term_average": 125692, 
        "date": "2013-08-31", 
        "operating_revenue": 124116, 
        "short_term_average": 121090
    }, 
    {
        "accumulated_operating_revenue_yoy": -13.090180436293638, 
        "accumulated_operating_revenue": 1014049, 
        "long_term_average": 123031, 
        "date": "2013-09-30", 
        "operating_revenue": 100108, 
        "short_term_average": 113029
    }, 
    {
        "accumulated_operating_revenue_yoy": -14.804550459606741, 
        "accumulated_operating_revenue": 1122669, 
        "long_term_average": 119501, 
        "date": "2013-10-31", 
        "operating_revenue": 108620, 
        "short_term_average": 110948
    }, 
    {
        "accumulated_operating_revenue_yoy": -14.10678863811426, 
        "accumulated_operating_revenue": 1260062, 
        "long_term_average": 118513, 
        "date": "2013-11-30", 
        "operating_revenue": 137393, 
        "short_term_average": 115373
    }, 
    {
        "accumulated_operating_revenue_yoy": -10.773202742361306, 
        "accumulated_operating_revenue": 1453600, 
        "long_term_average": 121133, 
        "date": "2013-12-31", 
        "operating_revenue": 193538, 
        "short_term_average": 146517
    }, 
    {
        "accumulated_operating_revenue_yoy": -36.81792258074881, 
        "accumulated_operating_revenue": 78656, 
        "long_term_average": 117313, 
        "date": "2014-01-31", 
        "operating_revenue": 78656, 
        "short_term_average": 136529
    }, 
    {
        "accumulated_operating_revenue_yoy": 31.89204972452384, 
        "accumulated_operating_revenue": 275537, 
        "long_term_average": 126685, 
        "date": "2014-02-28", 
        "operating_revenue": 196881, 
        "short_term_average": 156358
    }, 
    {
        "accumulated_operating_revenue_yoy": 30.01168813749848, 
        "accumulated_operating_revenue": 407116, 
        "long_term_average": 128964, 
        "date": "2014-03-31", 
        "operating_revenue": 131579, 
        "short_term_average": 135705
    }, 
    {
        "accumulated_operating_revenue_yoy": 14.493752692804826, 
        "accumulated_operating_revenue": 504906, 
        "long_term_average": 126459, 
        "date": "2014-04-30", 
        "operating_revenue": 97790, 
        "short_term_average": 142083
    }, 
    {
        "accumulated_operating_revenue_yoy": 14.063413659723608, 
        "accumulated_operating_revenue": 628113, 
        "long_term_average": 127586, 
        "date": "2014-05-31", 
        "operating_revenue": 123207, 
        "short_term_average": 117525
    }, 
    {
        "accumulated_operating_revenue_yoy": 12.190482116744523, 
        "accumulated_operating_revenue": 757242, 
        "long_term_average": 127990, 
        "date": "2014-06-30", 
        "operating_revenue": 129129, 
        "short_term_average": 116708
    }, 
    {
        "accumulated_operating_revenue_yoy": 7.389485012502769, 
        "accumulated_operating_revenue": 848189, 
        "long_term_average": 125997, 
        "date": "2014-07-31", 
        "operating_revenue": 90947, 
        "short_term_average": 114427
    }, 
    {
        "accumulated_operating_revenue_yoy": 10.29825776499796, 
        "accumulated_operating_revenue": 1008061, 
        "long_term_average": 128976, 
        "date": "2014-08-31", 
        "operating_revenue": 159872, 
        "short_term_average": 126649
    }, 
    {
        "accumulated_operating_revenue_yoy": 11.521139511009823, 
        "accumulated_operating_revenue": 1130879, 
        "long_term_average": 130869, 
        "date": "2014-09-30", 
        "operating_revenue": 122818, 
        "short_term_average": 124545
    }, 
    {
        "accumulated_operating_revenue_yoy": 11.661406879498767, 
        "accumulated_operating_revenue": 1253588, 
        "long_term_average": 132043, 
        "date": "2014-10-31", 
        "operating_revenue": 122709, 
        "short_term_average": 135133
    }, 
    {
        "accumulated_operating_revenue_yoy": 7.043859746583898, 
        "accumulated_operating_revenue": 1348819, 
        "long_term_average": 128529, 
        "date": "2014-11-30", 
        "operating_revenue": 95231, 
        "short_term_average": 113586
    }, 
    {
        "accumulated_operating_revenue_yoy": 5.35305448541552, 
        "accumulated_operating_revenue": 1531412, 
        "long_term_average": 127617, 
        "date": "2014-12-31", 
        "operating_revenue": 182593, 
        "short_term_average": 133511
    }, 
    {
        "accumulated_operating_revenue_yoy": 41.01784987794955, 
        "accumulated_operating_revenue": 110919, 
        "long_term_average": 130306, 
        "date": "2015-01-31", 
        "operating_revenue": 110919, 
        "short_term_average": 129581
    }, 
    {
        "accumulated_operating_revenue_yoy": -30.254738927984263, 
        "accumulated_operating_revenue": 192174, 
        "long_term_average": 120670, 
        "date": "2015-02-28", 
        "operating_revenue": 81255, 
        "short_term_average": 124922
    }, 
    {
        "accumulated_operating_revenue_yoy": -21.679324811601607, 
        "accumulated_operating_revenue": 318856, 
        "long_term_average": 120262, 
        "date": "2015-03-31", 
        "operating_revenue": 126682, 
        "short_term_average": 106285
    }, 
    {
        "accumulated_operating_revenue_yoy": -10.28627110788939, 
        "accumulated_operating_revenue": 452970, 
        "long_term_average": 123289, 
        "date": "2015-04-30", 
        "operating_revenue": 134114, 
        "short_term_average": 114017
    }, 
    {
        "accumulated_operating_revenue_yoy": -13.828244280885766, 
        "accumulated_operating_revenue": 541256, 
        "long_term_average": 120379, 
        "date": "2015-05-31", 
        "operating_revenue": 88286, 
        "short_term_average": 116360
    }, 
    {
        "accumulated_operating_revenue_yoy": -9.742592196418054, 
        "accumulated_operating_revenue": 683467, 
        "long_term_average": 121469, 
        "date": "2015-06-30", 
        "operating_revenue": 142211, 
        "short_term_average": 121537
    }, 
    {
        "accumulated_operating_revenue_yoy": -5.202731938282623, 
        "accumulated_operating_revenue": 804060, 
        "long_term_average": 123940, 
        "date": "2015-07-31", 
        "operating_revenue": 120593, 
        "short_term_average": 117030
    }, 
    {
        "accumulated_operating_revenue_yoy": -9.938981867168753, 
        "accumulated_operating_revenue": 907870, 
        "long_term_average": 119268, 
        "date": "2015-08-31", 
        "operating_revenue": 103810, 
        "short_term_average": 122204
    }, 
    {
        "accumulated_operating_revenue_yoy": -9.757631010921592, 
        "accumulated_operating_revenue": 1020532, 
        "long_term_average": 118422, 
        "date": "2015-09-30", 
        "operating_revenue": 112662, 
        "short_term_average": 112355
    }
]