[
    {
        "date": "2012-01-31", 
        "operating_revenue": 56372, 
        "accumulated_operating_revenue": 56372, 
        "long_term_average": 56372, 
        "short_term_average": 56372
    }, 
    {
        "date": "2012-02-29", 
        "operating_revenue": 41464, 
        "accumulated_operating_revenue": 97836, 
        "long_term_average": 48918, 
        "short_term_average": 48918
    }, 
    {
        "date": "2012-03-31", 
        "operating_revenue": 68143, 
        "accumulated_operating_revenue": 165979, 
        "long_term_average": 55326, 
        "short_term_average": 55326
    }, 
    {
        "date": "2012-04-30", 
        "operating_revenue": 52826, 
        "accumulated_operating_revenue": 218805, 
        "long_term_average": 54701, 
        "short_term_average": 54144
    }, 
    {
        "date": "2012-05-31", 
        "operating_revenue": 58274, 
        "accumulated_operating_revenue": 277079, 
        "long_term_average": 55415, 
        "short_term_average": 59747
    }, 
    {
        "date": "2012-06-30", 
        "operating_revenue": 53495, 
        "accumulated_operating_revenue": 330574, 
        "long_term_average": 55095, 
        "short_term_average": 54865
    }, 
    {
        "date": "2012-07-31", 
        "operating_revenue": 56236, 
        "accumulated_operating_revenue": 386810, 
        "long_term_average": 55258, 
        "short_term_average": 56001
    }, 
    {
        "date": "2012-08-31", 
        "operating_revenue": 70060, 
        "accumulated_operating_revenue": 456870, 
        "long_term_average": 57108, 
        "short_term_average": 59930
    }, 
    {
        "date": "2012-09-30", 
        "operating_revenue": 55196, 
        "accumulated_operating_revenue": 512066, 
        "long_term_average": 56896, 
        "short_term_average": 60497
    }, 
    {
        "date": "2012-10-31", 
        "operating_revenue": 42429, 
        "accumulated_operating_revenue": 554495, 
        "long_term_average": 55449, 
        "short_term_average": 55895
    }, 
    {
        "date": "2012-11-30", 
        "operating_revenue": 60767, 
        "accumulated_operating_revenue": 615262, 
        "long_term_average": 55932, 
        "short_term_average": 52797
    }, 
    {
        "date": "2012-12-31", 
        "operating_revenue": 74110, 
        "accumulated_operating_revenue": 689372, 
        "long_term_average": 57447, 
        "short_term_average": 59102
    }, 
    {
        "accumulated_operating_revenue_yoy": 25.23770666288228, 
        "accumulated_operating_revenue": 70599, 
        "long_term_average": 58633, 
        "date": "2013-01-31", 
        "operating_revenue": 70599, 
        "short_term_average": 68492
    }, 
    {
        "accumulated_operating_revenue_yoy": 25.86471237581258, 
        "accumulated_operating_revenue": 123141, 
        "long_term_average": 59556, 
        "date": "2013-02-28", 
        "operating_revenue": 52542, 
        "short_term_average": 65750
    }, 
    {
        "accumulated_operating_revenue_yoy": 2.8340934696558, 
        "accumulated_operating_revenue": 170683, 
        "long_term_average": 57839, 
        "date": "2013-03-31", 
        "operating_revenue": 47542, 
        "short_term_average": 56894
    }, 
    {
        "accumulated_operating_revenue_yoy": -2.0813052718173717, 
        "accumulated_operating_revenue": 214251, 
        "long_term_average": 57068, 
        "date": "2013-04-30", 
        "operating_revenue": 43568, 
        "short_term_average": 47884
    }, 
    {
        "accumulated_operating_revenue_yoy": -6.293151050783351, 
        "accumulated_operating_revenue": 259642, 
        "long_term_average": 55994, 
        "date": "2013-05-31", 
        "operating_revenue": 45391, 
        "short_term_average": 45500
    }, 
    {
        "accumulated_operating_revenue_yoy": -0.7623104055370357, 
        "accumulated_operating_revenue": 328054, 
        "long_term_average": 57237, 
        "date": "2013-06-30", 
        "operating_revenue": 68412, 
        "short_term_average": 52457
    }, 
    {
        "accumulated_operating_revenue_yoy": -2.5728393785062433, 
        "accumulated_operating_revenue": 376858, 
        "long_term_average": 56618, 
        "date": "2013-07-31", 
        "operating_revenue": 48804, 
        "short_term_average": 54202
    }, 
    {
        "accumulated_operating_revenue_yoy": -9.023573445400224, 
        "accumulated_operating_revenue": 415644, 
        "long_term_average": 54012, 
        "date": "2013-08-31", 
        "operating_revenue": 38786, 
        "short_term_average": 52000
    }, 
    {
        "accumulated_operating_revenue_yoy": -12.057039522249086, 
        "accumulated_operating_revenue": 450326, 
        "long_term_average": 52302, 
        "date": "2013-09-30", 
        "operating_revenue": 34682, 
        "short_term_average": 40757
    }, 
    {
        "accumulated_operating_revenue_yoy": -7.546145591935003, 
        "accumulated_operating_revenue": 512652, 
        "long_term_average": 53960, 
        "date": "2013-10-31", 
        "operating_revenue": 62326, 
        "short_term_average": 45264
    }, 
    {
        "accumulated_operating_revenue_yoy": -9.566818688623709, 
        "accumulated_operating_revenue": 556401, 
        "long_term_average": 52542, 
        "date": "2013-11-30", 
        "operating_revenue": 43749, 
        "short_term_average": 46919
    }, 
    {
        "accumulated_operating_revenue_yoy": -9.090157418636093, 
        "accumulated_operating_revenue": 626707, 
        "long_term_average": 52225, 
        "date": "2013-12-31", 
        "operating_revenue": 70306, 
        "short_term_average": 58793
    }, 
    {
        "accumulated_operating_revenue_yoy": -35.0868992478647, 
        "accumulated_operating_revenue": 45828, 
        "long_term_average": 50161, 
        "date": "2014-01-31", 
        "operating_revenue": 45828, 
        "short_term_average": 53294
    }, 
    {
        "accumulated_operating_revenue_yoy": -31.807440251419106, 
        "accumulated_operating_revenue": 83973, 
        "long_term_average": 48961, 
        "date": "2014-02-28", 
        "operating_revenue": 38145, 
        "short_term_average": 51426
    }, 
    {
        "accumulated_operating_revenue_yoy": -16.148063954816823, 
        "accumulated_operating_revenue": 143121, 
        "long_term_average": 49928, 
        "date": "2014-03-31", 
        "operating_revenue": 59148, 
        "short_term_average": 47707
    }, 
    {
        "accumulated_operating_revenue_yoy": -12.364002968480895, 
        "accumulated_operating_revenue": 187761, 
        "long_term_average": 50018, 
        "date": "2014-04-30", 
        "operating_revenue": 44640, 
        "short_term_average": 47311
    }, 
    {
        "accumulated_operating_revenue_yoy": -6.647999938376688, 
        "accumulated_operating_revenue": 242381, 
        "long_term_average": 50787, 
        "date": "2014-05-31", 
        "operating_revenue": 54620, 
        "short_term_average": 52802
    }, 
    {
        "accumulated_operating_revenue_yoy": -14.399153797850353, 
        "accumulated_operating_revenue": 280817, 
        "long_term_average": 48289, 
        "date": "2014-06-30", 
        "operating_revenue": 38436, 
        "short_term_average": 45898
    }, 
    {
        "accumulated_operating_revenue_yoy": -13.489431032378244, 
        "accumulated_operating_revenue": 326022, 
        "long_term_average": 47989, 
        "date": "2014-07-31", 
        "operating_revenue": 45205, 
        "short_term_average": 46087
    }, 
    {
        "accumulated_operating_revenue_yoy": -10.855684191279074, 
        "accumulated_operating_revenue": 370523, 
        "long_term_average": 48465, 
        "date": "2014-08-31", 
        "operating_revenue": 44501, 
        "short_term_average": 42714
    }, 
    {
        "accumulated_operating_revenue_yoy": -7.5505300604451, 
        "accumulated_operating_revenue": 416324, 
        "long_term_average": 49392, 
        "date": "2014-09-30", 
        "operating_revenue": 45801, 
        "short_term_average": 45169
    }, 
    {
        "accumulated_operating_revenue_yoy": -3.629557672651233, 
        "accumulated_operating_revenue": 494045, 
        "long_term_average": 50675, 
        "date": "2014-10-31", 
        "operating_revenue": 77721, 
        "short_term_average": 56007
    }, 
    {
        "accumulated_operating_revenue_yoy": -1.2217806941396583, 
        "accumulated_operating_revenue": 549603, 
        "long_term_average": 51659, 
        "date": "2014-11-30", 
        "operating_revenue": 55558, 
        "short_term_average": 59693
    }, 
    {
        "accumulated_operating_revenue_yoy": 3.5330704779107305, 
        "accumulated_operating_revenue": 648849, 
        "long_term_average": 54070, 
        "date": "2014-12-31", 
        "operating_revenue": 99246, 
        "short_term_average": 77508
    }, 
    {
        "accumulated_operating_revenue_yoy": 7.0437287247970675, 
        "accumulated_operating_revenue": 49056, 
        "long_term_average": 54339, 
        "date": "2015-01-31", 
        "operating_revenue": 49056, 
        "short_term_average": 67953
    }, 
    {
        "accumulated_operating_revenue_yoy": -3.0938515951555856, 
        "accumulated_operating_revenue": 81375, 
        "long_term_average": 53854, 
        "date": "2015-02-28", 
        "operating_revenue": 32319, 
        "short_term_average": 60207
    }, 
    {
        "accumulated_operating_revenue_yoy": -6.1835789297168136, 
        "accumulated_operating_revenue": 134271, 
        "long_term_average": 53333, 
        "date": "2015-03-31", 
        "operating_revenue": 52896, 
        "short_term_average": 44757
    }, 
    {
        "accumulated_operating_revenue_yoy": -1.110986839652537, 
        "accumulated_operating_revenue": 185675, 
        "long_term_average": 53896, 
        "date": "2015-04-30", 
        "operating_revenue": 51404, 
        "short_term_average": 45539
    }, 
    {
        "accumulated_operating_revenue_yoy": -5.233083451260619, 
        "accumulated_operating_revenue": 229697, 
        "long_term_average": 53013, 
        "date": "2015-05-31", 
        "operating_revenue": 44022, 
        "short_term_average": 49440
    }, 
    {
        "accumulated_operating_revenue_yoy": -2.3819782990346026, 
        "accumulated_operating_revenue": 274128, 
        "long_term_average": 53513, 
        "date": "2015-06-30", 
        "operating_revenue": 44431, 
        "short_term_average": 46619
    }, 
    {
        "accumulated_operating_revenue_yoy": -1.2026795737710951, 
        "accumulated_operating_revenue": 322101, 
        "long_term_average": 53744, 
        "date": "2015-07-31", 
        "operating_revenue": 47973, 
        "short_term_average": 45475
    }, 
    {
        "accumulated_operating_revenue_yoy": -2.994685889944754, 
        "accumulated_operating_revenue": 359427, 
        "long_term_average": 53146, 
        "date": "2015-08-31", 
        "operating_revenue": 37326, 
        "short_term_average": 43243
    }
]