[
    {
        "date": "2011-09-30", 
        "operating_revenue": 506352, 
        "accumulated_operating_revenue": 506352, 
        "long_term_average": 506352, 
        "short_term_average": 506352
    }, 
    {
        "date": "2011-10-31", 
        "operating_revenue": 428733, 
        "accumulated_operating_revenue": 935085, 
        "long_term_average": 467542, 
        "short_term_average": 467542
    }, 
    {
        "date": "2011-11-30", 
        "operating_revenue": 428663, 
        "accumulated_operating_revenue": 1363748, 
        "long_term_average": 454582, 
        "short_term_average": 454582
    }, 
    {
        "date": "2011-12-31", 
        "operating_revenue": 387980, 
        "accumulated_operating_revenue": 1751728, 
        "long_term_average": 437932, 
        "short_term_average": 415125
    }, 
    {
        "date": "2012-01-31", 
        "operating_revenue": 384452, 
        "accumulated_operating_revenue": 384452, 
        "long_term_average": 427236, 
        "short_term_average": 400365
    }, 
    {
        "date": "2012-02-29", 
        "operating_revenue": 392219, 
        "accumulated_operating_revenue": 776671, 
        "long_term_average": 421399, 
        "short_term_average": 388217
    }, 
    {
        "date": "2012-03-31", 
        "operating_revenue": 546329, 
        "accumulated_operating_revenue": 1323000, 
        "long_term_average": 439246, 
        "short_term_average": 441000
    }, 
    {
        "date": "2012-04-30", 
        "operating_revenue": 502847, 
        "accumulated_operating_revenue": 1825847, 
        "long_term_average": 447196, 
        "short_term_average": 480465
    }, 
    {
        "date": "2012-05-31", 
        "operating_revenue": 508096, 
        "accumulated_operating_revenue": 2333943, 
        "long_term_average": 453963, 
        "short_term_average": 519090
    }, 
    {
        "date": "2012-06-30", 
        "operating_revenue": 477983, 
        "accumulated_operating_revenue": 2811926, 
        "long_term_average": 456365, 
        "short_term_average": 496308
    }, 
    {
        "date": "2012-07-31", 
        "operating_revenue": 497151, 
        "accumulated_operating_revenue": 3309077, 
        "long_term_average": 460073, 
        "short_term_average": 494410
    }, 
    {
        "date": "2012-08-31", 
        "operating_revenue": 528196, 
        "accumulated_operating_revenue": 3837273, 
        "long_term_average": 465750, 
        "short_term_average": 501110
    }, 
    {
        "accumulated_operating_revenue_yoy": 761.9363604765065, 
        "accumulated_operating_revenue": 4364432, 
        "long_term_average": 467484, 
        "date": "2012-09-30", 
        "operating_revenue": 527159, 
        "short_term_average": 517502
    }, 
    {
        "accumulated_operating_revenue_yoy": 409.99064256190616, 
        "accumulated_operating_revenue": 4768846, 
        "long_term_average": 465457, 
        "date": "2012-10-31", 
        "operating_revenue": 404414, 
        "short_term_average": 486589
    }, 
    {
        "accumulated_operating_revenue_yoy": 285.16756761513125, 
        "accumulated_operating_revenue": 5252715, 
        "long_term_average": 470057, 
        "date": "2012-11-30", 
        "operating_revenue": 483869, 
        "short_term_average": 471814
    }, 
    {
        "accumulated_operating_revenue_yoy": 227.27272727272728, 
        "accumulated_operating_revenue": 5732928, 
        "long_term_average": 477744, 
        "date": "2012-12-31", 
        "operating_revenue": 480213, 
        "short_term_average": 456165
    }, 
    {
        "accumulated_operating_revenue_yoy": 20.999240477354782, 
        "accumulated_operating_revenue": 465184, 
        "long_term_average": 484471, 
        "date": "2013-01-31", 
        "operating_revenue": 465184, 
        "short_term_average": 476422
    }, 
    {
        "accumulated_operating_revenue_yoy": -1.9924781535553664, 
        "accumulated_operating_revenue": 761196, 
        "long_term_average": 476454, 
        "date": "2013-02-28", 
        "operating_revenue": 296012, 
        "short_term_average": 413803
    }, 
    {
        "accumulated_operating_revenue_yoy": -6.861375661375662, 
        "accumulated_operating_revenue": 1232224, 
        "long_term_average": 470179, 
        "date": "2013-03-31", 
        "operating_revenue": 471028, 
        "short_term_average": 410741
    }, 
    {
        "accumulated_operating_revenue_yoy": -4.400259167389162, 
        "accumulated_operating_revenue": 1745505, 
        "long_term_average": 471048, 
        "date": "2013-04-30", 
        "operating_revenue": 513281, 
        "short_term_average": 426773
    }, 
    {
        "accumulated_operating_revenue_yoy": -1.7034691935492854, 
        "accumulated_operating_revenue": 2294185, 
        "long_term_average": 474430, 
        "date": "2013-05-31", 
        "operating_revenue": 548680, 
        "short_term_average": 510996
    }, 
    {
        "accumulated_operating_revenue_yoy": -0.7266549688718693, 
        "accumulated_operating_revenue": 2791493, 
        "long_term_average": 476041, 
        "date": "2013-06-30", 
        "operating_revenue": 497308, 
        "short_term_average": 519756
    }, 
    {
        "accumulated_operating_revenue_yoy": -0.9692430850052749, 
        "accumulated_operating_revenue": 3277004, 
        "long_term_average": 475071, 
        "date": "2013-07-31", 
        "operating_revenue": 485511, 
        "short_term_average": 510499
    }, 
    {
        "accumulated_operating_revenue_yoy": -1.534527254120309, 
        "accumulated_operating_revenue": 3778389, 
        "long_term_average": 472837, 
        "date": "2013-08-31", 
        "operating_revenue": 501385, 
        "short_term_average": 494734
    }, 
    {
        "accumulated_operating_revenue_yoy": -2.7148320789509377, 
        "accumulated_operating_revenue": 4245945, 
        "long_term_average": 467870, 
        "date": "2013-09-30", 
        "operating_revenue": 467556, 
        "short_term_average": 484817
    }, 
    {
        "accumulated_operating_revenue_yoy": -1.5703379811384137, 
        "accumulated_operating_revenue": 4693959, 
        "long_term_average": 471503, 
        "date": "2013-10-31", 
        "operating_revenue": 448014, 
        "short_term_average": 472318
    }, 
    {
        "accumulated_operating_revenue_yoy": -0.8389566157691785, 
        "accumulated_operating_revenue": 5208647, 
        "long_term_average": 474071, 
        "date": "2013-11-30", 
        "operating_revenue": 514688, 
        "short_term_average": 476752
    }, 
    {
        "accumulated_operating_revenue_yoy": -0.4303385634705338, 
        "accumulated_operating_revenue": 5708257, 
        "long_term_average": 475688, 
        "date": "2013-12-31", 
        "operating_revenue": 499610, 
        "short_term_average": 487437
    }, 
    {
        "accumulated_operating_revenue_yoy": -3.3105179885808624, 
        "accumulated_operating_revenue": 449784, 
        "long_term_average": 474404, 
        "date": "2014-01-31", 
        "operating_revenue": 449784, 
        "short_term_average": 488027
    }, 
    {
        "accumulated_operating_revenue_yoy": 9.080052969274668, 
        "accumulated_operating_revenue": 830313, 
        "long_term_average": 481447, 
        "date": "2014-02-28", 
        "operating_revenue": 380529, 
        "short_term_average": 443307
    }, 
    {
        "accumulated_operating_revenue_yoy": 10.811670605344483, 
        "accumulated_operating_revenue": 1365448, 
        "long_term_average": 486790, 
        "date": "2014-03-31", 
        "operating_revenue": 535135, 
        "short_term_average": 455149
    }, 
    {
        "accumulated_operating_revenue_yoy": 12.338836038854085, 
        "accumulated_operating_revenue": 1960880, 
        "long_term_average": 493636, 
        "date": "2014-04-30", 
        "operating_revenue": 595432, 
        "short_term_average": 503698
    }, 
    {
        "accumulated_operating_revenue_yoy": 8.282156844369569, 
        "accumulated_operating_revenue": 2484193, 
        "long_term_average": 491522, 
        "date": "2014-05-31", 
        "operating_revenue": 523313, 
        "short_term_average": 551293
    }, 
    {
        "accumulated_operating_revenue_yoy": 6.456759877241318, 
        "accumulated_operating_revenue": 2971733, 
        "long_term_average": 490708, 
        "date": "2014-06-30", 
        "operating_revenue": 487540, 
        "short_term_average": 535428
    }, 
    {
        "accumulated_operating_revenue_yoy": 7.881253730541678, 
        "accumulated_operating_revenue": 3535273, 
        "long_term_average": 497210, 
        "date": "2014-07-31", 
        "operating_revenue": 563540, 
        "short_term_average": 524797
    }, 
    {
        "accumulated_operating_revenue_yoy": 7.665250983951097, 
        "accumulated_operating_revenue": 4068012, 
        "long_term_average": 499823, 
        "date": "2014-08-31", 
        "operating_revenue": 532739, 
        "short_term_average": 527939
    }, 
    {
        "accumulated_operating_revenue_yoy": 7.761970538949516, 
        "accumulated_operating_revenue": 4575514, 
        "long_term_average": 503152, 
        "date": "2014-09-30", 
        "operating_revenue": 507502, 
        "short_term_average": 534593
    }, 
    {
        "accumulated_operating_revenue_yoy": 7.928871982051825, 
        "accumulated_operating_revenue": 5066137, 
        "long_term_average": 506702, 
        "date": "2014-10-31", 
        "operating_revenue": 490623, 
        "short_term_average": 510288
    }, 
    {
        "accumulated_operating_revenue_yoy": 6.6388065845122535, 
        "accumulated_operating_revenue": 5554439, 
        "long_term_average": 504504, 
        "date": "2014-11-30", 
        "operating_revenue": 488302, 
        "short_term_average": 495475
    }, 
    {
        "accumulated_operating_revenue_yoy": 6.426269875375268, 
        "accumulated_operating_revenue": 6075085, 
        "long_term_average": 506257, 
        "date": "2014-12-31", 
        "operating_revenue": 520646, 
        "short_term_average": 499857
    }, 
    {
        "accumulated_operating_revenue_yoy": 20.87157391103285, 
        "accumulated_operating_revenue": 543661, 
        "long_term_average": 514080, 
        "date": "2015-01-31", 
        "operating_revenue": 543661, 
        "short_term_average": 517536
    }, 
    {
        "accumulated_operating_revenue_yoy": 12.30873176741783, 
        "accumulated_operating_revenue": 932514, 
        "long_term_average": 514773, 
        "date": "2015-02-28", 
        "operating_revenue": 388853, 
        "short_term_average": 484386
    }, 
    {
        "accumulated_operating_revenue_yoy": 5.686338842636262, 
        "accumulated_operating_revenue": 1443092, 
        "long_term_average": 512727, 
        "date": "2015-03-31", 
        "operating_revenue": 510578, 
        "short_term_average": 481030
    }, 
    {
        "accumulated_operating_revenue_yoy": 1.9707988250173392, 
        "accumulated_operating_revenue": 1999525, 
        "long_term_average": 509477, 
        "date": "2015-04-30", 
        "operating_revenue": 556433, 
        "short_term_average": 485288
    }, 
    {
        "accumulated_operating_revenue_yoy": 0.5239125945528387, 
        "accumulated_operating_revenue": 2497208, 
        "long_term_average": 507341, 
        "date": "2015-05-31", 
        "operating_revenue": 497683, 
        "short_term_average": 521564
    }, 
    {
        "accumulated_operating_revenue_yoy": -0.5549623738067989, 
        "accumulated_operating_revenue": 2955241, 
        "long_term_average": 504882, 
        "date": "2015-06-30", 
        "operating_revenue": 458033, 
        "short_term_average": 504049
    }, 
    {
        "accumulated_operating_revenue_yoy": -2.6639243984835117, 
        "accumulated_operating_revenue": 3441096, 
        "long_term_average": 498409, 
        "date": "2015-07-31", 
        "operating_revenue": 485855, 
        "short_term_average": 480523
    }, 
    {
        "accumulated_operating_revenue_yoy": -3.5280623557649293, 
        "accumulated_operating_revenue": 3924490, 
        "long_term_average": 494296, 
        "date": "2015-08-31", 
        "operating_revenue": 483394, 
        "short_term_average": 475760
    }, 
    {
        "accumulated_operating_revenue_yoy": -4.4146078451513855, 
        "accumulated_operating_revenue": 4373523, 
        "long_term_average": 489424, 
        "date": "2015-09-30", 
        "operating_revenue": 449033, 
        "short_term_average": 472760
    }
]