[
    {
        "date": "2011-09-30", 
        "operating_revenue": 3815779, 
        "accumulated_operating_revenue": 3815779, 
        "long_term_average": 3815779, 
        "short_term_average": 3815779
    }, 
    {
        "date": "2011-10-31", 
        "operating_revenue": 3211244, 
        "accumulated_operating_revenue": 7027023, 
        "long_term_average": 3513511, 
        "short_term_average": 3513511
    }, 
    {
        "date": "2011-11-30", 
        "operating_revenue": 2605217, 
        "accumulated_operating_revenue": 9632240, 
        "long_term_average": 3210746, 
        "short_term_average": 3210746
    }, 
    {
        "date": "2011-12-31", 
        "operating_revenue": 3247339, 
        "accumulated_operating_revenue": 12879579, 
        "long_term_average": 3219894, 
        "short_term_average": 3021266
    }, 
    {
        "date": "2012-01-31", 
        "operating_revenue": 2815936, 
        "accumulated_operating_revenue": 2815936, 
        "long_term_average": 3139103, 
        "short_term_average": 2889497
    }, 
    {
        "date": "2012-02-29", 
        "operating_revenue": 2819722, 
        "accumulated_operating_revenue": 5635658, 
        "long_term_average": 3085872, 
        "short_term_average": 2960999
    }, 
    {
        "date": "2012-03-31", 
        "operating_revenue": 3018500, 
        "accumulated_operating_revenue": 8654158, 
        "long_term_average": 3076248, 
        "short_term_average": 2884719
    }, 
    {
        "date": "2012-04-30", 
        "operating_revenue": 3024521, 
        "accumulated_operating_revenue": 11678679, 
        "long_term_average": 3069782, 
        "short_term_average": 2954247
    }, 
    {
        "date": "2012-05-31", 
        "operating_revenue": 3293325, 
        "accumulated_operating_revenue": 14972004, 
        "long_term_average": 3094620, 
        "short_term_average": 3112115
    }, 
    {
        "date": "2012-06-30", 
        "operating_revenue": 3330514, 
        "accumulated_operating_revenue": 18302518, 
        "long_term_average": 3118209, 
        "short_term_average": 3216120
    }, 
    {
        "date": "2012-07-31", 
        "operating_revenue": 3095426, 
        "accumulated_operating_revenue": 21397944, 
        "long_term_average": 3116138, 
        "short_term_average": 3239755
    }, 
    {
        "date": "2012-08-31", 
        "operating_revenue": 2711160, 
        "accumulated_operating_revenue": 24109104, 
        "long_term_average": 3082390, 
        "short_term_average": 3045700
    }, 
    {
        "accumulated_operating_revenue_yoy": 610.594900805314, 
        "accumulated_operating_revenue": 27114731, 
        "long_term_average": 3014877, 
        "date": "2012-09-30", 
        "operating_revenue": 3005627, 
        "short_term_average": 2937404
    }, 
    {
        "accumulated_operating_revenue_yoy": 329.3233421891461, 
        "accumulated_operating_revenue": 30168650, 
        "long_term_average": 3001767, 
        "date": "2012-10-31", 
        "operating_revenue": 3053919, 
        "short_term_average": 2923568
    }, 
    {
        "accumulated_operating_revenue_yoy": 245.422445869289, 
        "accumulated_operating_revenue": 33271919, 
        "long_term_average": 3043271, 
        "date": "2012-11-30", 
        "operating_revenue": 3103269, 
        "short_term_average": 3054271
    }, 
    {
        "accumulated_operating_revenue_yoy": 187.49158648741547, 
        "accumulated_operating_revenue": 37027706, 
        "long_term_average": 3085642, 
        "date": "2012-12-31", 
        "operating_revenue": 3755787, 
        "short_term_average": 3304325
    }, 
    {
        "accumulated_operating_revenue_yoy": 17.131816916293552, 
        "accumulated_operating_revenue": 3298357, 
        "long_term_average": 3125843, 
        "date": "2013-01-31", 
        "operating_revenue": 3298357, 
        "short_term_average": 3385804
    }, 
    {
        "accumulated_operating_revenue_yoy": -5.044752538212929, 
        "accumulated_operating_revenue": 5351353, 
        "long_term_average": 3061950, 
        "date": "2013-02-28", 
        "operating_revenue": 2052996, 
        "short_term_average": 3035713
    }, 
    {
        "accumulated_operating_revenue_yoy": 6.6563148026648005, 
        "accumulated_operating_revenue": 9230206, 
        "long_term_average": 3133646, 
        "date": "2013-03-31", 
        "operating_revenue": 3878853, 
        "short_term_average": 3076735
    }, 
    {
        "accumulated_operating_revenue_yoy": 9.990907362039833, 
        "accumulated_operating_revenue": 12845485, 
        "long_term_average": 3182876, 
        "date": "2013-04-30", 
        "operating_revenue": 3615279, 
        "short_term_average": 3182376
    }, 
    {
        "accumulated_operating_revenue_yoy": 9.128637689383465, 
        "accumulated_operating_revenue": 16338744, 
        "long_term_average": 3199537, 
        "date": "2013-05-31", 
        "operating_revenue": 3493259, 
        "short_term_average": 3662463
    }, 
    {
        "accumulated_operating_revenue_yoy": 7.577651337373361, 
        "accumulated_operating_revenue": 19689419, 
        "long_term_average": 3201217, 
        "date": "2013-06-30", 
        "operating_revenue": 3350675, 
        "short_term_average": 3486404
    }, 
    {
        "accumulated_operating_revenue_yoy": 7.88148151056008, 
        "accumulated_operating_revenue": 23084419, 
        "long_term_average": 3226181, 
        "date": "2013-07-31", 
        "operating_revenue": 3395000, 
        "short_term_average": 3412978
    }, 
    {
        "accumulated_operating_revenue_yoy": 9.131977696060376, 
        "accumulated_operating_revenue": 26310742, 
        "long_term_average": 3269112, 
        "date": "2013-08-31", 
        "operating_revenue": 3226323, 
        "short_term_average": 3323999
    }, 
    {
        "accumulated_operating_revenue_yoy": 11.08636851311562, 
        "accumulated_operating_revenue": 30120770, 
        "long_term_average": 3336145, 
        "date": "2013-09-30", 
        "operating_revenue": 3810028, 
        "short_term_average": 3477117
    }, 
    {
        "accumulated_operating_revenue_yoy": 14.934973888457057, 
        "accumulated_operating_revenue": 34674330, 
        "long_term_average": 3461115, 
        "date": "2013-10-31", 
        "operating_revenue": 4553560, 
        "short_term_average": 3863303
    }, 
    {
        "accumulated_operating_revenue_yoy": 18.195502940482633, 
        "accumulated_operating_revenue": 39325912, 
        "long_term_average": 3590141, 
        "date": "2013-11-30", 
        "operating_revenue": 4651582, 
        "short_term_average": 4338390
    }, 
    {
        "accumulated_operating_revenue_yoy": 16.75662813137816, 
        "accumulated_operating_revenue": 43232301, 
        "long_term_average": 3602691, 
        "date": "2013-12-31", 
        "operating_revenue": 3906389, 
        "short_term_average": 4370510
    }, 
    {
        "accumulated_operating_revenue_yoy": 8.446174868275326, 
        "accumulated_operating_revenue": 3576942, 
        "long_term_average": 3625907, 
        "date": "2014-01-31", 
        "operating_revenue": 3576942, 
        "short_term_average": 4044971
    }, 
    {
        "accumulated_operating_revenue_yoy": 18.46536754349788, 
        "accumulated_operating_revenue": 6339500, 
        "long_term_average": 3685037, 
        "date": "2014-02-28", 
        "operating_revenue": 2762558, 
        "short_term_average": 3415296
    }, 
    {
        "accumulated_operating_revenue_yoy": 12.841241029723497, 
        "accumulated_operating_revenue": 10415479, 
        "long_term_average": 3701464, 
        "date": "2014-03-31", 
        "operating_revenue": 4075979, 
        "short_term_average": 3471826
    }, 
    {
        "accumulated_operating_revenue_yoy": 14.323740987592137, 
        "accumulated_operating_revenue": 14685439, 
        "long_term_average": 3756021, 
        "date": "2014-04-30", 
        "operating_revenue": 4269960, 
        "short_term_average": 3702832
    }, 
    {
        "accumulated_operating_revenue_yoy": 16.919409472356016, 
        "accumulated_operating_revenue": 19103163, 
        "long_term_average": 3833060, 
        "date": "2014-05-31", 
        "operating_revenue": 4417724, 
        "short_term_average": 4254554
    }, 
    {
        "accumulated_operating_revenue_yoy": 20.53544088832687, 
        "accumulated_operating_revenue": 23732728, 
        "long_term_average": 3939634, 
        "date": "2014-06-30", 
        "operating_revenue": 4629565, 
        "short_term_average": 4439083
    }, 
    {
        "accumulated_operating_revenue_yoy": 22.927499279925563, 
        "accumulated_operating_revenue": 28377099, 
        "long_term_average": 4043748, 
        "date": "2014-07-31", 
        "operating_revenue": 4644371, 
        "short_term_average": 4563886
    }, 
    {
        "accumulated_operating_revenue_yoy": 26.87490531433891, 
        "accumulated_operating_revenue": 33381729, 
        "long_term_average": 4191940, 
        "date": "2014-08-31", 
        "operating_revenue": 5004630, 
        "short_term_average": 4759522
    }, 
    {
        "accumulated_operating_revenue_yoy": 27.028163622643113, 
        "accumulated_operating_revenue": 38261861, 
        "long_term_average": 4281116, 
        "date": "2014-09-30", 
        "operating_revenue": 4880132, 
        "short_term_average": 4843044
    }, 
    {
        "accumulated_operating_revenue_yoy": 25.949164699072774, 
        "accumulated_operating_revenue": 43672029, 
        "long_term_average": 4352500, 
        "date": "2014-10-31", 
        "operating_revenue": 5410168, 
        "short_term_average": 5098310
    }, 
    {
        "accumulated_operating_revenue_yoy": 25.167469733441912, 
        "accumulated_operating_revenue": 49223249, 
        "long_term_average": 4427469, 
        "date": "2014-11-30", 
        "operating_revenue": 5551220, 
        "short_term_average": 5280506
    }, 
    {
        "accumulated_operating_revenue_yoy": 27.83945735388917, 
        "accumulated_operating_revenue": 55267939, 
        "long_term_average": 4605661, 
        "date": "2014-12-31", 
        "operating_revenue": 6044690, 
        "short_term_average": 5668692
    }, 
    {
        "accumulated_operating_revenue_yoy": 66.72627065241763, 
        "accumulated_operating_revenue": 5963702, 
        "long_term_average": 4804558, 
        "date": "2015-01-31", 
        "operating_revenue": 5963702, 
        "short_term_average": 5853204
    }, 
    {
        "accumulated_operating_revenue_yoy": 65.14229828850856, 
        "accumulated_operating_revenue": 10469196, 
        "long_term_average": 4949802, 
        "date": "2015-02-28", 
        "operating_revenue": 4505494, 
        "short_term_average": 5504628
    }, 
    {
        "accumulated_operating_revenue_yoy": 67.07444756021303, 
        "accumulated_operating_revenue": 17401604, 
        "long_term_average": 5187838, 
        "date": "2015-03-31", 
        "operating_revenue": 6932408, 
        "short_term_average": 5800534
    }, 
    {
        "accumulated_operating_revenue_yoy": 66.76113666060647, 
        "accumulated_operating_revenue": 24489605, 
        "long_term_average": 5422675, 
        "date": "2015-04-30", 
        "operating_revenue": 7088001, 
        "short_term_average": 6175301
    }, 
    {
        "accumulated_operating_revenue_yoy": 64.07509583622357, 
        "accumulated_operating_revenue": 31343533, 
        "long_term_average": 5625692, 
        "date": "2015-05-31", 
        "operating_revenue": 6853928, 
        "short_term_average": 6958112
    }, 
    {
        "accumulated_operating_revenue_yoy": 58.14449986533364, 
        "accumulated_operating_revenue": 37532004, 
        "long_term_average": 5755601, 
        "date": "2015-06-30", 
        "operating_revenue": 6188471, 
        "short_term_average": 6710133
    }, 
    {
        "accumulated_operating_revenue_yoy": 54.2368196269816, 
        "accumulated_operating_revenue": 43767935, 
        "long_term_average": 5888231, 
        "date": "2015-07-31", 
        "operating_revenue": 6235931, 
        "short_term_average": 6426110
    }, 
    {
        "accumulated_operating_revenue_yoy": 52.640197276779766, 
        "accumulated_operating_revenue": 50953937, 
        "long_term_average": 6070012, 
        "date": "2015-08-31", 
        "operating_revenue": 7186002, 
        "short_term_average": 6536801
    }, 
    {
        "accumulated_operating_revenue_yoy": 54.0338223485784, 
        "accumulated_operating_revenue": 58936207, 
        "long_term_average": 6328523, 
        "date": "2015-09-30", 
        "operating_revenue": 7982270, 
        "short_term_average": 7134734
    }, 
    {
        "accumulated_operating_revenue_yoy": 53.7852340224449, 
        "accumulated_operating_revenue": 67161132, 
        "long_term_average": 6563086, 
        "date": "2015-10-31", 
        "operating_revenue": 8224925, 
        "short_term_average": 7797732
    }
]