[
    {
        "date": "2011-09-30", 
        "operating_revenue": 5357000, 
        "accumulated_operating_revenue": 5357000, 
        "long_term_average": 5357000, 
        "short_term_average": 5357000
    }, 
    {
        "date": "2011-10-31", 
        "operating_revenue": 5220000, 
        "accumulated_operating_revenue": 10577000, 
        "long_term_average": 5288500, 
        "short_term_average": 5288500
    }, 
    {
        "date": "2011-11-30", 
        "operating_revenue": 4402000, 
        "accumulated_operating_revenue": 14979000, 
        "long_term_average": 4993000, 
        "short_term_average": 4993000
    }, 
    {
        "date": "2011-12-31", 
        "operating_revenue": 3719000, 
        "accumulated_operating_revenue": 18698000, 
        "long_term_average": 4674500, 
        "short_term_average": 4447000
    }, 
    {
        "date": "2012-01-31", 
        "operating_revenue": 3276951, 
        "accumulated_operating_revenue": 3276951, 
        "long_term_average": 4394990, 
        "short_term_average": 3799317
    }, 
    {
        "date": "2012-02-29", 
        "operating_revenue": 4004150, 
        "accumulated_operating_revenue": 7281101, 
        "long_term_average": 4329850, 
        "short_term_average": 3666700
    }, 
    {
        "date": "2012-03-31", 
        "operating_revenue": 4113789, 
        "accumulated_operating_revenue": 11394890, 
        "long_term_average": 4298984, 
        "short_term_average": 3798296
    }, 
    {
        "date": "2012-04-30", 
        "operating_revenue": 4096374, 
        "accumulated_operating_revenue": 15491264, 
        "long_term_average": 4273658, 
        "short_term_average": 4071437
    }, 
    {
        "date": "2012-05-31", 
        "operating_revenue": 3653936, 
        "accumulated_operating_revenue": 19145200, 
        "long_term_average": 4204800, 
        "short_term_average": 3954699
    }, 
    {
        "date": "2012-06-30", 
        "operating_revenue": 3309751, 
        "accumulated_operating_revenue": 22454951, 
        "long_term_average": 4115295, 
        "short_term_average": 3686687
    }, 
    {
        "date": "2012-07-31", 
        "operating_revenue": 4054495, 
        "accumulated_operating_revenue": 26509446, 
        "long_term_average": 4109767, 
        "short_term_average": 3672727
    }, 
    {
        "date": "2012-08-31", 
        "operating_revenue": 4431108, 
        "accumulated_operating_revenue": 30940554, 
        "long_term_average": 4136546, 
        "short_term_average": 3931784
    }, 
    {
        "accumulated_operating_revenue_yoy": 564.2461825648684, 
        "accumulated_operating_revenue": 35583668, 
        "long_term_average": 4077055, 
        "date": "2012-09-30", 
        "operating_revenue": 4643114, 
        "short_term_average": 4376239
    }, 
    {
        "accumulated_operating_revenue_yoy": 276.84737638271724, 
        "accumulated_operating_revenue": 39859147, 
        "long_term_average": 3998345, 
        "date": "2012-10-31", 
        "operating_revenue": 4275479, 
        "short_term_average": 4449900
    }, 
    {
        "accumulated_operating_revenue_yoy": 195.16309499966619, 
        "accumulated_operating_revenue": 44212480, 
        "long_term_average": 3994290, 
        "date": "2012-11-30", 
        "operating_revenue": 4353333, 
        "short_term_average": 4423975
    }, 
    {
        "accumulated_operating_revenue_yoy": 158.1310995828431, 
        "accumulated_operating_revenue": 48265353, 
        "long_term_average": 4022112, 
        "date": "2012-12-31", 
        "operating_revenue": 4052873, 
        "short_term_average": 4227228
    }, 
    {
        "accumulated_operating_revenue_yoy": 40.46648851325516, 
        "accumulated_operating_revenue": 4603018, 
        "long_term_average": 4132618, 
        "date": "2013-01-31", 
        "operating_revenue": 4603018, 
        "short_term_average": 4336408
    }, 
    {
        "accumulated_operating_revenue_yoy": 11.943976604637129, 
        "accumulated_operating_revenue": 8150754, 
        "long_term_average": 4094583, 
        "date": "2013-02-28", 
        "operating_revenue": 3547736, 
        "short_term_average": 4067875
    }, 
    {
        "accumulated_operating_revenue_yoy": 10.489421135263264, 
        "accumulated_operating_revenue": 12590148, 
        "long_term_average": 4121717, 
        "date": "2013-03-31", 
        "operating_revenue": 4439394, 
        "short_term_average": 4196716
    }, 
    {
        "accumulated_operating_revenue_yoy": 10.49504417457478, 
        "accumulated_operating_revenue": 17117079, 
        "long_term_average": 4157597, 
        "date": "2013-04-30", 
        "operating_revenue": 4526931, 
        "short_term_average": 4171353
    }, 
    {
        "accumulated_operating_revenue_yoy": 18.888107724129284, 
        "accumulated_operating_revenue": 22761366, 
        "long_term_average": 4323459, 
        "date": "2013-05-31", 
        "operating_revenue": 5644287, 
        "short_term_average": 4870204
    }, 
    {
        "accumulated_operating_revenue_yoy": 23.692231615201475, 
        "accumulated_operating_revenue": 27775030, 
        "long_term_average": 4465452, 
        "date": "2013-06-30", 
        "operating_revenue": 5013664, 
        "short_term_average": 5061627
    }, 
    {
        "accumulated_operating_revenue_yoy": 23.896874344337487, 
        "accumulated_operating_revenue": 32844375, 
        "long_term_average": 4550023, 
        "date": "2013-07-31", 
        "operating_revenue": 5069345, 
        "short_term_average": 5242432
    }, 
    {
        "accumulated_operating_revenue_yoy": 23.607518469126312, 
        "accumulated_operating_revenue": 38244851, 
        "long_term_average": 4630804, 
        "date": "2013-08-31", 
        "operating_revenue": 5400476, 
        "short_term_average": 5161161
    }, 
    {
        "accumulated_operating_revenue_yoy": 21.58516654325799, 
        "accumulated_operating_revenue": 43264462, 
        "long_term_average": 4662178, 
        "date": "2013-09-30", 
        "operating_revenue": 5019611, 
        "short_term_average": 5163144
    }, 
    {
        "accumulated_operating_revenue_yoy": 21.32094046066766, 
        "accumulated_operating_revenue": 48357492, 
        "long_term_average": 4730308, 
        "date": "2013-10-31", 
        "operating_revenue": 5093030, 
        "short_term_average": 5171039
    }, 
    {
        "accumulated_operating_revenue_yoy": 21.63429420833213, 
        "accumulated_operating_revenue": 53777538, 
        "long_term_average": 4819200, 
        "date": "2013-11-30", 
        "operating_revenue": 5420046, 
        "short_term_average": 5177562
    }, 
    {
        "accumulated_operating_revenue_yoy": 21.637604100813267, 
        "accumulated_operating_revenue": 58708819, 
        "long_term_average": 4892401, 
        "date": "2013-12-31", 
        "operating_revenue": 4931281, 
        "short_term_average": 5148119
    }, 
    {
        "accumulated_operating_revenue_yoy": 0.1821196441117545, 
        "accumulated_operating_revenue": 4611401, 
        "long_term_average": 4893100, 
        "date": "2014-01-31", 
        "operating_revenue": 4611401, 
        "short_term_average": 4987576
    }, 
    {
        "accumulated_operating_revenue_yoy": 13.926674759169519, 
        "accumulated_operating_revenue": 9285883, 
        "long_term_average": 4986995, 
        "date": "2014-02-28", 
        "operating_revenue": 4674482, 
        "short_term_average": 4739054
    }, 
    {
        "accumulated_operating_revenue_yoy": 18.911302710659157, 
        "accumulated_operating_revenue": 14971109, 
        "long_term_average": 5090815, 
        "date": "2014-03-31", 
        "operating_revenue": 5685226, 
        "short_term_average": 4990369
    }, 
    {
        "accumulated_operating_revenue_yoy": 13.44789610423601, 
        "accumulated_operating_revenue": 19418966, 
        "long_term_average": 5084225, 
        "date": "2014-04-30", 
        "operating_revenue": 4447857, 
        "short_term_average": 4935855
    }, 
    {
        "accumulated_operating_revenue_yoy": 5.9893900919654826, 
        "accumulated_operating_revenue": 24124633, 
        "long_term_average": 5006007, 
        "date": "2014-05-31", 
        "operating_revenue": 4705667, 
        "short_term_average": 4946250
    }, 
    {
        "accumulated_operating_revenue_yoy": 3.8422604764063264, 
        "accumulated_operating_revenue": 28842219, 
        "long_term_average": 4981334, 
        "date": "2014-06-30", 
        "operating_revenue": 4717586, 
        "short_term_average": 4623703
    }, 
    {
        "accumulated_operating_revenue_yoy": 1.2660645848794505, 
        "accumulated_operating_revenue": 33260206, 
        "long_term_average": 4927054, 
        "date": "2014-07-31", 
        "operating_revenue": 4417987, 
        "short_term_average": 4613746
    }, 
    {
        "accumulated_operating_revenue_yoy": -1.0974732258729418, 
        "accumulated_operating_revenue": 37825124, 
        "long_term_average": 4857424, 
        "date": "2014-08-31", 
        "operating_revenue": 4564918, 
        "short_term_average": 4566830
    }, 
    {
        "accumulated_operating_revenue_yoy": -2.896996615836804, 
        "accumulated_operating_revenue": 42011092, 
        "long_term_average": 4787954, 
        "date": "2014-09-30", 
        "operating_revenue": 4185968, 
        "short_term_average": 4389624
    }, 
    {
        "accumulated_operating_revenue_yoy": -2.8506772022006435, 
        "accumulated_operating_revenue": 46978976, 
        "long_term_average": 4777525, 
        "date": "2014-10-31", 
        "operating_revenue": 4967884, 
        "short_term_average": 4572923
    }, 
    {
        "accumulated_operating_revenue_yoy": -3.4882816688261182, 
        "accumulated_operating_revenue": 51901626, 
        "long_term_average": 4736075, 
        "date": "2014-11-30", 
        "operating_revenue": 4922650, 
        "short_term_average": 4692167
    }, 
    {
        "accumulated_operating_revenue_yoy": -3.9465791331963263, 
        "accumulated_operating_revenue": 56391829, 
        "long_term_average": 4699319, 
        "date": "2014-12-31", 
        "operating_revenue": 4490203, 
        "short_term_average": 4793579
    }, 
    {
        "accumulated_operating_revenue_yoy": 5.136486720630021, 
        "accumulated_operating_revenue": 4848265, 
        "long_term_average": 4719057, 
        "date": "2015-01-31", 
        "operating_revenue": 4848265, 
        "short_term_average": 4753706
    }, 
    {
        "accumulated_operating_revenue_yoy": -6.73973600571965, 
        "accumulated_operating_revenue": 8660039, 
        "long_term_average": 4647165, 
        "date": "2015-02-28", 
        "operating_revenue": 3811774, 
        "short_term_average": 4383414
    }, 
    {
        "accumulated_operating_revenue_yoy": -11.62362788220966, 
        "accumulated_operating_revenue": 13230923, 
        "long_term_average": 4554303, 
        "date": "2015-03-31", 
        "operating_revenue": 4570884, 
        "short_term_average": 4410307
    }, 
    {
        "accumulated_operating_revenue_yoy": -10.53203862656745, 
        "accumulated_operating_revenue": 17373753, 
        "long_term_average": 4528884, 
        "date": "2015-04-30", 
        "operating_revenue": 4142830, 
        "short_term_average": 4175162
    }, 
    {
        "accumulated_operating_revenue_yoy": -12.574201646922464, 
        "accumulated_operating_revenue": 21091153, 
        "long_term_average": 4446529, 
        "date": "2015-05-31", 
        "operating_revenue": 3717400, 
        "short_term_average": 4143704
    }, 
    {
        "accumulated_operating_revenue_yoy": -14.42736080743302, 
        "accumulated_operating_revenue": 24681048, 
        "long_term_average": 4352554, 
        "date": "2015-06-30", 
        "operating_revenue": 3589895, 
        "short_term_average": 3816708
    }, 
    {
        "accumulated_operating_revenue_yoy": -15.258387154908181, 
        "accumulated_operating_revenue": 28185235, 
        "long_term_average": 4276404, 
        "date": "2015-07-31", 
        "operating_revenue": 3504187, 
        "short_term_average": 3603827
    }, 
    {
        "accumulated_operating_revenue_yoy": -14.781778375663752, 
        "accumulated_operating_revenue": 32233898, 
        "long_term_average": 4233383, 
        "date": "2015-08-31", 
        "operating_revenue": 4048663, 
        "short_term_average": 3714248
    }, 
    {
        "accumulated_operating_revenue_yoy": -13.84722396647057, 
        "accumulated_operating_revenue": 36193722, 
        "long_term_average": 4214538, 
        "date": "2015-09-30", 
        "operating_revenue": 3959824, 
        "short_term_average": 3837558
    }, 
    {
        "accumulated_operating_revenue_yoy": -14.145348761965352, 
        "accumulated_operating_revenue": 40333636, 
        "long_term_average": 4145540, 
        "date": "2015-10-31", 
        "operating_revenue": 4139914, 
        "short_term_average": 4049467
    }
]