[
    {
        "date": "2011-09-30", 
        "operating_revenue": 427460, 
        "accumulated_operating_revenue": 427460, 
        "long_term_average": 427460, 
        "short_term_average": 427460
    }, 
    {
        "date": "2011-10-31", 
        "operating_revenue": 481740, 
        "accumulated_operating_revenue": 909200, 
        "long_term_average": 454600, 
        "short_term_average": 454600
    }, 
    {
        "date": "2011-11-30", 
        "operating_revenue": 425544, 
        "accumulated_operating_revenue": 1334744, 
        "long_term_average": 444914, 
        "short_term_average": 444914
    }, 
    {
        "date": "2011-12-31", 
        "operating_revenue": 472137, 
        "accumulated_operating_revenue": 1806881, 
        "long_term_average": 451720, 
        "short_term_average": 459807
    }, 
    {
        "date": "2012-01-31", 
        "operating_revenue": 337742, 
        "accumulated_operating_revenue": 337742, 
        "long_term_average": 428924, 
        "short_term_average": 411807
    }, 
    {
        "date": "2012-02-29", 
        "operating_revenue": 249341, 
        "accumulated_operating_revenue": 587083, 
        "long_term_average": 398994, 
        "short_term_average": 353073
    }, 
    {
        "date": "2012-03-31", 
        "operating_revenue": 431957, 
        "accumulated_operating_revenue": 1019040, 
        "long_term_average": 403703, 
        "short_term_average": 339680
    }, 
    {
        "date": "2012-04-30", 
        "operating_revenue": 502655, 
        "accumulated_operating_revenue": 1521695, 
        "long_term_average": 416072, 
        "short_term_average": 394651
    }, 
    {
        "date": "2012-05-31", 
        "operating_revenue": 425435, 
        "accumulated_operating_revenue": 1947130, 
        "long_term_average": 417112, 
        "short_term_average": 453349
    }, 
    {
        "date": "2012-06-30", 
        "operating_revenue": 481024, 
        "accumulated_operating_revenue": 2428154, 
        "long_term_average": 423503, 
        "short_term_average": 469704
    }, 
    {
        "date": "2012-07-31", 
        "operating_revenue": 416937, 
        "accumulated_operating_revenue": 2845091, 
        "long_term_average": 422906, 
        "short_term_average": 441132
    }, 
    {
        "date": "2012-08-31", 
        "operating_revenue": 416554, 
        "accumulated_operating_revenue": 3261645, 
        "long_term_average": 422377, 
        "short_term_average": 438171
    }, 
    {
        "accumulated_operating_revenue_yoy": 790.3672858279137, 
        "accumulated_operating_revenue": 3805964, 
        "long_term_average": 432115, 
        "date": "2012-09-30", 
        "operating_revenue": 544319, 
        "short_term_average": 459270
    }, 
    {
        "accumulated_operating_revenue_yoy": 377.8069731632204, 
        "accumulated_operating_revenue": 4344221, 
        "long_term_average": 436825, 
        "date": "2012-10-31", 
        "operating_revenue": 538257, 
        "short_term_average": 499710
    }, 
    {
        "accumulated_operating_revenue_yoy": 269.74311178772854, 
        "accumulated_operating_revenue": 4935124, 
        "long_term_average": 450605, 
        "date": "2012-11-30", 
        "operating_revenue": 590903, 
        "short_term_average": 557826
    }, 
    {
        "accumulated_operating_revenue_yoy": 195.13260696194158, 
        "accumulated_operating_revenue": 5332695, 
        "long_term_average": 444391, 
        "date": "2012-12-31", 
        "operating_revenue": 397571, 
        "short_term_average": 508910
    }, 
    {
        "accumulated_operating_revenue_yoy": 19.50660563388622, 
        "accumulated_operating_revenue": 403624, 
        "long_term_average": 449881, 
        "date": "2013-01-31", 
        "operating_revenue": 403624, 
        "short_term_average": 464032
    }, 
    {
        "accumulated_operating_revenue_yoy": -5.266546638209589, 
        "accumulated_operating_revenue": 556164, 
        "long_term_average": 441814, 
        "date": "2013-02-28", 
        "operating_revenue": 152540, 
        "short_term_average": 317911
    }, 
    {
        "accumulated_operating_revenue_yoy": -17.154969382948657, 
        "accumulated_operating_revenue": 844224, 
        "long_term_average": 429823, 
        "date": "2013-03-31", 
        "operating_revenue": 288060, 
        "short_term_average": 281408
    }, 
    {
        "accumulated_operating_revenue_yoy": -22.05619391533783, 
        "accumulated_operating_revenue": 1186067, 
        "long_term_average": 416422, 
        "date": "2013-04-30", 
        "operating_revenue": 341843, 
        "short_term_average": 260814
    }, 
    {
        "accumulated_operating_revenue_yoy": -22.695043474241576, 
        "accumulated_operating_revenue": 1505228, 
        "long_term_average": 407566, 
        "date": "2013-05-31", 
        "operating_revenue": 319161, 
        "short_term_average": 316354
    }, 
    {
        "accumulated_operating_revenue_yoy": -25.806723955729332, 
        "accumulated_operating_revenue": 1801527, 
        "long_term_average": 392172, 
        "date": "2013-06-30", 
        "operating_revenue": 296299, 
        "short_term_average": 319101
    }, 
    {
        "accumulated_operating_revenue_yoy": -22.467857794355258, 
        "accumulated_operating_revenue": 2205860, 
        "long_term_average": 391122, 
        "date": "2013-07-31", 
        "operating_revenue": 404333, 
        "short_term_average": 339931
    }, 
    {
        "accumulated_operating_revenue_yoy": -18.094121217974365, 
        "accumulated_operating_revenue": 2671479, 
        "long_term_average": 395210, 
        "date": "2013-08-31", 
        "operating_revenue": 465619, 
        "short_term_average": 388750
    }, 
    {
        "accumulated_operating_revenue_yoy": 39.45360492111854, 
        "accumulated_operating_revenue": 5307554, 
        "long_term_average": 569523, 
        "date": "2013-09-30", 
        "operating_revenue": 2636075, 
        "short_term_average": 1168675
    }, 
    {
        "accumulated_operating_revenue_yoy": 31.344307759665078, 
        "accumulated_operating_revenue": 5705887, 
        "long_term_average": 557863, 
        "date": "2013-10-31", 
        "operating_revenue": 398333, 
        "short_term_average": 1166675
    }, 
    {
        "accumulated_operating_revenue_yoy": 23.315786999475595, 
        "accumulated_operating_revenue": 6085787, 
        "long_term_average": 540279, 
        "date": "2013-11-30", 
        "operating_revenue": 379900, 
        "short_term_average": 1138102
    }, 
    {
        "accumulated_operating_revenue_yoy": 21.522907272964233, 
        "accumulated_operating_revenue": 6480446, 
        "long_term_average": 540037, 
        "date": "2013-12-31", 
        "operating_revenue": 394659, 
        "short_term_average": 390964
    }, 
    {
        "accumulated_operating_revenue_yoy": -7.585029631538263, 
        "accumulated_operating_revenue": 373009, 
        "long_term_average": 537485, 
        "date": "2014-01-31", 
        "operating_revenue": 373009, 
        "short_term_average": 382522
    }, 
    {
        "accumulated_operating_revenue_yoy": -5.095978883926324, 
        "accumulated_operating_revenue": 527822, 
        "long_term_average": 537675, 
        "date": "2014-02-28", 
        "operating_revenue": 154813, 
        "short_term_average": 307493
    }, 
    {
        "accumulated_operating_revenue_yoy": -6.311002767038132, 
        "accumulated_operating_revenue": 790945, 
        "long_term_average": 535597, 
        "date": "2014-03-31", 
        "operating_revenue": 263123, 
        "short_term_average": 263648
    }, 
    {
        "accumulated_operating_revenue_yoy": -9.260438069687464, 
        "accumulated_operating_revenue": 1076232, 
        "long_term_average": 530884, 
        "date": "2014-04-30", 
        "operating_revenue": 285287, 
        "short_term_average": 234407
    }, 
    {
        "accumulated_operating_revenue_yoy": -7.741352140672377, 
        "accumulated_operating_revenue": 1388703, 
        "long_term_average": 530326, 
        "date": "2014-05-31", 
        "operating_revenue": 312471, 
        "short_term_average": 286960
    }, 
    {
        "accumulated_operating_revenue_yoy": -9.563775619238568, 
        "accumulated_operating_revenue": 1629233, 
        "long_term_average": 525679, 
        "date": "2014-06-30", 
        "operating_revenue": 240530, 
        "short_term_average": 279429
    }, 
    {
        "accumulated_operating_revenue_yoy": -12.198552945336512, 
        "accumulated_operating_revenue": 1936777, 
        "long_term_average": 517613, 
        "date": "2014-07-31", 
        "operating_revenue": 307544, 
        "short_term_average": 286848
    }, 
    {
        "accumulated_operating_revenue_yoy": -15.260797483341626, 
        "accumulated_operating_revenue": 2263790, 
        "long_term_average": 506063, 
        "date": "2014-08-31", 
        "operating_revenue": 327013, 
        "short_term_average": 291695
    }, 
    {
        "accumulated_operating_revenue_yoy": -49.79197573873012, 
        "accumulated_operating_revenue": 2664818, 
        "long_term_average": 319809, 
        "date": "2014-09-30", 
        "operating_revenue": 401028, 
        "short_term_average": 345195
    }, 
    {
        "accumulated_operating_revenue_yoy": -46.297236520807374, 
        "accumulated_operating_revenue": 3064219, 
        "long_term_average": 319898, 
        "date": "2014-10-31", 
        "operating_revenue": 399401, 
        "short_term_average": 375814
    }, 
    {
        "accumulated_operating_revenue_yoy": -44.19862213383413, 
        "accumulated_operating_revenue": 3395953, 
        "long_term_average": 315884, 
        "date": "2014-11-30", 
        "operating_revenue": 331734, 
        "short_term_average": 377387
    }, 
    {
        "accumulated_operating_revenue_yoy": -42.07630153850522, 
        "accumulated_operating_revenue": 3753714, 
        "long_term_average": 312809, 
        "date": "2014-12-31", 
        "operating_revenue": 357761, 
        "short_term_average": 362965
    }, 
    {
        "accumulated_operating_revenue_yoy": 1.35680372323456, 
        "accumulated_operating_revenue": 378070, 
        "long_term_average": 313231, 
        "date": "2015-01-31", 
        "operating_revenue": 378070, 
        "short_term_average": 355855
    }, 
    {
        "accumulated_operating_revenue_yoy": 15.004300692278836, 
        "accumulated_operating_revenue": 607018, 
        "long_term_average": 319409, 
        "date": "2015-02-28", 
        "operating_revenue": 228948, 
        "short_term_average": 321593
    }, 
    {
        "accumulated_operating_revenue_yoy": 5.183672695320155, 
        "accumulated_operating_revenue": 831945, 
        "long_term_average": 316226, 
        "date": "2015-03-31", 
        "operating_revenue": 224927, 
        "short_term_average": 277315
    }, 
    {
        "accumulated_operating_revenue_yoy": 3.314805729619636, 
        "accumulated_operating_revenue": 1111907, 
        "long_term_average": 315782, 
        "date": "2015-04-30", 
        "operating_revenue": 279962, 
        "short_term_average": 244612
    }, 
    {
        "accumulated_operating_revenue_yoy": 3.5238636339087623, 
        "accumulated_operating_revenue": 1437639, 
        "long_term_average": 316887, 
        "date": "2015-05-31", 
        "operating_revenue": 325732, 
        "short_term_average": 276873
    }, 
    {
        "accumulated_operating_revenue_yoy": 8.804142808303048, 
        "accumulated_operating_revenue": 1772673, 
        "long_term_average": 324762, 
        "date": "2015-06-30", 
        "operating_revenue": 335034, 
        "short_term_average": 313576
    }, 
    {
        "accumulated_operating_revenue_yoy": 7.739662335932325, 
        "accumulated_operating_revenue": 2086677, 
        "long_term_average": 325301, 
        "date": "2015-07-31", 
        "operating_revenue": 314004, 
        "short_term_average": 324923
    }, 
    {
        "accumulated_operating_revenue_yoy": 10.616444104797706, 
        "accumulated_operating_revenue": 2504124, 
        "long_term_average": 332837, 
        "date": "2015-08-31", 
        "operating_revenue": 417447, 
        "short_term_average": 355495
    }
]