[
    {
        "date": "2011-09-30", 
        "operating_revenue": 312279, 
        "accumulated_operating_revenue": 312279, 
        "long_term_average": 312279, 
        "short_term_average": 312279
    }, 
    {
        "date": "2011-10-31", 
        "operating_revenue": 299786, 
        "accumulated_operating_revenue": 612065, 
        "long_term_average": 306032, 
        "short_term_average": 306032
    }, 
    {
        "date": "2011-11-30", 
        "operating_revenue": 289503, 
        "accumulated_operating_revenue": 901568, 
        "long_term_average": 300522, 
        "short_term_average": 300522
    }, 
    {
        "date": "2011-12-31", 
        "operating_revenue": 278604, 
        "accumulated_operating_revenue": 1180172, 
        "long_term_average": 295043, 
        "short_term_average": 289297
    }, 
    {
        "date": "2012-01-31", 
        "operating_revenue": 248222, 
        "accumulated_operating_revenue": 248222, 
        "long_term_average": 285678, 
        "short_term_average": 272109
    }, 
    {
        "date": "2012-02-29", 
        "operating_revenue": 261172, 
        "accumulated_operating_revenue": 509394, 
        "long_term_average": 281594, 
        "short_term_average": 262666
    }, 
    {
        "date": "2012-03-31", 
        "operating_revenue": 327020, 
        "accumulated_operating_revenue": 836414, 
        "long_term_average": 288083, 
        "short_term_average": 278804
    }, 
    {
        "date": "2012-04-30", 
        "operating_revenue": 324613, 
        "accumulated_operating_revenue": 1161027, 
        "long_term_average": 292649, 
        "short_term_average": 304268
    }, 
    {
        "date": "2012-05-31", 
        "operating_revenue": 329656, 
        "accumulated_operating_revenue": 1490683, 
        "long_term_average": 296761, 
        "short_term_average": 327096
    }, 
    {
        "date": "2012-06-30", 
        "operating_revenue": 278315, 
        "accumulated_operating_revenue": 1768998, 
        "long_term_average": 294917, 
        "short_term_average": 310861
    }, 
    {
        "date": "2012-07-31", 
        "operating_revenue": 336480, 
        "accumulated_operating_revenue": 2105478, 
        "long_term_average": 298695, 
        "short_term_average": 314817
    }, 
    {
        "date": "2012-08-31", 
        "operating_revenue": 331944, 
        "accumulated_operating_revenue": 2437422, 
        "long_term_average": 301466, 
        "short_term_average": 315579
    }, 
    {
        "accumulated_operating_revenue_yoy": 785.9039512743412, 
        "accumulated_operating_revenue": 2766492, 
        "long_term_average": 302865, 
        "date": "2012-09-30", 
        "operating_revenue": 329070, 
        "short_term_average": 332498
    }, 
    {
        "accumulated_operating_revenue_yoy": 398.86172220270726, 
        "accumulated_operating_revenue": 3053358, 
        "long_term_average": 301788, 
        "date": "2012-10-31", 
        "operating_revenue": 286866, 
        "short_term_average": 315960
    }, 
    {
        "accumulated_operating_revenue_yoy": 269.29871069070776, 
        "accumulated_operating_revenue": 3329479, 
        "long_term_average": 300673, 
        "date": "2012-11-30", 
        "operating_revenue": 276121, 
        "short_term_average": 297352
    }, 
    {
        "accumulated_operating_revenue_yoy": 206.43075755059434, 
        "accumulated_operating_revenue": 3616410, 
        "long_term_average": 301367, 
        "date": "2012-12-31", 
        "operating_revenue": 286931, 
        "short_term_average": 283306
    }, 
    {
        "accumulated_operating_revenue_yoy": 36.5668635334499, 
        "accumulated_operating_revenue": 338989, 
        "long_term_average": 308931, 
        "date": "2013-01-31", 
        "operating_revenue": 338989, 
        "short_term_average": 300680
    }, 
    {
        "accumulated_operating_revenue_yoy": 8.112188207949053, 
        "accumulated_operating_revenue": 550717, 
        "long_term_average": 304811, 
        "date": "2013-02-28", 
        "operating_revenue": 211728, 
        "short_term_average": 279216
    }, 
    {
        "accumulated_operating_revenue_yoy": 2.0628540411805636, 
        "accumulated_operating_revenue": 853668, 
        "long_term_average": 302805, 
        "date": "2013-03-31", 
        "operating_revenue": 302951, 
        "short_term_average": 284556
    }, 
    {
        "accumulated_operating_revenue_yoy": 2.0456027293077597, 
        "accumulated_operating_revenue": 1184777, 
        "long_term_average": 303346, 
        "date": "2013-04-30", 
        "operating_revenue": 331109, 
        "short_term_average": 281929
    }, 
    {
        "accumulated_operating_revenue_yoy": 1.8042736114921818, 
        "accumulated_operating_revenue": 1517579, 
        "long_term_average": 303608, 
        "date": "2013-05-31", 
        "operating_revenue": 332802, 
        "short_term_average": 322287
    }, 
    {
        "accumulated_operating_revenue_yoy": 2.555175302628946, 
        "accumulated_operating_revenue": 1814199, 
        "long_term_average": 305134, 
        "date": "2013-06-30", 
        "operating_revenue": 296620, 
        "short_term_average": 320177
    }, 
    {
        "accumulated_operating_revenue_yoy": 2.4358839180461636, 
        "accumulated_operating_revenue": 2156765, 
        "long_term_average": 305641, 
        "date": "2013-07-31", 
        "operating_revenue": 342566, 
        "short_term_average": 323996
    }, 
    {
        "accumulated_operating_revenue_yoy": 2.774652891456629, 
        "accumulated_operating_revenue": 2505052, 
        "long_term_average": 307003, 
        "date": "2013-08-31", 
        "operating_revenue": 348287, 
        "short_term_average": 329157
    }, 
    {
        "accumulated_operating_revenue_yoy": 2.8743260417886622, 
        "accumulated_operating_revenue": 2846010, 
        "long_term_average": 307994, 
        "date": "2013-09-30", 
        "operating_revenue": 340958, 
        "short_term_average": 343937
    }, 
    {
        "accumulated_operating_revenue_yoy": 3.9514200431131887, 
        "accumulated_operating_revenue": 3174009, 
        "long_term_average": 311421, 
        "date": "2013-10-31", 
        "operating_revenue": 327999, 
        "short_term_average": 339081
    }, 
    {
        "accumulated_operating_revenue_yoy": 5.495874880123887, 
        "accumulated_operating_revenue": 3512463, 
        "long_term_average": 316616, 
        "date": "2013-11-30", 
        "operating_revenue": 338454, 
        "short_term_average": 335803
    }, 
    {
        "accumulated_operating_revenue_yoy": 6.263946842310468, 
        "accumulated_operating_revenue": 3842940, 
        "long_term_average": 320245, 
        "date": "2013-12-31", 
        "operating_revenue": 330477, 
        "short_term_average": 332310
    }, 
    {
        "accumulated_operating_revenue_yoy": -17.870196378053567, 
        "accumulated_operating_revenue": 278411, 
        "long_term_average": 315196, 
        "date": "2014-01-31", 
        "operating_revenue": 278411, 
        "short_term_average": 315780
    }, 
    {
        "accumulated_operating_revenue_yoy": 2.277757904695152, 
        "accumulated_operating_revenue": 563261, 
        "long_term_average": 321290, 
        "date": "2014-02-28", 
        "operating_revenue": 284850, 
        "short_term_average": 297912
    }, 
    {
        "accumulated_operating_revenue_yoy": 5.48269350614056, 
        "accumulated_operating_revenue": 900472, 
        "long_term_average": 324145, 
        "date": "2014-03-31", 
        "operating_revenue": 337211, 
        "short_term_average": 300157
    }, 
    {
        "accumulated_operating_revenue_yoy": 5.819913789683628, 
        "accumulated_operating_revenue": 1253730, 
        "long_term_average": 325991, 
        "date": "2014-04-30", 
        "operating_revenue": 353258, 
        "short_term_average": 325106
    }, 
    {
        "accumulated_operating_revenue_yoy": 6.411857306934269, 
        "accumulated_operating_revenue": 1614884, 
        "long_term_average": 328353, 
        "date": "2014-05-31", 
        "operating_revenue": 361154, 
        "short_term_average": 350541
    }, 
    {
        "accumulated_operating_revenue_yoy": 7.630530057617714, 
        "accumulated_operating_revenue": 1952632, 
        "long_term_average": 331781, 
        "date": "2014-06-30", 
        "operating_revenue": 337748, 
        "short_term_average": 350720
    }, 
    {
        "accumulated_operating_revenue_yoy": 7.375536973198285, 
        "accumulated_operating_revenue": 2315838, 
        "long_term_average": 333501, 
        "date": "2014-07-31", 
        "operating_revenue": 363206, 
        "short_term_average": 354036
    }, 
    {
        "accumulated_operating_revenue_yoy": 6.538067872443366, 
        "accumulated_operating_revenue": 2668834, 
        "long_term_average": 333893, 
        "date": "2014-08-31", 
        "operating_revenue": 352996, 
        "short_term_average": 351316
    }, 
    {
        "accumulated_operating_revenue_yoy": 5.990175719691779, 
        "accumulated_operating_revenue": 3016491, 
        "long_term_average": 334451, 
        "date": "2014-09-30", 
        "operating_revenue": 347657, 
        "short_term_average": 354619
    }, 
    {
        "accumulated_operating_revenue_yoy": 5.499921392787481, 
        "accumulated_operating_revenue": 3348577, 
        "long_term_average": 334792, 
        "date": "2014-10-31", 
        "operating_revenue": 332086, 
        "short_term_average": 344246
    }, 
    {
        "accumulated_operating_revenue_yoy": 4.211773903383467, 
        "accumulated_operating_revenue": 3660400, 
        "long_term_average": 332573, 
        "date": "2014-11-30", 
        "operating_revenue": 311823, 
        "short_term_average": 330522
    }, 
    {
        "accumulated_operating_revenue_yoy": 4.401291719360698, 
        "accumulated_operating_revenue": 4012079, 
        "long_term_average": 334339, 
        "date": "2014-12-31", 
        "operating_revenue": 351679, 
        "short_term_average": 331862
    }, 
    {
        "accumulated_operating_revenue_yoy": 21.91328647215807, 
        "accumulated_operating_revenue": 339420, 
        "long_term_average": 339424, 
        "date": "2015-01-31", 
        "operating_revenue": 339420, 
        "short_term_average": 334307
    }, 
    {
        "accumulated_operating_revenue_yoy": 0.20097255091334212, 
        "accumulated_operating_revenue": 564393, 
        "long_term_average": 334434, 
        "date": "2015-02-28", 
        "operating_revenue": 224973, 
        "short_term_average": 305357
    }, 
    {
        "accumulated_operating_revenue_yoy": -0.09395072806261605, 
        "accumulated_operating_revenue": 899626, 
        "long_term_average": 334269, 
        "date": "2015-03-31", 
        "operating_revenue": 335233, 
        "short_term_average": 299875
    }, 
    {
        "accumulated_operating_revenue_yoy": -4.274126007992152, 
        "accumulated_operating_revenue": 1200144, 
        "long_term_average": 329874, 
        "date": "2015-04-30", 
        "operating_revenue": 300518, 
        "short_term_average": 286908
    }, 
    {
        "accumulated_operating_revenue_yoy": -5.040485880100366, 
        "accumulated_operating_revenue": 1533486, 
        "long_term_average": 327556, 
        "date": "2015-05-31", 
        "operating_revenue": 333342, 
        "short_term_average": 323031
    }, 
    {
        "accumulated_operating_revenue_yoy": -3.1612715555209587, 
        "accumulated_operating_revenue": 1890904, 
        "long_term_average": 329195, 
        "date": "2015-06-30", 
        "operating_revenue": 357418, 
        "short_term_average": 330426
    }, 
    {
        "accumulated_operating_revenue_yoy": -3.6872181905642796, 
        "accumulated_operating_revenue": 2230448, 
        "long_term_average": 327224, 
        "date": "2015-07-31", 
        "operating_revenue": 339544, 
        "short_term_average": 343434
    }, 
    {
        "accumulated_operating_revenue_yoy": -3.5596443990147013, 
        "accumulated_operating_revenue": 2573833, 
        "long_term_average": 326423, 
        "date": "2015-08-31", 
        "operating_revenue": 343385, 
        "short_term_average": 346782
    }, 
    {
        "accumulated_operating_revenue_yoy": -3.6382339612483507, 
        "accumulated_operating_revenue": 2906744, 
        "long_term_average": 325194, 
        "date": "2015-09-30", 
        "operating_revenue": 332911, 
        "short_term_average": 338613
    }
]