[
    {
        "date": "2012-01-31", 
        "operating_revenue": 319873, 
        "accumulated_operating_revenue": 319873, 
        "long_term_average": 319873, 
        "short_term_average": 319873
    }, 
    {
        "date": "2012-02-29", 
        "operating_revenue": 343931, 
        "accumulated_operating_revenue": 663804, 
        "long_term_average": 331902, 
        "short_term_average": 331902
    }, 
    {
        "date": "2012-03-31", 
        "operating_revenue": 468246, 
        "accumulated_operating_revenue": 1132050, 
        "long_term_average": 377350, 
        "short_term_average": 377350
    }, 
    {
        "date": "2012-04-30", 
        "operating_revenue": 445381, 
        "accumulated_operating_revenue": 1577431, 
        "long_term_average": 394357, 
        "short_term_average": 419186
    }, 
    {
        "date": "2012-05-31", 
        "operating_revenue": 388610, 
        "accumulated_operating_revenue": 1966041, 
        "long_term_average": 393208, 
        "short_term_average": 434079
    }, 
    {
        "date": "2012-06-30", 
        "operating_revenue": 319223, 
        "accumulated_operating_revenue": 2285264, 
        "long_term_average": 380877, 
        "short_term_average": 384404
    }, 
    {
        "date": "2012-07-31", 
        "operating_revenue": 361189, 
        "accumulated_operating_revenue": 2646453, 
        "long_term_average": 378064, 
        "short_term_average": 356340
    }, 
    {
        "date": "2012-08-31", 
        "operating_revenue": 309295, 
        "accumulated_operating_revenue": 2955748, 
        "long_term_average": 369468, 
        "short_term_average": 329902
    }, 
    {
        "date": "2012-09-30", 
        "operating_revenue": 304386, 
        "accumulated_operating_revenue": 3260134, 
        "long_term_average": 362237, 
        "short_term_average": 324956
    }, 
    {
        "date": "2012-10-31", 
        "operating_revenue": 299029, 
        "accumulated_operating_revenue": 3559163, 
        "long_term_average": 355916, 
        "short_term_average": 304236
    }, 
    {
        "date": "2012-11-30", 
        "operating_revenue": 330955, 
        "accumulated_operating_revenue": 3890118, 
        "long_term_average": 353647, 
        "short_term_average": 311456
    }, 
    {
        "date": "2012-12-31", 
        "operating_revenue": 277276, 
        "accumulated_operating_revenue": 4167394, 
        "long_term_average": 347282, 
        "short_term_average": 302420
    }, 
    {
        "accumulated_operating_revenue_yoy": -0.544591134606547, 
        "accumulated_operating_revenue": 318131, 
        "long_term_average": 347137, 
        "date": "2013-01-31", 
        "operating_revenue": 318131, 
        "short_term_average": 308787
    }, 
    {
        "accumulated_operating_revenue_yoy": -14.763092720140284, 
        "accumulated_operating_revenue": 565806, 
        "long_term_average": 339116, 
        "date": "2013-02-28", 
        "operating_revenue": 247675, 
        "short_term_average": 281027
    }, 
    {
        "accumulated_operating_revenue_yoy": -23.141822357669714, 
        "accumulated_operating_revenue": 870073, 
        "long_term_average": 325451, 
        "date": "2013-03-31", 
        "operating_revenue": 304267, 
        "short_term_average": 290024
    }, 
    {
        "accumulated_operating_revenue_yoy": -26.06852534278837, 
        "accumulated_operating_revenue": 1166218, 
        "long_term_average": 313015, 
        "date": "2013-04-30", 
        "operating_revenue": 296145, 
        "short_term_average": 282695
    }, 
    {
        "accumulated_operating_revenue_yoy": -24.32299224685548, 
        "accumulated_operating_revenue": 1487841, 
        "long_term_average": 307432, 
        "date": "2013-05-31", 
        "operating_revenue": 321623, 
        "short_term_average": 307345
    }, 
    {
        "accumulated_operating_revenue_yoy": -21.392889399211647, 
        "accumulated_operating_revenue": 1796380, 
        "long_term_average": 306542, 
        "date": "2013-06-30", 
        "operating_revenue": 308539, 
        "short_term_average": 308769
    }, 
    {
        "accumulated_operating_revenue_yoy": -18.406863828679366, 
        "accumulated_operating_revenue": 2159324, 
        "long_term_average": 306688, 
        "date": "2013-07-31", 
        "operating_revenue": 362944, 
        "short_term_average": 331035
    }, 
    {
        "accumulated_operating_revenue_yoy": -18.34848573017727, 
        "accumulated_operating_revenue": 2413413, 
        "long_term_average": 302088, 
        "date": "2013-08-31", 
        "operating_revenue": 254089, 
        "short_term_average": 308524
    }, 
    {
        "accumulated_operating_revenue_yoy": -17.662985631878936, 
        "accumulated_operating_revenue": 2684297, 
        "long_term_average": 299296, 
        "date": "2013-09-30", 
        "operating_revenue": 270884, 
        "short_term_average": 295972
    }, 
    {
        "accumulated_operating_revenue_yoy": -16.616687687526532, 
        "accumulated_operating_revenue": 2967748, 
        "long_term_average": 297998, 
        "date": "2013-10-31", 
        "operating_revenue": 283451, 
        "short_term_average": 269474
    }, 
    {
        "accumulated_operating_revenue_yoy": -14.202602594574252, 
        "accumulated_operating_revenue": 3337620, 
        "long_term_average": 301241, 
        "date": "2013-11-30", 
        "operating_revenue": 369872, 
        "short_term_average": 308069
    }, 
    {
        "accumulated_operating_revenue_yoy": -12.379607015799323, 
        "accumulated_operating_revenue": 3651487, 
        "long_term_average": 304290, 
        "date": "2013-12-31", 
        "operating_revenue": 313867, 
        "short_term_average": 322396
    }, 
    {
        "accumulated_operating_revenue_yoy": 2.9931066133133837, 
        "accumulated_operating_revenue": 327653, 
        "long_term_average": 305084, 
        "date": "2014-01-31", 
        "operating_revenue": 327653, 
        "short_term_average": 337130
    }, 
    {
        "accumulated_operating_revenue_yoy": 6.261333389889821, 
        "accumulated_operating_revenue": 601233, 
        "long_term_average": 307242, 
        "date": "2014-02-28", 
        "operating_revenue": 273580, 
        "short_term_average": 305033
    }, 
    {
        "accumulated_operating_revenue_yoy": -0.976814589120683, 
        "accumulated_operating_revenue": 861574, 
        "long_term_average": 303582, 
        "date": "2014-03-31", 
        "operating_revenue": 260341, 
        "short_term_average": 287191
    }, 
    {
        "accumulated_operating_revenue_yoy": -0.37591599512269575, 
        "accumulated_operating_revenue": 1161834, 
        "long_term_average": 303925, 
        "date": "2014-04-30", 
        "operating_revenue": 300260, 
        "short_term_average": 278060
    }, 
    {
        "accumulated_operating_revenue_yoy": -0.0675475403621758, 
        "accumulated_operating_revenue": 1486836, 
        "long_term_average": 304206, 
        "date": "2014-05-31", 
        "operating_revenue": 325002, 
        "short_term_average": 295201
    }, 
    {
        "accumulated_operating_revenue_yoy": 0.07192242175931596, 
        "accumulated_operating_revenue": 1797672, 
        "long_term_average": 304398, 
        "date": "2014-06-30", 
        "operating_revenue": 310836, 
        "short_term_average": 312032
    }, 
    {
        "accumulated_operating_revenue_yoy": 1.3033708697722066, 
        "accumulated_operating_revenue": 2187468, 
        "long_term_average": 306635, 
        "date": "2014-07-31", 
        "operating_revenue": 389796, 
        "short_term_average": 341878
    }, 
    {
        "accumulated_operating_revenue_yoy": 7.284538535261059, 
        "accumulated_operating_revenue": 2589219, 
        "long_term_average": 318941, 
        "date": "2014-08-31", 
        "operating_revenue": 401751, 
        "short_term_average": 367461
    }, 
    {
        "accumulated_operating_revenue_yoy": 13.811474661708449, 
        "accumulated_operating_revenue": 3055038, 
        "long_term_average": 335185, 
        "date": "2014-09-30", 
        "operating_revenue": 465819, 
        "short_term_average": 419122
    }, 
    {
        "accumulated_operating_revenue_yoy": 18.982541644371423, 
        "accumulated_operating_revenue": 3531102, 
        "long_term_average": 351236, 
        "date": "2014-10-31", 
        "operating_revenue": 476064, 
        "short_term_average": 447878
    }, 
    {
        "accumulated_operating_revenue_yoy": 18.77325759073831, 
        "accumulated_operating_revenue": 3964200, 
        "long_term_average": 356505, 
        "date": "2014-11-30", 
        "operating_revenue": 433098, 
        "short_term_average": 458327
    }, 
    {
        "accumulated_operating_revenue_yoy": 20.861281992788143, 
        "accumulated_operating_revenue": 4413234, 
        "long_term_average": 367769, 
        "date": "2014-12-31", 
        "operating_revenue": 449034, 
        "short_term_average": 452732
    }, 
    {
        "accumulated_operating_revenue_yoy": -4.845064748377094, 
        "accumulated_operating_revenue": 311778, 
        "long_term_average": 366446, 
        "date": "2015-01-31", 
        "operating_revenue": 311778, 
        "short_term_average": 397970
    }, 
    {
        "accumulated_operating_revenue_yoy": 7.599216942516462, 
        "accumulated_operating_revenue": 646922, 
        "long_term_average": 371576, 
        "date": "2015-02-28", 
        "operating_revenue": 335144, 
        "short_term_average": 365318
    }, 
    {
        "accumulated_operating_revenue_yoy": 23.245130424084294, 
        "accumulated_operating_revenue": 1061848, 
        "long_term_average": 384459, 
        "date": "2015-03-31", 
        "operating_revenue": 414926, 
        "short_term_average": 353949
    }, 
    {
        "accumulated_operating_revenue_yoy": 22.328921343324435, 
        "accumulated_operating_revenue": 1421259, 
        "long_term_average": 389388, 
        "date": "2015-04-30", 
        "operating_revenue": 359411, 
        "short_term_average": 369827
    }, 
    {
        "accumulated_operating_revenue_yoy": 16.114756435814037, 
        "accumulated_operating_revenue": 1726436, 
        "long_term_average": 387736, 
        "date": "2015-05-31", 
        "operating_revenue": 305177, 
        "short_term_average": 359838
    }, 
    {
        "accumulated_operating_revenue_yoy": 18.93187411274137, 
        "accumulated_operating_revenue": 2138005, 
        "long_term_average": 396130, 
        "date": "2015-06-30", 
        "operating_revenue": 411569, 
        "short_term_average": 358719
    }, 
    {
        "accumulated_operating_revenue_yoy": 14.813108123181687, 
        "accumulated_operating_revenue": 2511500, 
        "long_term_average": 394772, 
        "date": "2015-07-31", 
        "operating_revenue": 373495, 
        "short_term_average": 363413
    }, 
    {
        "accumulated_operating_revenue_yoy": 14.361859695916026, 
        "accumulated_operating_revenue": 2961079, 
        "long_term_average": 398757, 
        "date": "2015-08-31", 
        "operating_revenue": 449579, 
        "short_term_average": 411547
    }
]