[
    {
        "date": "2012-01-31", 
        "operating_revenue": 794704, 
        "accumulated_operating_revenue": 794704, 
        "long_term_average": 794704, 
        "short_term_average": 794704
    }, 
    {
        "date": "2012-02-29", 
        "operating_revenue": 959969, 
        "accumulated_operating_revenue": 1754673, 
        "long_term_average": 877336, 
        "short_term_average": 877336
    }, 
    {
        "date": "2012-03-31", 
        "operating_revenue": 1152264, 
        "accumulated_operating_revenue": 2906937, 
        "long_term_average": 968979, 
        "short_term_average": 968979
    }, 
    {
        "date": "2012-04-30", 
        "operating_revenue": 1099516, 
        "accumulated_operating_revenue": 4006453, 
        "long_term_average": 1001613, 
        "short_term_average": 1070583
    }, 
    {
        "date": "2012-05-31", 
        "operating_revenue": 1065011, 
        "accumulated_operating_revenue": 5071464, 
        "long_term_average": 1014292, 
        "short_term_average": 1105597
    }, 
    {
        "date": "2012-06-30", 
        "operating_revenue": 1065941, 
        "accumulated_operating_revenue": 6137405, 
        "long_term_average": 1022900, 
        "short_term_average": 1076822
    }, 
    {
        "date": "2012-07-31", 
        "operating_revenue": 982640, 
        "accumulated_operating_revenue": 7120045, 
        "long_term_average": 1017149, 
        "short_term_average": 1037864
    }, 
    {
        "date": "2012-08-31", 
        "operating_revenue": 1115912, 
        "accumulated_operating_revenue": 8235957, 
        "long_term_average": 1029494, 
        "short_term_average": 1054831
    }, 
    {
        "date": "2012-09-30", 
        "operating_revenue": 1131242, 
        "accumulated_operating_revenue": 9367199, 
        "long_term_average": 1040799, 
        "short_term_average": 1076598
    }, 
    {
        "date": "2012-10-31", 
        "operating_revenue": 1107718, 
        "accumulated_operating_revenue": 10474917, 
        "long_term_average": 1047491, 
        "short_term_average": 1118290
    }, 
    {
        "date": "2012-11-30", 
        "operating_revenue": 1107117, 
        "accumulated_operating_revenue": 11582034, 
        "long_term_average": 1052912, 
        "short_term_average": 1115359
    }, 
    {
        "date": "2012-12-31", 
        "operating_revenue": 1153633, 
        "accumulated_operating_revenue": 12735667, 
        "long_term_average": 1061305, 
        "short_term_average": 1122822
    }, 
    {
        "accumulated_operating_revenue_yoy": 24.74770480581449, 
        "accumulated_operating_revenue": 991375, 
        "long_term_average": 1077694, 
        "date": "2013-01-31", 
        "operating_revenue": 991375, 
        "short_term_average": 1084041
    }, 
    {
        "accumulated_operating_revenue_yoy": -2.598204907695052, 
        "accumulated_operating_revenue": 1709083, 
        "long_term_average": 1057506, 
        "date": "2013-02-28", 
        "operating_revenue": 717708, 
        "short_term_average": 954238
    }, 
    {
        "accumulated_operating_revenue_yoy": -6.760999636387028, 
        "accumulated_operating_revenue": 2710399, 
        "long_term_average": 1044927, 
        "date": "2013-03-31", 
        "operating_revenue": 1001316, 
        "short_term_average": 903466
    }, 
    {
        "accumulated_operating_revenue_yoy": -3.8638166977124153, 
        "accumulated_operating_revenue": 3851651, 
        "long_term_average": 1048405, 
        "date": "2013-04-30", 
        "operating_revenue": 1141252, 
        "short_term_average": 953425
    }, 
    {
        "accumulated_operating_revenue_yoy": 1.2199041539090092, 
        "accumulated_operating_revenue": 5133331, 
        "long_term_average": 1066461, 
        "date": "2013-05-31", 
        "operating_revenue": 1281680, 
        "short_term_average": 1141416
    }, 
    {
        "accumulated_operating_revenue_yoy": 0.33409885774199355, 
        "accumulated_operating_revenue": 6157910, 
        "long_term_average": 1063014, 
        "date": "2013-06-30", 
        "operating_revenue": 1024579, 
        "short_term_average": 1149170
    }, 
    {
        "accumulated_operating_revenue_yoy": 3.201117408668063, 
        "accumulated_operating_revenue": 7347966, 
        "long_term_average": 1080299, 
        "date": "2013-07-31", 
        "operating_revenue": 1190056, 
        "short_term_average": 1165438
    }, 
    {
        "accumulated_operating_revenue_yoy": 5.184558394367528, 
        "accumulated_operating_revenue": 8662955, 
        "long_term_average": 1096888, 
        "date": "2013-08-31", 
        "operating_revenue": 1314989, 
        "short_term_average": 1176541
    }, 
    {
        "accumulated_operating_revenue_yoy": 5.8974940107496385, 
        "accumulated_operating_revenue": 9919629, 
        "long_term_average": 1107341, 
        "date": "2013-09-30", 
        "operating_revenue": 1256674, 
        "short_term_average": 1253906
    }, 
    {
        "accumulated_operating_revenue_yoy": 5.668579521918885, 
        "accumulated_operating_revenue": 11068696, 
        "long_term_average": 1110787, 
        "date": "2013-10-31", 
        "operating_revenue": 1149067, 
        "short_term_average": 1240243
    }, 
    {
        "accumulated_operating_revenue_yoy": 6.214133027065885, 
        "accumulated_operating_revenue": 12301757, 
        "long_term_average": 1121282, 
        "date": "2013-11-30", 
        "operating_revenue": 1233061, 
        "short_term_average": 1212934
    }, 
    {
        "accumulated_operating_revenue_yoy": 7.7962936687964595, 
        "accumulated_operating_revenue": 13728577, 
        "long_term_average": 1144048, 
        "date": "2013-12-31", 
        "operating_revenue": 1426820, 
        "short_term_average": 1269649
    }, 
    {
        "accumulated_operating_revenue_yoy": 31.39720085739503, 
        "accumulated_operating_revenue": 1302639, 
        "long_term_average": 1169986, 
        "date": "2014-01-31", 
        "operating_revenue": 1302639, 
        "short_term_average": 1320840
    }, 
    {
        "accumulated_operating_revenue_yoy": 34.73710756001903, 
        "accumulated_operating_revenue": 2302769, 
        "long_term_average": 1193521, 
        "date": "2014-02-28", 
        "operating_revenue": 1000130, 
        "short_term_average": 1243196
    }, 
    {
        "accumulated_operating_revenue_yoy": 37.659473752757435, 
        "accumulated_operating_revenue": 3731121, 
        "long_term_average": 1229108, 
        "date": "2014-03-31", 
        "operating_revenue": 1428352, 
        "short_term_average": 1243707
    }, 
    {
        "accumulated_operating_revenue_yoy": 39.76575240072374, 
        "accumulated_operating_revenue": 5383289, 
        "long_term_average": 1271684, 
        "date": "2014-04-30", 
        "operating_revenue": 1652168, 
        "short_term_average": 1360216
    }, 
    {
        "accumulated_operating_revenue_yoy": 35.1878536568166, 
        "accumulated_operating_revenue": 6939640, 
        "long_term_average": 1294573, 
        "date": "2014-05-31", 
        "operating_revenue": 1556351, 
        "short_term_average": 1545623
    }, 
    {
        "accumulated_operating_revenue_yoy": 39.241089915247215, 
        "accumulated_operating_revenue": 8574341, 
        "long_term_average": 1345417, 
        "date": "2014-06-30", 
        "operating_revenue": 1634701, 
        "short_term_average": 1614406
    }, 
    {
        "accumulated_operating_revenue_yoy": 35.98774136951641, 
        "accumulated_operating_revenue": 9992333, 
        "long_term_average": 1364412, 
        "date": "2014-07-31", 
        "operating_revenue": 1417992, 
        "short_term_average": 1536348
    }, 
    {
        "accumulated_operating_revenue_yoy": 32.56085250356258, 
        "accumulated_operating_revenue": 11483687, 
        "long_term_average": 1379109, 
        "date": "2014-08-31", 
        "operating_revenue": 1491354, 
        "short_term_average": 1514682
    }, 
    {
        "accumulated_operating_revenue_yoy": 31.049215651109535, 
        "accumulated_operating_revenue": 12999596, 
        "long_term_average": 1400712, 
        "date": "2014-09-30", 
        "operating_revenue": 1515909, 
        "short_term_average": 1475085
    }, 
    {
        "accumulated_operating_revenue_yoy": 30.177601769892316, 
        "accumulated_operating_revenue": 14408963, 
        "long_term_average": 1422403, 
        "date": "2014-10-31", 
        "operating_revenue": 1409367, 
        "short_term_average": 1472210
    }, 
    {
        "accumulated_operating_revenue_yoy": 28.885182823884424, 
        "accumulated_operating_revenue": 15855142, 
        "long_term_average": 1440163, 
        "date": "2014-11-30", 
        "operating_revenue": 1446179, 
        "short_term_average": 1457151
    }, 
    {
        "accumulated_operating_revenue_yoy": 26.355863393562203, 
        "accumulated_operating_revenue": 17346862, 
        "long_term_average": 1445571, 
        "date": "2014-12-31", 
        "operating_revenue": 1491720, 
        "short_term_average": 1449088
    }, 
    {
        "accumulated_operating_revenue_yoy": 8.780943914622547, 
        "accumulated_operating_revenue": 1417023, 
        "long_term_average": 1455103, 
        "date": "2015-01-31", 
        "operating_revenue": 1417023, 
        "short_term_average": 1451640
    }, 
    {
        "accumulated_operating_revenue_yoy": 2.170864728507288, 
        "accumulated_operating_revenue": 2352759, 
        "long_term_average": 1449737, 
        "date": "2015-02-28", 
        "operating_revenue": 935736, 
        "short_term_average": 1281493
    }, 
    {
        "accumulated_operating_revenue_yoy": 3.005182624739321, 
        "accumulated_operating_revenue": 3843248, 
        "long_term_average": 1454915, 
        "date": "2015-03-31", 
        "operating_revenue": 1490489, 
        "short_term_average": 1281082
    }, 
    {
        "accumulated_operating_revenue_yoy": 0.13718379228757735, 
        "accumulated_operating_revenue": 5390674, 
        "long_term_average": 1446187, 
        "date": "2015-04-30", 
        "operating_revenue": 1547426, 
        "short_term_average": 1324550
    }, 
    {
        "accumulated_operating_revenue_yoy": -0.8946861796865543, 
        "accumulated_operating_revenue": 6877552, 
        "long_term_average": 1440397, 
        "date": "2015-05-31", 
        "operating_revenue": 1486878, 
        "short_term_average": 1508264
    }, 
    {
        "accumulated_operating_revenue_yoy": -2.8831720128695606, 
        "accumulated_operating_revenue": 8327128, 
        "long_term_average": 1424970, 
        "date": "2015-06-30", 
        "operating_revenue": 1449576, 
        "short_term_average": 1494626
    }, 
    {
        "accumulated_operating_revenue_yoy": -6.235590827487434, 
        "accumulated_operating_revenue": 9369252, 
        "long_term_average": 1393648, 
        "date": "2015-07-31", 
        "operating_revenue": 1042124, 
        "short_term_average": 1326192
    }, 
    {
        "accumulated_operating_revenue_yoy": -9.906287066166119, 
        "accumulated_operating_revenue": 10346080, 
        "long_term_average": 1350771, 
        "date": "2015-08-31", 
        "operating_revenue": 976828, 
        "short_term_average": 1156176
    }
]