[
    {
        "date": "2012-01-31", 
        "operating_revenue": 75411, 
        "accumulated_operating_revenue": 75411, 
        "long_term_average": 75411, 
        "short_term_average": 75411
    }, 
    {
        "date": "2012-02-29", 
        "operating_revenue": 71553, 
        "accumulated_operating_revenue": 146964, 
        "long_term_average": 73482, 
        "short_term_average": 73482
    }, 
    {
        "date": "2012-03-31", 
        "operating_revenue": 89056, 
        "accumulated_operating_revenue": 236020, 
        "long_term_average": 78673, 
        "short_term_average": 78673
    }, 
    {
        "date": "2012-04-30", 
        "operating_revenue": 87887, 
        "accumulated_operating_revenue": 323907, 
        "long_term_average": 80976, 
        "short_term_average": 82832
    }, 
    {
        "date": "2012-05-31", 
        "operating_revenue": 67100, 
        "accumulated_operating_revenue": 391007, 
        "long_term_average": 78201, 
        "short_term_average": 81347
    }, 
    {
        "date": "2012-06-30", 
        "operating_revenue": 66579, 
        "accumulated_operating_revenue": 457586, 
        "long_term_average": 76264, 
        "short_term_average": 73855
    }, 
    {
        "date": "2012-07-31", 
        "operating_revenue": 73678, 
        "accumulated_operating_revenue": 531264, 
        "long_term_average": 75894, 
        "short_term_average": 69119
    }, 
    {
        "date": "2012-08-31", 
        "operating_revenue": 51394, 
        "accumulated_operating_revenue": 582658, 
        "long_term_average": 72832, 
        "short_term_average": 63883
    }, 
    {
        "date": "2012-09-30", 
        "operating_revenue": 38385, 
        "accumulated_operating_revenue": 621043, 
        "long_term_average": 69004, 
        "short_term_average": 54485
    }, 
    {
        "date": "2012-10-31", 
        "operating_revenue": 70589, 
        "accumulated_operating_revenue": 691632, 
        "long_term_average": 69163, 
        "short_term_average": 53456
    }, 
    {
        "date": "2012-11-30", 
        "operating_revenue": 68549, 
        "accumulated_operating_revenue": 760181, 
        "long_term_average": 69107, 
        "short_term_average": 59174
    }, 
    {
        "date": "2012-12-31", 
        "operating_revenue": 48661, 
        "accumulated_operating_revenue": 808842, 
        "long_term_average": 67403, 
        "short_term_average": 62599
    }, 
    {
        "accumulated_operating_revenue_yoy": -46.77301719908236, 
        "accumulated_operating_revenue": 40139, 
        "long_term_average": 64464, 
        "date": "2013-01-31", 
        "operating_revenue": 40139, 
        "short_term_average": 52449
    }, 
    {
        "accumulated_operating_revenue_yoy": -44.08358509566968, 
        "accumulated_operating_revenue": 82177, 
        "long_term_average": 62004, 
        "date": "2013-02-28", 
        "operating_revenue": 42038, 
        "short_term_average": 43612
    }, 
    {
        "accumulated_operating_revenue_yoy": -39.44538598423863, 
        "accumulated_operating_revenue": 142921, 
        "long_term_average": 59645, 
        "date": "2013-03-31", 
        "operating_revenue": 60744, 
        "short_term_average": 47640
    }, 
    {
        "accumulated_operating_revenue_yoy": -34.429944397620304, 
        "accumulated_operating_revenue": 212386, 
        "long_term_average": 58110, 
        "date": "2013-04-30", 
        "operating_revenue": 69465, 
        "short_term_average": 57415
    }, 
    {
        "accumulated_operating_revenue_yoy": -25.026661926768572, 
        "accumulated_operating_revenue": 293151, 
        "long_term_average": 59248, 
        "date": "2013-05-31", 
        "operating_revenue": 80765, 
        "short_term_average": 70324
    }, 
    {
        "accumulated_operating_revenue_yoy": -21.909542687057733, 
        "accumulated_operating_revenue": 357331, 
        "long_term_average": 59048, 
        "date": "2013-06-30", 
        "operating_revenue": 64180, 
        "short_term_average": 71470
    }, 
    {
        "accumulated_operating_revenue_yoy": -22.928901638356823, 
        "accumulated_operating_revenue": 409451, 
        "long_term_average": 57252, 
        "date": "2013-07-31", 
        "operating_revenue": 52120, 
        "short_term_average": 65688
    }, 
    {
        "accumulated_operating_revenue_yoy": -18.978543159108774, 
        "accumulated_operating_revenue": 472078, 
        "long_term_average": 58188, 
        "date": "2013-08-31", 
        "operating_revenue": 62627, 
        "short_term_average": 59642
    }, 
    {
        "accumulated_operating_revenue_yoy": -16.985136294910337, 
        "accumulated_operating_revenue": 515558, 
        "long_term_average": 58613, 
        "date": "2013-09-30", 
        "operating_revenue": 43480, 
        "short_term_average": 52742
    }, 
    {
        "accumulated_operating_revenue_yoy": -14.571621902977306, 
        "accumulated_operating_revenue": 590850, 
        "long_term_average": 59005, 
        "date": "2013-10-31", 
        "operating_revenue": 75292, 
        "short_term_average": 60466
    }, 
    {
        "accumulated_operating_revenue_yoy": -13.584396347711927, 
        "accumulated_operating_revenue": 656915, 
        "long_term_average": 58798, 
        "date": "2013-11-30", 
        "operating_revenue": 66065, 
        "short_term_average": 61612
    }, 
    {
        "accumulated_operating_revenue_yoy": -12.460406358720244, 
        "accumulated_operating_revenue": 708057, 
        "long_term_average": 59004, 
        "date": "2013-12-31", 
        "operating_revenue": 51142, 
        "short_term_average": 64166
    }, 
    {
        "accumulated_operating_revenue_yoy": 35.962530207528836, 
        "accumulated_operating_revenue": 54574, 
        "long_term_average": 60207, 
        "date": "2014-01-31", 
        "operating_revenue": 54574, 
        "short_term_average": 57260
    }, 
    {
        "accumulated_operating_revenue_yoy": 12.312447521812672, 
        "accumulated_operating_revenue": 92295, 
        "long_term_average": 59847, 
        "date": "2014-02-28", 
        "operating_revenue": 37721, 
        "short_term_average": 47812
    }, 
    {
        "accumulated_operating_revenue_yoy": -2.924692662379916, 
        "accumulated_operating_revenue": 138741, 
        "long_term_average": 58656, 
        "date": "2014-03-31", 
        "operating_revenue": 46446, 
        "short_term_average": 46247
    }, 
    {
        "accumulated_operating_revenue_yoy": -1.9182055314380422, 
        "accumulated_operating_revenue": 208312, 
        "long_term_average": 58665, 
        "date": "2014-04-30", 
        "operating_revenue": 69571, 
        "short_term_average": 51246
    }, 
    {
        "accumulated_operating_revenue_yoy": -11.030833938823337, 
        "accumulated_operating_revenue": 260814, 
        "long_term_average": 56310, 
        "date": "2014-05-31", 
        "operating_revenue": 52502, 
        "short_term_average": 56173
    }, 
    {
        "accumulated_operating_revenue_yoy": -8.928136657608771, 
        "accumulated_operating_revenue": 325428, 
        "long_term_average": 56346, 
        "date": "2014-06-30", 
        "operating_revenue": 64614, 
        "short_term_average": 62229
    }, 
    {
        "accumulated_operating_revenue_yoy": 1.1346901094392248, 
        "accumulated_operating_revenue": 414097, 
        "long_term_average": 59391, 
        "date": "2014-07-31", 
        "operating_revenue": 88669, 
        "short_term_average": 68595
    }, 
    {
        "accumulated_operating_revenue_yoy": -1.540211575205792, 
        "accumulated_operating_revenue": 464807, 
        "long_term_average": 58398, 
        "date": "2014-08-31", 
        "operating_revenue": 50710, 
        "short_term_average": 67997
    }, 
    {
        "accumulated_operating_revenue_yoy": 1.683418742411135, 
        "accumulated_operating_revenue": 524237, 
        "long_term_average": 59728, 
        "date": "2014-09-30", 
        "operating_revenue": 59430, 
        "short_term_average": 66269
    }, 
    {
        "accumulated_operating_revenue_yoy": -0.4104256579504104, 
        "accumulated_operating_revenue": 588425, 
        "long_term_average": 58802, 
        "date": "2014-10-31", 
        "operating_revenue": 64188, 
        "short_term_average": 58109
    }, 
    {
        "accumulated_operating_revenue_yoy": 0.1978947047943798, 
        "accumulated_operating_revenue": 658215, 
        "long_term_average": 59113, 
        "date": "2014-11-30", 
        "operating_revenue": 69790, 
        "short_term_average": 64469
    }, 
    {
        "accumulated_operating_revenue_yoy": 4.304314483156017, 
        "accumulated_operating_revenue": 738534, 
        "long_term_average": 61544, 
        "date": "2014-12-31", 
        "operating_revenue": 80319, 
        "short_term_average": 71432
    }, 
    {
        "accumulated_operating_revenue_yoy": 13.992010847656394, 
        "accumulated_operating_revenue": 62210, 
        "long_term_average": 62180, 
        "date": "2015-01-31", 
        "operating_revenue": 62210, 
        "short_term_average": 70773
    }, 
    {
        "accumulated_operating_revenue_yoy": 3.3750474023511563, 
        "accumulated_operating_revenue": 95410, 
        "long_term_average": 61804, 
        "date": "2015-02-28", 
        "operating_revenue": 33200, 
        "short_term_average": 58576
    }, 
    {
        "accumulated_operating_revenue_yoy": 48.74334191046626, 
        "accumulated_operating_revenue": 206368, 
        "long_term_average": 67180, 
        "date": "2015-03-31", 
        "operating_revenue": 110958, 
        "short_term_average": 68789
    }, 
    {
        "accumulated_operating_revenue_yoy": 37.308940435500595, 
        "accumulated_operating_revenue": 286031, 
        "long_term_average": 68021, 
        "date": "2015-04-30", 
        "operating_revenue": 79663, 
        "short_term_average": 74607
    }, 
    {
        "accumulated_operating_revenue_yoy": 37.957701657119635, 
        "accumulated_operating_revenue": 359813, 
        "long_term_average": 69794, 
        "date": "2015-05-31", 
        "operating_revenue": 73782, 
        "short_term_average": 88134
    }, 
    {
        "accumulated_operating_revenue_yoy": 32.072839460648744, 
        "accumulated_operating_revenue": 429802, 
        "long_term_average": 70242, 
        "date": "2015-06-30", 
        "operating_revenue": 69989, 
        "short_term_average": 74478
    }, 
    {
        "accumulated_operating_revenue_yoy": 23.417460160300607, 
        "accumulated_operating_revenue": 511068, 
        "long_term_average": 69625, 
        "date": "2015-07-31", 
        "operating_revenue": 81266, 
        "short_term_average": 75012
    }, 
    {
        "accumulated_operating_revenue_yoy": 25.681411854812858, 
        "accumulated_operating_revenue": 584176, 
        "long_term_average": 71491, 
        "date": "2015-08-31", 
        "operating_revenue": 73108, 
        "short_term_average": 74787
    }, 
    {
        "accumulated_operating_revenue_yoy": 26.33312795548578, 
        "accumulated_operating_revenue": 662285, 
        "long_term_average": 73048, 
        "date": "2015-09-30", 
        "operating_revenue": 78109, 
        "short_term_average": 77494
    }
]