[
    {
        "date": "2011-09-30", 
        "operating_revenue": 158438, 
        "accumulated_operating_revenue": 158438, 
        "long_term_average": 158438, 
        "short_term_average": 158438
    }, 
    {
        "date": "2011-10-31", 
        "operating_revenue": 107890, 
        "accumulated_operating_revenue": 266328, 
        "long_term_average": 133164, 
        "short_term_average": 133164
    }, 
    {
        "date": "2011-11-30", 
        "operating_revenue": 113987, 
        "accumulated_operating_revenue": 380315, 
        "long_term_average": 126771, 
        "short_term_average": 126771
    }, 
    {
        "date": "2011-12-31", 
        "operating_revenue": 130885, 
        "accumulated_operating_revenue": 511200, 
        "long_term_average": 127800, 
        "short_term_average": 117587
    }, 
    {
        "date": "2012-01-31", 
        "operating_revenue": 92914, 
        "accumulated_operating_revenue": 92914, 
        "long_term_average": 120822, 
        "short_term_average": 112595
    }, 
    {
        "date": "2012-02-29", 
        "operating_revenue": 119421, 
        "accumulated_operating_revenue": 212335, 
        "long_term_average": 120589, 
        "short_term_average": 114406
    }, 
    {
        "date": "2012-03-31", 
        "operating_revenue": 143214, 
        "accumulated_operating_revenue": 355549, 
        "long_term_average": 123821, 
        "short_term_average": 118516
    }, 
    {
        "date": "2012-04-30", 
        "operating_revenue": 144193, 
        "accumulated_operating_revenue": 499742, 
        "long_term_average": 126367, 
        "short_term_average": 135609
    }, 
    {
        "date": "2012-05-31", 
        "operating_revenue": 151250, 
        "accumulated_operating_revenue": 650992, 
        "long_term_average": 129132, 
        "short_term_average": 146219
    }, 
    {
        "date": "2012-06-30", 
        "operating_revenue": 135159, 
        "accumulated_operating_revenue": 786151, 
        "long_term_average": 129735, 
        "short_term_average": 143534
    }, 
    {
        "date": "2012-07-31", 
        "operating_revenue": 138169, 
        "accumulated_operating_revenue": 924320, 
        "long_term_average": 130501, 
        "short_term_average": 141526
    }, 
    {
        "date": "2012-08-31", 
        "operating_revenue": 123749, 
        "accumulated_operating_revenue": 1048069, 
        "long_term_average": 129939, 
        "short_term_average": 132359
    }, 
    {
        "accumulated_operating_revenue_yoy": 636.8409093778008, 
        "accumulated_operating_revenue": 1167436, 
        "long_term_average": 126683, 
        "date": "2012-09-30", 
        "operating_revenue": 119367, 
        "short_term_average": 127095
    }, 
    {
        "accumulated_operating_revenue_yoy": 386.1430266438377, 
        "accumulated_operating_revenue": 1294735, 
        "long_term_average": 128300, 
        "date": "2012-10-31", 
        "operating_revenue": 127299, 
        "short_term_average": 123471
    }, 
    {
        "accumulated_operating_revenue_yoy": 275.17426343951723, 
        "accumulated_operating_revenue": 1426844, 
        "long_term_average": 129810, 
        "date": "2012-11-30", 
        "operating_revenue": 132109, 
        "short_term_average": 126258
    }, 
    {
        "accumulated_operating_revenue_yoy": 199.52797339593113, 
        "accumulated_operating_revenue": 1531187, 
        "long_term_average": 127598, 
        "date": "2012-12-31", 
        "operating_revenue": 104343, 
        "short_term_average": 121250
    }, 
    {
        "accumulated_operating_revenue_yoy": 57.77170286501496, 
        "accumulated_operating_revenue": 146592, 
        "long_term_average": 132072, 
        "date": "2013-01-31", 
        "operating_revenue": 146592, 
        "short_term_average": 127681
    }, 
    {
        "accumulated_operating_revenue_yoy": 5.620364047377964, 
        "accumulated_operating_revenue": 224269, 
        "long_term_average": 128593, 
        "date": "2013-02-28", 
        "operating_revenue": 77677, 
        "short_term_average": 109537
    }, 
    {
        "accumulated_operating_revenue_yoy": 0.043875808960227705, 
        "accumulated_operating_revenue": 355705, 
        "long_term_average": 127611, 
        "date": "2013-03-31", 
        "operating_revenue": 131436, 
        "short_term_average": 118568
    }, 
    {
        "accumulated_operating_revenue_yoy": 0.26013422926229934, 
        "accumulated_operating_revenue": 501042, 
        "long_term_average": 127707, 
        "date": "2013-04-30", 
        "operating_revenue": 145337, 
        "short_term_average": 118150
    }, 
    {
        "accumulated_operating_revenue_yoy": 0.053456878118317896, 
        "accumulated_operating_revenue": 651340, 
        "long_term_average": 127627, 
        "date": "2013-05-31", 
        "operating_revenue": 150298, 
        "short_term_average": 142357
    }, 
    {
        "accumulated_operating_revenue_yoy": -0.16434501768744172, 
        "accumulated_operating_revenue": 784859, 
        "long_term_average": 127491, 
        "date": "2013-06-30", 
        "operating_revenue": 133519, 
        "short_term_average": 143051
    }, 
    {
        "accumulated_operating_revenue_yoy": 1.4129305868097628, 
        "accumulated_operating_revenue": 937380, 
        "long_term_average": 128687, 
        "date": "2013-07-31", 
        "operating_revenue": 152521, 
        "short_term_average": 145446
    }, 
    {
        "accumulated_operating_revenue_yoy": 3.5632195971830103, 
        "accumulated_operating_revenue": 1085414, 
        "long_term_average": 130711, 
        "date": "2013-08-31", 
        "operating_revenue": 148034, 
        "short_term_average": 144691
    }, 
    {
        "accumulated_operating_revenue_yoy": 3.9627011673445054, 
        "accumulated_operating_revenue": 1213698, 
        "long_term_average": 131454, 
        "date": "2013-09-30", 
        "operating_revenue": 128284, 
        "short_term_average": 142946
    }, 
    {
        "accumulated_operating_revenue_yoy": 3.0592360598887027, 
        "accumulated_operating_revenue": 1334344, 
        "long_term_average": 130899, 
        "date": "2013-10-31", 
        "operating_revenue": 120646, 
        "short_term_average": 132321
    }, 
    {
        "accumulated_operating_revenue_yoy": 2.6177353656040885, 
        "accumulated_operating_revenue": 1464195, 
        "long_term_average": 130711, 
        "date": "2013-11-30", 
        "operating_revenue": 129851, 
        "short_term_average": 126260
    }, 
    {
        "accumulated_operating_revenue_yoy": 3.996441976061709, 
        "accumulated_operating_revenue": 1592380, 
        "long_term_average": 132698, 
        "date": "2013-12-31", 
        "operating_revenue": 128185, 
        "short_term_average": 126227
    }, 
    {
        "accumulated_operating_revenue_yoy": -15.236847849814449, 
        "accumulated_operating_revenue": 124256, 
        "long_term_average": 130837, 
        "date": "2014-01-31", 
        "operating_revenue": 124256, 
        "short_term_average": 127430
    }, 
    {
        "accumulated_operating_revenue_yoy": 1.368445928773036, 
        "accumulated_operating_revenue": 227338, 
        "long_term_average": 132954, 
        "date": "2014-02-28", 
        "operating_revenue": 103082, 
        "short_term_average": 118507
    }, 
    {
        "accumulated_operating_revenue_yoy": 5.901800649414543, 
        "accumulated_operating_revenue": 376698, 
        "long_term_average": 134447, 
        "date": "2014-03-31", 
        "operating_revenue": 149360, 
        "short_term_average": 125566
    }, 
    {
        "accumulated_operating_revenue_yoy": 4.856878265694293, 
        "accumulated_operating_revenue": 525377, 
        "long_term_average": 134726, 
        "date": "2014-04-30", 
        "operating_revenue": 148679, 
        "short_term_average": 133707
    }, 
    {
        "accumulated_operating_revenue_yoy": 3.5631160377068807, 
        "accumulated_operating_revenue": 674548, 
        "long_term_average": 134632, 
        "date": "2014-05-31", 
        "operating_revenue": 149171, 
        "short_term_average": 149070
    }, 
    {
        "accumulated_operating_revenue_yoy": 4.924196575435843, 
        "accumulated_operating_revenue": 823507, 
        "long_term_average": 135919, 
        "date": "2014-06-30", 
        "operating_revenue": 148959, 
        "short_term_average": 148936
    }, 
    {
        "accumulated_operating_revenue_yoy": 3.282553500181357, 
        "accumulated_operating_revenue": 968150, 
        "long_term_average": 135262, 
        "date": "2014-07-31", 
        "operating_revenue": 144643, 
        "short_term_average": 147591
    }, 
    {
        "accumulated_operating_revenue_yoy": 2.406455048488411, 
        "accumulated_operating_revenue": 1111534, 
        "long_term_average": 134875, 
        "date": "2014-08-31", 
        "operating_revenue": 143384, 
        "short_term_average": 145662
    }, 
    {
        "accumulated_operating_revenue_yoy": 4.013930977887415, 
        "accumulated_operating_revenue": 1262415, 
        "long_term_average": 136758, 
        "date": "2014-09-30", 
        "operating_revenue": 150881, 
        "short_term_average": 146302
    }, 
    {
        "accumulated_operating_revenue_yoy": 4.3274447968439915, 
        "accumulated_operating_revenue": 1392087, 
        "long_term_average": 137510, 
        "date": "2014-10-31", 
        "operating_revenue": 129672, 
        "short_term_average": 141312
    }, 
    {
        "accumulated_operating_revenue_yoy": 2.7619954992333673, 
        "accumulated_operating_revenue": 1504636, 
        "long_term_average": 136068, 
        "date": "2014-11-30", 
        "operating_revenue": 112549, 
        "short_term_average": 131034
    }, 
    {
        "accumulated_operating_revenue_yoy": 2.6360542081663922, 
        "accumulated_operating_revenue": 1634356, 
        "long_term_average": 136196, 
        "date": "2014-12-31", 
        "operating_revenue": 129720, 
        "short_term_average": 123980
    }, 
    {
        "accumulated_operating_revenue_yoy": 10.491243883595159, 
        "accumulated_operating_revenue": 137292, 
        "long_term_average": 137282, 
        "date": "2015-01-31", 
        "operating_revenue": 137292, 
        "short_term_average": 126520
    }, 
    {
        "accumulated_operating_revenue_yoy": 1.4392666426202394, 
        "accumulated_operating_revenue": 230610, 
        "long_term_average": 136469, 
        "date": "2015-02-28", 
        "operating_revenue": 93318, 
        "short_term_average": 120110
    }, 
    {
        "accumulated_operating_revenue_yoy": -2.950108575038891, 
        "accumulated_operating_revenue": 365585, 
        "long_term_average": 135270, 
        "date": "2015-03-31", 
        "operating_revenue": 134975, 
        "short_term_average": 121861
    }, 
    {
        "accumulated_operating_revenue_yoy": -4.18765952830063, 
        "accumulated_operating_revenue": 503376, 
        "long_term_average": 134362, 
        "date": "2015-04-30", 
        "operating_revenue": 137791, 
        "short_term_average": 122028
    }, 
    {
        "accumulated_operating_revenue_yoy": -5.060277400570456, 
        "accumulated_operating_revenue": 640414, 
        "long_term_average": 133351, 
        "date": "2015-05-31", 
        "operating_revenue": 137038, 
        "short_term_average": 136601
    }, 
    {
        "accumulated_operating_revenue_yoy": -6.088472836296473, 
        "accumulated_operating_revenue": 773368, 
        "long_term_average": 132018, 
        "date": "2015-06-30", 
        "operating_revenue": 132954, 
        "short_term_average": 135927
    }, 
    {
        "accumulated_operating_revenue_yoy": -5.312709807364562, 
        "accumulated_operating_revenue": 916715, 
        "long_term_average": 131910, 
        "date": "2015-07-31", 
        "operating_revenue": 143347, 
        "short_term_average": 137779
    }, 
    {
        "accumulated_operating_revenue_yoy": -5.660465626782447, 
        "accumulated_operating_revenue": 1048616, 
        "long_term_average": 130953, 
        "date": "2015-08-31", 
        "operating_revenue": 131901, 
        "short_term_average": 136067
    }
]