[
    {
        "date": "2012-01-31", 
        "operating_revenue": 161441, 
        "accumulated_operating_revenue": 161441, 
        "long_term_average": 161441, 
        "short_term_average": 161441
    }, 
    {
        "date": "2012-02-29", 
        "operating_revenue": 181239, 
        "accumulated_operating_revenue": 342680, 
        "long_term_average": 171340, 
        "short_term_average": 171340
    }, 
    {
        "date": "2012-03-31", 
        "operating_revenue": 210181, 
        "accumulated_operating_revenue": 552861, 
        "long_term_average": 184287, 
        "short_term_average": 184287
    }, 
    {
        "date": "2012-04-30", 
        "operating_revenue": 200882, 
        "accumulated_operating_revenue": 753743, 
        "long_term_average": 188435, 
        "short_term_average": 197434
    }, 
    {
        "date": "2012-05-31", 
        "operating_revenue": 215365, 
        "accumulated_operating_revenue": 969108, 
        "long_term_average": 193821, 
        "short_term_average": 208809
    }, 
    {
        "date": "2012-06-30", 
        "operating_revenue": 184704, 
        "accumulated_operating_revenue": 1153812, 
        "long_term_average": 192302, 
        "short_term_average": 200317
    }, 
    {
        "date": "2012-07-31", 
        "operating_revenue": 210283, 
        "accumulated_operating_revenue": 1364095, 
        "long_term_average": 194870, 
        "short_term_average": 203450
    }, 
    {
        "date": "2012-08-31", 
        "operating_revenue": 209578, 
        "accumulated_operating_revenue": 1573673, 
        "long_term_average": 196709, 
        "short_term_average": 201521
    }, 
    {
        "date": "2012-09-30", 
        "operating_revenue": 187665, 
        "accumulated_operating_revenue": 1761338, 
        "long_term_average": 195704, 
        "short_term_average": 202508
    }, 
    {
        "date": "2012-10-31", 
        "operating_revenue": 200780, 
        "accumulated_operating_revenue": 1962118, 
        "long_term_average": 196211, 
        "short_term_average": 199341
    }, 
    {
        "date": "2012-11-30", 
        "operating_revenue": 175823, 
        "accumulated_operating_revenue": 2137941, 
        "long_term_average": 194358, 
        "short_term_average": 188089
    }, 
    {
        "date": "2012-12-31", 
        "operating_revenue": 162067, 
        "accumulated_operating_revenue": 2300008, 
        "long_term_average": 191667, 
        "short_term_average": 179556
    }, 
    {
        "accumulated_operating_revenue_yoy": 19.905724072571402, 
        "accumulated_operating_revenue": 193577, 
        "long_term_average": 194345, 
        "date": "2013-01-31", 
        "operating_revenue": 193577, 
        "short_term_average": 177155
    }, 
    {
        "accumulated_operating_revenue_yoy": -5.426345278393837, 
        "accumulated_operating_revenue": 324085, 
        "long_term_average": 190117, 
        "date": "2013-02-28", 
        "operating_revenue": 130508, 
        "short_term_average": 162050
    }, 
    {
        "accumulated_operating_revenue_yoy": -1.1055220028180683, 
        "accumulated_operating_revenue": 546749, 
        "long_term_average": 191158, 
        "date": "2013-03-31", 
        "operating_revenue": 222664, 
        "short_term_average": 182249
    }, 
    {
        "accumulated_operating_revenue_yoy": 2.1431708155166946, 
        "accumulated_operating_revenue": 769897, 
        "long_term_average": 193013, 
        "date": "2013-04-30", 
        "operating_revenue": 223148, 
        "short_term_average": 192106
    }, 
    {
        "accumulated_operating_revenue_yoy": 0.22185349826851086, 
        "accumulated_operating_revenue": 971258, 
        "long_term_average": 191846, 
        "date": "2013-05-31", 
        "operating_revenue": 201361, 
        "short_term_average": 215724
    }, 
    {
        "accumulated_operating_revenue_yoy": 1.341726381767567, 
        "accumulated_operating_revenue": 1169293, 
        "long_term_average": 192957, 
        "date": "2013-06-30", 
        "operating_revenue": 198035, 
        "short_term_average": 207514
    }, 
    {
        "accumulated_operating_revenue_yoy": 1.080349975624865, 
        "accumulated_operating_revenue": 1378832, 
        "long_term_average": 192895, 
        "date": "2013-07-31", 
        "operating_revenue": 209539, 
        "short_term_average": 202978
    }, 
    {
        "accumulated_operating_revenue_yoy": 3.730317543733673, 
        "accumulated_operating_revenue": 1632376, 
        "long_term_average": 196559, 
        "date": "2013-08-31", 
        "operating_revenue": 253544, 
        "short_term_average": 220372
    }, 
    {
        "accumulated_operating_revenue_yoy": 3.691171143755486, 
        "accumulated_operating_revenue": 1826352, 
        "long_term_average": 197085, 
        "date": "2013-09-30", 
        "operating_revenue": 193976, 
        "short_term_average": 219019
    }, 
    {
        "accumulated_operating_revenue_yoy": 3.786775311168849, 
        "accumulated_operating_revenue": 2036419, 
        "long_term_average": 197859, 
        "date": "2013-10-31", 
        "operating_revenue": 210067, 
        "short_term_average": 219195
    }, 
    {
        "accumulated_operating_revenue_yoy": 4.83675648673186, 
        "accumulated_operating_revenue": 2241348, 
        "long_term_average": 200284, 
        "date": "2013-11-30", 
        "operating_revenue": 204929, 
        "short_term_average": 202990
    }, 
    {
        "accumulated_operating_revenue_yoy": 8.004580853631813, 
        "accumulated_operating_revenue": 2484114, 
        "long_term_average": 207009, 
        "date": "2013-12-31", 
        "operating_revenue": 242766, 
        "short_term_average": 219254
    }, 
    {
        "accumulated_operating_revenue_yoy": 3.0360011778258778, 
        "accumulated_operating_revenue": 199454, 
        "long_term_average": 207499, 
        "date": "2014-01-31", 
        "operating_revenue": 199454, 
        "short_term_average": 215716
    }, 
    {
        "accumulated_operating_revenue_yoy": 17.738247681935295, 
        "accumulated_operating_revenue": 381572, 
        "long_term_average": 211800, 
        "date": "2014-02-28", 
        "operating_revenue": 182118, 
        "short_term_average": 208112
    }, 
    {
        "accumulated_operating_revenue_yoy": 6.569010642909269, 
        "accumulated_operating_revenue": 582665, 
        "long_term_average": 210002, 
        "date": "2014-03-31", 
        "operating_revenue": 201093, 
        "short_term_average": 194221
    }, 
    {
        "accumulated_operating_revenue_yoy": 2.4861767223407805, 
        "accumulated_operating_revenue": 789038, 
        "long_term_average": 208604, 
        "date": "2014-04-30", 
        "operating_revenue": 206373, 
        "short_term_average": 196528
    }, 
    {
        "accumulated_operating_revenue_yoy": 1.7002691354923203, 
        "accumulated_operating_revenue": 987772, 
        "long_term_average": 208385, 
        "date": "2014-05-31", 
        "operating_revenue": 198734, 
        "short_term_average": 202066
    }, 
    {
        "accumulated_operating_revenue_yoy": 3.7933178424911467, 
        "accumulated_operating_revenue": 1213648, 
        "long_term_average": 210705, 
        "date": "2014-06-30", 
        "operating_revenue": 225876, 
        "short_term_average": 210327
    }, 
    {
        "accumulated_operating_revenue_yoy": 8.865039395662416, 
        "accumulated_operating_revenue": 1501066, 
        "long_term_average": 217195, 
        "date": "2014-07-31", 
        "operating_revenue": 287418, 
        "short_term_average": 237342
    }, 
    {
        "accumulated_operating_revenue_yoy": 7.780499100697388, 
        "accumulated_operating_revenue": 1759383, 
        "long_term_average": 217593, 
        "date": "2014-08-31", 
        "operating_revenue": 258317, 
        "short_term_average": 257203
    }, 
    {
        "accumulated_operating_revenue_yoy": 9.167236107825874, 
        "accumulated_operating_revenue": 1993778, 
        "long_term_average": 220961, 
        "date": "2014-09-30", 
        "operating_revenue": 234395, 
        "short_term_average": 260043
    }, 
    {
        "accumulated_operating_revenue_yoy": 10.544735636428456, 
        "accumulated_operating_revenue": 2251154, 
        "long_term_average": 224904, 
        "date": "2014-10-31", 
        "operating_revenue": 257376, 
        "short_term_average": 250029
    }, 
    {
        "accumulated_operating_revenue_yoy": 10.662288943974787, 
        "accumulated_operating_revenue": 2480327, 
        "long_term_average": 226924, 
        "date": "2014-11-30", 
        "operating_revenue": 229173, 
        "short_term_average": 240314
    }, 
    {
        "accumulated_operating_revenue_yoy": 9.840087854261116, 
        "accumulated_operating_revenue": 2728553, 
        "long_term_average": 227379, 
        "date": "2014-12-31", 
        "operating_revenue": 248226, 
        "short_term_average": 244925
    }, 
    {
        "accumulated_operating_revenue_yoy": 45.16028758510735, 
        "accumulated_operating_revenue": 289528, 
        "long_term_average": 234885, 
        "date": "2015-01-31", 
        "operating_revenue": 289528, 
        "short_term_average": 255642
    }, 
    {
        "accumulated_operating_revenue_yoy": 27.956715901586072, 
        "accumulated_operating_revenue": 488247, 
        "long_term_average": 236269, 
        "date": "2015-02-28", 
        "operating_revenue": 198719, 
        "short_term_average": 245491
    }, 
    {
        "accumulated_operating_revenue_yoy": 21.13770348313353, 
        "accumulated_operating_revenue": 705827, 
        "long_term_average": 237642, 
        "date": "2015-03-31", 
        "operating_revenue": 217580, 
        "short_term_average": 235275
    }, 
    {
        "accumulated_operating_revenue_yoy": 18.16756607413078, 
        "accumulated_operating_revenue": 932387, 
        "long_term_average": 239325, 
        "date": "2015-04-30", 
        "operating_revenue": 226560, 
        "short_term_average": 214286
    }, 
    {
        "accumulated_operating_revenue_yoy": 16.05248984583487, 
        "accumulated_operating_revenue": 1146334, 
        "long_term_average": 240592, 
        "date": "2015-05-31", 
        "operating_revenue": 213947, 
        "short_term_average": 219362
    }, 
    {
        "accumulated_operating_revenue_yoy": 12.089337270773735, 
        "accumulated_operating_revenue": 1360370, 
        "long_term_average": 239606, 
        "date": "2015-06-30", 
        "operating_revenue": 214036, 
        "short_term_average": 218181
    }, 
    {
        "accumulated_operating_revenue_yoy": 8.831590349791416, 
        "accumulated_operating_revenue": 1633634, 
        "long_term_average": 238426, 
        "date": "2015-07-31", 
        "operating_revenue": 273264, 
        "short_term_average": 233749
    }, 
    {
        "accumulated_operating_revenue_yoy": 6.322330044112055, 
        "accumulated_operating_revenue": 1870617, 
        "long_term_average": 236648, 
        "date": "2015-08-31", 
        "operating_revenue": 236983, 
        "short_term_average": 241427
    }, 
    {
        "accumulated_operating_revenue_yoy": 6.374781946635985, 
        "accumulated_operating_revenue": 2120877, 
        "long_term_average": 237971, 
        "date": "2015-09-30", 
        "operating_revenue": 250260, 
        "short_term_average": 253502
    }, 
    {
        "accumulated_operating_revenue_yoy": 4.313743084657913, 
        "accumulated_operating_revenue": 2348263, 
        "long_term_average": 235471, 
        "date": "2015-10-31", 
        "operating_revenue": 227386, 
        "short_term_average": 238209
    }
]