[
    {
        "date": "2012-01-31", 
        "operating_revenue": 743136, 
        "accumulated_operating_revenue": 743136, 
        "long_term_average": 743136, 
        "short_term_average": 743136
    }, 
    {
        "date": "2012-02-29", 
        "operating_revenue": 573932, 
        "accumulated_operating_revenue": 1317068, 
        "long_term_average": 658534, 
        "short_term_average": 658534
    }, 
    {
        "date": "2012-03-31", 
        "operating_revenue": 738640, 
        "accumulated_operating_revenue": 2055708, 
        "long_term_average": 685236, 
        "short_term_average": 685236
    }, 
    {
        "date": "2012-04-30", 
        "operating_revenue": 711524, 
        "accumulated_operating_revenue": 2767232, 
        "long_term_average": 691808, 
        "short_term_average": 674698
    }, 
    {
        "date": "2012-05-31", 
        "operating_revenue": 663455, 
        "accumulated_operating_revenue": 3430687, 
        "long_term_average": 686137, 
        "short_term_average": 704539
    }, 
    {
        "date": "2012-06-30", 
        "operating_revenue": 756418, 
        "accumulated_operating_revenue": 4187105, 
        "long_term_average": 697850, 
        "short_term_average": 710465
    }, 
    {
        "date": "2012-07-31", 
        "operating_revenue": 737839, 
        "accumulated_operating_revenue": 4924944, 
        "long_term_average": 703563, 
        "short_term_average": 719237
    }, 
    {
        "date": "2012-08-31", 
        "operating_revenue": 706323, 
        "accumulated_operating_revenue": 5631267, 
        "long_term_average": 703908, 
        "short_term_average": 733526
    }, 
    {
        "date": "2012-09-30", 
        "operating_revenue": 720224, 
        "accumulated_operating_revenue": 6351491, 
        "long_term_average": 705721, 
        "short_term_average": 721462
    }, 
    {
        "date": "2012-10-31", 
        "operating_revenue": 597264, 
        "accumulated_operating_revenue": 6948755, 
        "long_term_average": 694875, 
        "short_term_average": 674603
    }, 
    {
        "date": "2012-11-30", 
        "operating_revenue": 472173, 
        "accumulated_operating_revenue": 7420928, 
        "long_term_average": 674629, 
        "short_term_average": 596553
    }, 
    {
        "date": "2012-12-31", 
        "operating_revenue": 433573, 
        "accumulated_operating_revenue": 7854501, 
        "long_term_average": 654541, 
        "short_term_average": 501003
    }, 
    {
        "accumulated_operating_revenue_yoy": -36.9145082461353, 
        "accumulated_operating_revenue": 468811, 
        "long_term_average": 631681, 
        "date": "2013-01-31", 
        "operating_revenue": 468811, 
        "short_term_average": 458185
    }, 
    {
        "accumulated_operating_revenue_yoy": -33.103150330886486, 
        "accumulated_operating_revenue": 881077, 
        "long_term_average": 618209, 
        "date": "2013-02-28", 
        "operating_revenue": 412266, 
        "short_term_average": 438216
    }, 
    {
        "accumulated_operating_revenue_yoy": -22.03313894774939, 
        "accumulated_operating_revenue": 1602771, 
        "long_term_average": 616797, 
        "date": "2013-03-31", 
        "operating_revenue": 721694, 
        "short_term_average": 534257
    }, 
    {
        "accumulated_operating_revenue_yoy": -15.756792347009574, 
        "accumulated_operating_revenue": 2331205, 
        "long_term_average": 618206, 
        "date": "2013-04-30", 
        "operating_revenue": 728434, 
        "short_term_average": 620798
    }, 
    {
        "accumulated_operating_revenue_yoy": -9.73659211697249, 
        "accumulated_operating_revenue": 3096655, 
        "long_term_average": 626705, 
        "date": "2013-05-31", 
        "operating_revenue": 765450, 
        "short_term_average": 738526
    }, 
    {
        "accumulated_operating_revenue_yoy": -10.055515684464563, 
        "accumulated_operating_revenue": 3766070, 
        "long_term_average": 619455, 
        "date": "2013-06-30", 
        "operating_revenue": 669415, 
        "short_term_average": 721099
    }, 
    {
        "accumulated_operating_revenue_yoy": -9.77022276801523, 
        "accumulated_operating_revenue": 4443766, 
        "long_term_average": 614443, 
        "date": "2013-07-31", 
        "operating_revenue": 677696, 
        "short_term_average": 704187
    }, 
    {
        "accumulated_operating_revenue_yoy": -5.580431544091232, 
        "accumulated_operating_revenue": 5317018, 
        "long_term_average": 628354, 
        "date": "2013-08-31", 
        "operating_revenue": 873252, 
        "short_term_average": 740121
    }, 
    {
        "accumulated_operating_revenue_yoy": -2.7845430309198265, 
        "accumulated_operating_revenue": 6174631, 
        "long_term_average": 639803, 
        "date": "2013-09-30", 
        "operating_revenue": 857613, 
        "short_term_average": 802853
    }, 
    {
        "accumulated_operating_revenue_yoy": -0.37520390343306104, 
        "accumulated_operating_revenue": 6922683, 
        "long_term_average": 652369, 
        "date": "2013-10-31", 
        "operating_revenue": 748052, 
        "short_term_average": 826305
    }, 
    {
        "accumulated_operating_revenue_yoy": 2.568115470194563, 
        "accumulated_operating_revenue": 7611506, 
        "long_term_average": 670423, 
        "date": "2013-11-30", 
        "operating_revenue": 688823, 
        "short_term_average": 764829
    }, 
    {
        "accumulated_operating_revenue_yoy": 6.60884758942675, 
        "accumulated_operating_revenue": 8373593, 
        "long_term_average": 697799, 
        "date": "2013-12-31", 
        "operating_revenue": 762087, 
        "short_term_average": 732987
    }, 
    {
        "accumulated_operating_revenue_yoy": 39.48755468621684, 
        "accumulated_operating_revenue": 653933, 
        "long_term_average": 713226, 
        "date": "2014-01-31", 
        "operating_revenue": 653933, 
        "short_term_average": 701614
    }, 
    {
        "accumulated_operating_revenue_yoy": 35.21712631245623, 
        "accumulated_operating_revenue": 1191367, 
        "long_term_average": 723656, 
        "date": "2014-02-28", 
        "operating_revenue": 537434, 
        "short_term_average": 651151
    }, 
    {
        "accumulated_operating_revenue_yoy": 12.420489265153911, 
        "accumulated_operating_revenue": 1801843, 
        "long_term_average": 714388, 
        "date": "2014-03-31", 
        "operating_revenue": 610476, 
        "short_term_average": 600614
    }, 
    {
        "accumulated_operating_revenue_yoy": 1.1800763982575535, 
        "accumulated_operating_revenue": 2358715, 
        "long_term_average": 700091, 
        "date": "2014-04-30", 
        "operating_revenue": 556872, 
        "short_term_average": 568260
    }, 
    {
        "accumulated_operating_revenue_yoy": -6.130389081121403, 
        "accumulated_operating_revenue": 2906818, 
        "long_term_average": 681979, 
        "date": "2014-05-31", 
        "operating_revenue": 548103, 
        "short_term_average": 571817
    }, 
    {
        "accumulated_operating_revenue_yoy": -8.41474003404079, 
        "accumulated_operating_revenue": 3449165, 
        "long_term_average": 671390, 
        "date": "2014-06-30", 
        "operating_revenue": 542347, 
        "short_term_average": 549107
    }, 
    {
        "accumulated_operating_revenue_yoy": -7.88569875191448, 
        "accumulated_operating_revenue": 4093344, 
        "long_term_average": 668597, 
        "date": "2014-07-31", 
        "operating_revenue": 644179, 
        "short_term_average": 578209
    }, 
    {
        "accumulated_operating_revenue_yoy": -12.47383401748875, 
        "accumulated_operating_revenue": 4653782, 
        "long_term_average": 642529, 
        "date": "2014-08-31", 
        "operating_revenue": 560438, 
        "short_term_average": 582321
    }, 
    {
        "accumulated_operating_revenue_yoy": -12.659833437820009, 
        "accumulated_operating_revenue": 5392933, 
        "long_term_average": 632657, 
        "date": "2014-09-30", 
        "operating_revenue": 739151, 
        "short_term_average": 647922
    }, 
    {
        "accumulated_operating_revenue_yoy": -11.37573394592819, 
        "accumulated_operating_revenue": 6135177, 
        "long_term_average": 632173, 
        "date": "2014-10-31", 
        "operating_revenue": 742244, 
        "short_term_average": 680611
    }, 
    {
        "accumulated_operating_revenue_yoy": -9.247026803894, 
        "accumulated_operating_revenue": 6907668, 
        "long_term_average": 639146, 
        "date": "2014-11-30", 
        "operating_revenue": 772491, 
        "short_term_average": 751295
    }, 
    {
        "accumulated_operating_revenue_yoy": -7.750364747844802, 
        "accumulated_operating_revenue": 7724609, 
        "long_term_average": 643717, 
        "date": "2014-12-31", 
        "operating_revenue": 816941, 
        "short_term_average": 777225
    }, 
    {
        "accumulated_operating_revenue_yoy": 24.22144164616253, 
        "accumulated_operating_revenue": 812325, 
        "long_term_average": 656916, 
        "date": "2015-01-31", 
        "operating_revenue": 812325, 
        "short_term_average": 800585
    }, 
    {
        "accumulated_operating_revenue_yoy": 24.576306041715103, 
        "accumulated_operating_revenue": 1484161, 
        "long_term_average": 668116, 
        "date": "2015-02-28", 
        "operating_revenue": 671836, 
        "short_term_average": 767034
    }, 
    {
        "accumulated_operating_revenue_yoy": 27.58270282149999, 
        "accumulated_operating_revenue": 2298840, 
        "long_term_average": 685133, 
        "date": "2015-03-31", 
        "operating_revenue": 814679, 
        "short_term_average": 766280
    }, 
    {
        "accumulated_operating_revenue_yoy": 34.99413875775581, 
        "accumulated_operating_revenue": 3184127, 
        "long_term_average": 712501, 
        "date": "2015-04-30", 
        "operating_revenue": 885287, 
        "short_term_average": 790600
    }, 
    {
        "accumulated_operating_revenue_yoy": 37.768721674353195, 
        "accumulated_operating_revenue": 4004686, 
        "long_term_average": 735206, 
        "date": "2015-05-31", 
        "operating_revenue": 820559, 
        "short_term_average": 840175
    }, 
    {
        "accumulated_operating_revenue_yoy": 39.28400062044002, 
        "accumulated_operating_revenue": 4804135, 
        "long_term_average": 756631, 
        "date": "2015-06-30", 
        "operating_revenue": 799449, 
        "short_term_average": 835098
    }, 
    {
        "accumulated_operating_revenue_yoy": 41.87559120367113, 
        "accumulated_operating_revenue": 5807456, 
        "long_term_average": 786560, 
        "date": "2015-07-31", 
        "operating_revenue": 1003321, 
        "short_term_average": 874443
    }, 
    {
        "accumulated_operating_revenue_yoy": 44.126862839729064, 
        "accumulated_operating_revenue": 6707350, 
        "long_term_average": 814848, 
        "date": "2015-08-31", 
        "operating_revenue": 899894, 
        "short_term_average": 900888
    }, 
    {
        "accumulated_operating_revenue_yoy": 41.49638054097835, 
        "accumulated_operating_revenue": 7630805, 
        "long_term_average": 830206, 
        "date": "2015-09-30", 
        "operating_revenue": 923455, 
        "short_term_average": 942223
    }, 
    {
        "accumulated_operating_revenue_yoy": 39.83546032983237, 
        "accumulated_operating_revenue": 8579153, 
        "long_term_average": 847382, 
        "date": "2015-10-31", 
        "operating_revenue": 948348, 
        "short_term_average": 923899
    }
]