[
    {
        "date": "2011-09-30", 
        "operating_revenue": 395949, 
        "accumulated_operating_revenue": 395949, 
        "long_term_average": 395949, 
        "short_term_average": 395949
    }, 
    {
        "date": "2011-10-31", 
        "operating_revenue": 407896, 
        "accumulated_operating_revenue": 803845, 
        "long_term_average": 401922, 
        "short_term_average": 401922
    }, 
    {
        "date": "2011-11-30", 
        "operating_revenue": 398003, 
        "accumulated_operating_revenue": 1201848, 
        "long_term_average": 400616, 
        "short_term_average": 400616
    }, 
    {
        "date": "2011-12-31", 
        "operating_revenue": 431182, 
        "accumulated_operating_revenue": 1633030, 
        "long_term_average": 408257, 
        "short_term_average": 412360
    }, 
    {
        "date": "2012-01-31", 
        "operating_revenue": 389913, 
        "accumulated_operating_revenue": 389913, 
        "long_term_average": 404588, 
        "short_term_average": 406366
    }, 
    {
        "date": "2012-02-29", 
        "operating_revenue": 404262, 
        "accumulated_operating_revenue": 794175, 
        "long_term_average": 404534, 
        "short_term_average": 408452
    }, 
    {
        "date": "2012-03-31", 
        "operating_revenue": 455090, 
        "accumulated_operating_revenue": 1249265, 
        "long_term_average": 411756, 
        "short_term_average": 416421
    }, 
    {
        "date": "2012-04-30", 
        "operating_revenue": 490029, 
        "accumulated_operating_revenue": 1739294, 
        "long_term_average": 421540, 
        "short_term_average": 449793
    }, 
    {
        "date": "2012-05-31", 
        "operating_revenue": 539729, 
        "accumulated_operating_revenue": 2279023, 
        "long_term_average": 434672, 
        "short_term_average": 494949
    }, 
    {
        "date": "2012-06-30", 
        "operating_revenue": 526124, 
        "accumulated_operating_revenue": 2805147, 
        "long_term_average": 443817, 
        "short_term_average": 518627
    }, 
    {
        "date": "2012-07-31", 
        "operating_revenue": 608720, 
        "accumulated_operating_revenue": 3413867, 
        "long_term_average": 458808, 
        "short_term_average": 558191
    }, 
    {
        "date": "2012-08-31", 
        "operating_revenue": 676691, 
        "accumulated_operating_revenue": 4090558, 
        "long_term_average": 476965, 
        "short_term_average": 603845
    }, 
    {
        "accumulated_operating_revenue_yoy": 1126.8668439622274, 
        "accumulated_operating_revenue": 4857767, 
        "long_term_average": 507904, 
        "date": "2012-09-30", 
        "operating_revenue": 767209, 
        "short_term_average": 684206
    }, 
    {
        "accumulated_operating_revenue_yoy": 599.8779615473131, 
        "accumulated_operating_revenue": 5625934, 
        "long_term_average": 537926, 
        "date": "2012-10-31", 
        "operating_revenue": 768167, 
        "short_term_average": 737355
    }, 
    {
        "accumulated_operating_revenue_yoy": 412.5608229992478, 
        "accumulated_operating_revenue": 6160202, 
        "long_term_average": 549282, 
        "date": "2012-11-30", 
        "operating_revenue": 534268, 
        "short_term_average": 689881
    }, 
    {
        "accumulated_operating_revenue_yoy": 302.27736171411425, 
        "accumulated_operating_revenue": 6569310, 
        "long_term_average": 547442, 
        "date": "2012-12-31", 
        "operating_revenue": 409108, 
        "short_term_average": 570514
    }, 
    {
        "accumulated_operating_revenue_yoy": 31.22081079625455, 
        "accumulated_operating_revenue": 511647, 
        "long_term_average": 557587, 
        "date": "2013-01-31", 
        "operating_revenue": 511647, 
        "short_term_average": 485007
    }, 
    {
        "accumulated_operating_revenue_yoy": 18.46796990587717, 
        "accumulated_operating_revenue": 940843, 
        "long_term_average": 559664, 
        "date": "2013-02-28", 
        "operating_revenue": 429196, 
        "short_term_average": 449983
    }, 
    {
        "accumulated_operating_revenue_yoy": 20.025374920453228, 
        "accumulated_operating_revenue": 1499435, 
        "long_term_average": 568290, 
        "date": "2013-03-31", 
        "operating_revenue": 558592, 
        "short_term_average": 499811
    }, 
    {
        "accumulated_operating_revenue_yoy": 25.95593384442193, 
        "accumulated_operating_revenue": 2190744, 
        "long_term_average": 585063, 
        "date": "2013-04-30", 
        "operating_revenue": 691309, 
        "short_term_average": 559699
    }, 
    {
        "accumulated_operating_revenue_yoy": 23.096475989930774, 
        "accumulated_operating_revenue": 2805397, 
        "long_term_average": 591307, 
        "date": "2013-05-31", 
        "operating_revenue": 614653, 
        "short_term_average": 621518
    }, 
    {
        "accumulated_operating_revenue_yoy": 20.691999385415453, 
        "accumulated_operating_revenue": 3385588, 
        "long_term_average": 595812, 
        "date": "2013-06-30", 
        "operating_revenue": 580191, 
        "short_term_average": 628717
    }, 
    {
        "accumulated_operating_revenue_yoy": 16.003347523497546, 
        "accumulated_operating_revenue": 3960200, 
        "long_term_average": 592970, 
        "date": "2013-07-31", 
        "operating_revenue": 574612, 
        "short_term_average": 589818
    }, 
    {
        "accumulated_operating_revenue_yoy": 10.912203176192588, 
        "accumulated_operating_revenue": 4536928, 
        "long_term_average": 584640, 
        "date": "2013-08-31", 
        "operating_revenue": 576728, 
        "short_term_average": 577177
    }, 
    {
        "accumulated_operating_revenue_yoy": 5.545099219456183, 
        "accumulated_operating_revenue": 5127135, 
        "long_term_average": 569889, 
        "date": "2013-09-30", 
        "operating_revenue": 590207, 
        "short_term_average": 580515
    }, 
    {
        "accumulated_operating_revenue_yoy": 0.7998494116710222, 
        "accumulated_operating_revenue": 5670933, 
        "long_term_average": 551192, 
        "date": "2013-10-31", 
        "operating_revenue": 543798, 
        "short_term_average": 570244
    }, 
    {
        "accumulated_operating_revenue_yoy": 0.08496474628591724, 
        "accumulated_operating_revenue": 6165436, 
        "long_term_average": 547878, 
        "date": "2013-11-30", 
        "operating_revenue": 494503, 
        "short_term_average": 542836
    }, 
    {
        "accumulated_operating_revenue_yoy": 1.6904210640082444, 
        "accumulated_operating_revenue": 6680359, 
        "long_term_average": 556696, 
        "date": "2013-12-31", 
        "operating_revenue": 514923, 
        "short_term_average": 517741
    }, 
    {
        "accumulated_operating_revenue_yoy": 1.9859395247113734, 
        "accumulated_operating_revenue": 521808, 
        "long_term_average": 557543, 
        "date": "2014-01-31", 
        "operating_revenue": 521808, 
        "short_term_average": 510411
    }, 
    {
        "accumulated_operating_revenue_yoy": -0.05144322697835877, 
        "accumulated_operating_revenue": 940359, 
        "long_term_average": 556656, 
        "date": "2014-02-28", 
        "operating_revenue": 418551, 
        "short_term_average": 485094
    }, 
    {
        "accumulated_operating_revenue_yoy": 4.470950724772997, 
        "accumulated_operating_revenue": 1566474, 
        "long_term_average": 562283, 
        "date": "2014-03-31", 
        "operating_revenue": 626115, 
        "short_term_average": 522158
    }, 
    {
        "accumulated_operating_revenue_yoy": 2.5951914052942744, 
        "accumulated_operating_revenue": 2247598, 
        "long_term_average": 561434, 
        "date": "2014-04-30", 
        "operating_revenue": 681124, 
        "short_term_average": 575263
    }, 
    {
        "accumulated_operating_revenue_yoy": 4.0776403482287895, 
        "accumulated_operating_revenue": 2919791, 
        "long_term_average": 566229, 
        "date": "2014-05-31", 
        "operating_revenue": 672193, 
        "short_term_average": 659810
    }, 
    {
        "accumulated_operating_revenue_yoy": 5.5370588506339224, 
        "accumulated_operating_revenue": 3573050, 
        "long_term_average": 572318, 
        "date": "2014-06-30", 
        "operating_revenue": 653259, 
        "short_term_average": 668858
    }, 
    {
        "accumulated_operating_revenue_yoy": 7.183046310792385, 
        "accumulated_operating_revenue": 4244663, 
        "long_term_average": 580401, 
        "date": "2014-07-31", 
        "operating_revenue": 671613, 
        "short_term_average": 665688
    }, 
    {
        "accumulated_operating_revenue_yoy": 7.66963901565112, 
        "accumulated_operating_revenue": 4884894, 
        "long_term_average": 585693, 
        "date": "2014-08-31", 
        "operating_revenue": 640231, 
        "short_term_average": 655034
    }, 
    {
        "accumulated_operating_revenue_yoy": 7.961522370680702, 
        "accumulated_operating_revenue": 5535333, 
        "long_term_average": 590713, 
        "date": "2014-09-30", 
        "operating_revenue": 650439, 
        "short_term_average": 654094
    }, 
    {
        "accumulated_operating_revenue_yoy": 7.438846482580557, 
        "accumulated_operating_revenue": 6092785, 
        "long_term_average": 591850, 
        "date": "2014-10-31", 
        "operating_revenue": 557452, 
        "short_term_average": 616040
    }, 
    {
        "accumulated_operating_revenue_yoy": 6.590450375285705, 
        "accumulated_operating_revenue": 6571766, 
        "long_term_average": 590557, 
        "date": "2014-11-30", 
        "operating_revenue": 478981, 
        "short_term_average": 562290
    }, 
    {
        "accumulated_operating_revenue_yoy": 6.002237304911308, 
        "accumulated_operating_revenue": 7081330, 
        "long_term_average": 590110, 
        "date": "2014-12-31", 
        "operating_revenue": 509564, 
        "short_term_average": 515332
    }, 
    {
        "accumulated_operating_revenue_yoy": 9.666390703093859, 
        "accumulated_operating_revenue": 572248, 
        "long_term_average": 594314, 
        "date": "2015-01-31", 
        "operating_revenue": 572248, 
        "short_term_average": 520264
    }, 
    {
        "accumulated_operating_revenue_yoy": 9.417041789359171, 
        "accumulated_operating_revenue": 1028913, 
        "long_term_average": 597490, 
        "date": "2015-02-28", 
        "operating_revenue": 456665, 
        "short_term_average": 512825
    }, 
    {
        "accumulated_operating_revenue_yoy": 2.4478542254770903, 
        "accumulated_operating_revenue": 1604819, 
        "long_term_average": 593306, 
        "date": "2015-03-31", 
        "operating_revenue": 575906, 
        "short_term_average": 534939
    }, 
    {
        "accumulated_operating_revenue_yoy": -3.057931178084337, 
        "accumulated_operating_revenue": 2178868, 
        "long_term_average": 584383, 
        "date": "2015-04-30", 
        "operating_revenue": 574049, 
        "short_term_average": 535540
    }, 
    {
        "accumulated_operating_revenue_yoy": -5.485906354256178, 
        "accumulated_operating_revenue": 2759614, 
        "long_term_average": 576762, 
        "date": "2015-05-31", 
        "operating_revenue": 580746, 
        "short_term_average": 576900
    }, 
    {
        "accumulated_operating_revenue_yoy": -6.4544296889212305, 
        "accumulated_operating_revenue": 3342430, 
        "long_term_average": 570892, 
        "date": "2015-06-30", 
        "operating_revenue": 582816, 
        "short_term_average": 579203
    }, 
    {
        "accumulated_operating_revenue_yoy": -8.93880150202737, 
        "accumulated_operating_revenue": 3865241, 
        "long_term_average": 558492, 
        "date": "2015-07-31", 
        "operating_revenue": 522811, 
        "short_term_average": 562124
    }, 
    {
        "accumulated_operating_revenue_yoy": -9.609277089738283, 
        "accumulated_operating_revenue": 4415491, 
        "long_term_average": 550993, 
        "date": "2015-08-31", 
        "operating_revenue": 550250, 
        "short_term_average": 551959
    }, 
    {
        "accumulated_operating_revenue_yoy": -11.036951164455688, 
        "accumulated_operating_revenue": 4924401, 
        "long_term_average": 539199, 
        "date": "2015-09-30", 
        "operating_revenue": 508910, 
        "short_term_average": 527323
    }
]