[
    {
        "date": "2011-09-30", 
        "operating_revenue": 144964, 
        "accumulated_operating_revenue": 144964, 
        "long_term_average": 144964, 
        "short_term_average": 144964
    }, 
    {
        "date": "2011-10-31", 
        "operating_revenue": 137453, 
        "accumulated_operating_revenue": 282417, 
        "long_term_average": 141208, 
        "short_term_average": 141208
    }, 
    {
        "date": "2011-11-30", 
        "operating_revenue": 135516, 
        "accumulated_operating_revenue": 417933, 
        "long_term_average": 139311, 
        "short_term_average": 139311
    }, 
    {
        "date": "2011-12-31", 
        "operating_revenue": 109890, 
        "accumulated_operating_revenue": 527823, 
        "long_term_average": 131955, 
        "short_term_average": 127619
    }, 
    {
        "date": "2012-01-31", 
        "operating_revenue": 93776, 
        "accumulated_operating_revenue": 93776, 
        "long_term_average": 124319, 
        "short_term_average": 113060
    }, 
    {
        "date": "2012-02-29", 
        "operating_revenue": 95379, 
        "accumulated_operating_revenue": 189155, 
        "long_term_average": 119496, 
        "short_term_average": 99681
    }, 
    {
        "date": "2012-03-31", 
        "operating_revenue": 98666, 
        "accumulated_operating_revenue": 287821, 
        "long_term_average": 116520, 
        "short_term_average": 95940
    }, 
    {
        "date": "2012-04-30", 
        "operating_revenue": 105461, 
        "accumulated_operating_revenue": 393282, 
        "long_term_average": 115138, 
        "short_term_average": 99835
    }, 
    {
        "date": "2012-05-31", 
        "operating_revenue": 117254, 
        "accumulated_operating_revenue": 510536, 
        "long_term_average": 115373, 
        "short_term_average": 107127
    }, 
    {
        "date": "2012-06-30", 
        "operating_revenue": 162694, 
        "accumulated_operating_revenue": 673230, 
        "long_term_average": 120105, 
        "short_term_average": 128469
    }, 
    {
        "date": "2012-07-31", 
        "operating_revenue": 94813, 
        "accumulated_operating_revenue": 768043, 
        "long_term_average": 117806, 
        "short_term_average": 124920
    }, 
    {
        "date": "2012-08-31", 
        "operating_revenue": 99146, 
        "accumulated_operating_revenue": 867189, 
        "long_term_average": 116251, 
        "short_term_average": 118884
    }, 
    {
        "accumulated_operating_revenue_yoy": 603.1849286719462, 
        "accumulated_operating_revenue": 1019365, 
        "long_term_average": 116852, 
        "date": "2012-09-30", 
        "operating_revenue": 152176, 
        "short_term_average": 115378
    }, 
    {
        "accumulated_operating_revenue_yoy": 319.196082388808, 
        "accumulated_operating_revenue": 1183881, 
        "long_term_average": 119107, 
        "date": "2012-10-31", 
        "operating_revenue": 164516, 
        "short_term_average": 138612
    }, 
    {
        "accumulated_operating_revenue_yoy": 226.70188762313575, 
        "accumulated_operating_revenue": 1365395, 
        "long_term_average": 122940, 
        "date": "2012-11-30", 
        "operating_revenue": 181514, 
        "short_term_average": 166068
    }, 
    {
        "accumulated_operating_revenue_yoy": 194.16243702907983, 
        "accumulated_operating_revenue": 1552657, 
        "long_term_average": 129388, 
        "date": "2012-12-31", 
        "operating_revenue": 187262, 
        "short_term_average": 177764
    }, 
    {
        "accumulated_operating_revenue_yoy": 39.9131974065859, 
        "accumulated_operating_revenue": 131205, 
        "long_term_average": 132507, 
        "date": "2013-01-31", 
        "operating_revenue": 131205, 
        "short_term_average": 166660
    }, 
    {
        "accumulated_operating_revenue_yoy": 24.292247098940024, 
        "accumulated_operating_revenue": 235105, 
        "long_term_average": 133217, 
        "date": "2013-02-28", 
        "operating_revenue": 103900, 
        "short_term_average": 140789
    }, 
    {
        "accumulated_operating_revenue_yoy": 30.08675530972375, 
        "accumulated_operating_revenue": 374417, 
        "long_term_average": 136604, 
        "date": "2013-03-31", 
        "operating_revenue": 139312, 
        "short_term_average": 124805
    }, 
    {
        "accumulated_operating_revenue_yoy": 36.33169074608042, 
        "accumulated_operating_revenue": 536168, 
        "long_term_average": 141295, 
        "date": "2013-04-30", 
        "operating_revenue": 161751, 
        "short_term_average": 134987
    }, 
    {
        "accumulated_operating_revenue_yoy": 44.11735901092185, 
        "accumulated_operating_revenue": 735771, 
        "long_term_average": 148157, 
        "date": "2013-05-31", 
        "operating_revenue": 199603, 
        "short_term_average": 166888
    }, 
    {
        "accumulated_operating_revenue_yoy": 37.61210878897256, 
        "accumulated_operating_revenue": 926446, 
        "long_term_average": 150489, 
        "date": "2013-06-30", 
        "operating_revenue": 190675, 
        "short_term_average": 184009
    }, 
    {
        "accumulated_operating_revenue_yoy": 46.580595096889105, 
        "accumulated_operating_revenue": 1125802, 
        "long_term_average": 159201, 
        "date": "2013-07-31", 
        "operating_revenue": 199356, 
        "short_term_average": 196544
    }, 
    {
        "accumulated_operating_revenue_yoy": 54.14944147123637, 
        "accumulated_operating_revenue": 1336767, 
        "long_term_average": 168519, 
        "date": "2013-08-31", 
        "operating_revenue": 210965, 
        "short_term_average": 200332
    }, 
    {
        "accumulated_operating_revenue_yoy": 55.63855929917154, 
        "accumulated_operating_revenue": 1586525, 
        "long_term_average": 176651, 
        "date": "2013-09-30", 
        "operating_revenue": 249758, 
        "short_term_average": 220026
    }, 
    {
        "accumulated_operating_revenue_yoy": 57.23531334652723, 
        "accumulated_operating_revenue": 1861479, 
        "long_term_average": 185854, 
        "date": "2013-10-31", 
        "operating_revenue": 274954, 
        "short_term_average": 245225
    }, 
    {
        "accumulated_operating_revenue_yoy": 55.88851577748564, 
        "accumulated_operating_revenue": 2128494, 
        "long_term_average": 192979, 
        "date": "2013-11-30", 
        "operating_revenue": 267015, 
        "short_term_average": 263909
    }, 
    {
        "accumulated_operating_revenue_yoy": 52.81990806726792, 
        "accumulated_operating_revenue": 2372769, 
        "long_term_average": 197730, 
        "date": "2013-12-31", 
        "operating_revenue": 244275, 
        "short_term_average": 262081
    }, 
    {
        "accumulated_operating_revenue_yoy": 21.81090659654739, 
        "accumulated_operating_revenue": 159822, 
        "long_term_average": 200115, 
        "date": "2014-01-31", 
        "operating_revenue": 159822, 
        "short_term_average": 223704
    }, 
    {
        "accumulated_operating_revenue_yoy": 20.567831394483317, 
        "accumulated_operating_revenue": 283461, 
        "long_term_average": 201760, 
        "date": "2014-02-28", 
        "operating_revenue": 123639, 
        "short_term_average": 175912
    }, 
    {
        "accumulated_operating_revenue_yoy": 16.395355980097058, 
        "accumulated_operating_revenue": 435804, 
        "long_term_average": 202846, 
        "date": "2014-03-31", 
        "operating_revenue": 152343, 
        "short_term_average": 145268
    }, 
    {
        "accumulated_operating_revenue_yoy": 15.912736306530789, 
        "accumulated_operating_revenue": 621487, 
        "long_term_average": 204840, 
        "date": "2014-04-30", 
        "operating_revenue": 185683, 
        "short_term_average": 153888
    }, 
    {
        "accumulated_operating_revenue_yoy": 6.4264560576592435, 
        "accumulated_operating_revenue": 783055, 
        "long_term_average": 201671, 
        "date": "2014-05-31", 
        "operating_revenue": 161568, 
        "short_term_average": 166531
    }, 
    {
        "accumulated_operating_revenue_yoy": 0.6691161708291686, 
        "accumulated_operating_revenue": 932645, 
        "long_term_average": 198247, 
        "date": "2014-06-30", 
        "operating_revenue": 149590, 
        "short_term_average": 165613
    }, 
    {
        "accumulated_operating_revenue_yoy": -5.2145048596467225, 
        "accumulated_operating_revenue": 1067097, 
        "long_term_average": 192838, 
        "date": "2014-07-31", 
        "operating_revenue": 134452, 
        "short_term_average": 148536
    }, 
    {
        "accumulated_operating_revenue_yoy": -10.912971370478177, 
        "accumulated_operating_revenue": 1190886, 
        "long_term_average": 185574, 
        "date": "2014-08-31", 
        "operating_revenue": 123789, 
        "short_term_average": 135943
    }, 
    {
        "accumulated_operating_revenue_yoy": -11.218858826680954, 
        "accumulated_operating_revenue": 1408535, 
        "long_term_average": 182898, 
        "date": "2014-09-30", 
        "operating_revenue": 217649, 
        "short_term_average": 158630
    }, 
    {
        "accumulated_operating_revenue_yoy": -14.476445879862196, 
        "accumulated_operating_revenue": 1592003, 
        "long_term_average": 175274, 
        "date": "2014-10-31", 
        "operating_revenue": 183468, 
        "short_term_average": 174968
    }, 
    {
        "accumulated_operating_revenue_yoy": -15.224802137097873, 
        "accumulated_operating_revenue": 1804435, 
        "long_term_average": 170725, 
        "date": "2014-11-30", 
        "operating_revenue": 212432, 
        "short_term_average": 204516
    }, 
    {
        "accumulated_operating_revenue_yoy": -14.988353269955903, 
        "accumulated_operating_revenue": 2017130, 
        "long_term_average": 168094, 
        "date": "2014-12-31", 
        "operating_revenue": 212695, 
        "short_term_average": 202865
    }, 
    {
        "accumulated_operating_revenue_yoy": 19.04118331643954, 
        "accumulated_operating_revenue": 190254, 
        "long_term_average": 170630, 
        "date": "2015-01-31", 
        "operating_revenue": 190254, 
        "short_term_average": 205127
    }, 
    {
        "accumulated_operating_revenue_yoy": 17.725895273071075, 
        "accumulated_operating_revenue": 333707, 
        "long_term_average": 172281, 
        "date": "2015-02-28", 
        "operating_revenue": 143453, 
        "short_term_average": 182134
    }, 
    {
        "accumulated_operating_revenue_yoy": 11.844544795366724, 
        "accumulated_operating_revenue": 487423, 
        "long_term_average": 172395, 
        "date": "2015-03-31", 
        "operating_revenue": 153716, 
        "short_term_average": 162474
    }, 
    {
        "accumulated_operating_revenue_yoy": 3.4779488549237554, 
        "accumulated_operating_revenue": 643102, 
        "long_term_average": 169895, 
        "date": "2015-04-30", 
        "operating_revenue": 155679, 
        "short_term_average": 150949
    }, 
    {
        "accumulated_operating_revenue_yoy": 6.542963137966043, 
        "accumulated_operating_revenue": 834290, 
        "long_term_average": 172363, 
        "date": "2015-05-31", 
        "operating_revenue": 191188, 
        "short_term_average": 166861
    }, 
    {
        "accumulated_operating_revenue_yoy": 9.5095132660337, 
        "accumulated_operating_revenue": 1021335, 
        "long_term_average": 175485, 
        "date": "2015-06-30", 
        "operating_revenue": 187045, 
        "short_term_average": 177970
    }, 
    {
        "accumulated_operating_revenue_yoy": 15.057862593559912, 
        "accumulated_operating_revenue": 1227779, 
        "long_term_average": 181484, 
        "date": "2015-07-31", 
        "operating_revenue": 206444, 
        "short_term_average": 194892
    }, 
    {
        "accumulated_operating_revenue_yoy": 21.030560439874176, 
        "accumulated_operating_revenue": 1441336, 
        "long_term_average": 188965, 
        "date": "2015-08-31", 
        "operating_revenue": 213557, 
        "short_term_average": 202348
    }, 
    {
        "accumulated_operating_revenue_yoy": 19.199664900055733, 
        "accumulated_operating_revenue": 1678969, 
        "long_term_average": 190630, 
        "date": "2015-09-30", 
        "operating_revenue": 237633, 
        "short_term_average": 219211
    }
]