[
    {
        "date": "2011-09-30", 
        "operating_revenue": 5034238, 
        "accumulated_operating_revenue": 5034238, 
        "long_term_average": 5034238, 
        "short_term_average": 5034238
    }, 
    {
        "date": "2011-10-31", 
        "operating_revenue": 6005630, 
        "accumulated_operating_revenue": 11039868, 
        "long_term_average": 5519934, 
        "short_term_average": 5519934
    }, 
    {
        "date": "2011-11-30", 
        "operating_revenue": 7221230, 
        "accumulated_operating_revenue": 18261098, 
        "long_term_average": 6087032, 
        "short_term_average": 6087032
    }, 
    {
        "date": "2011-12-31", 
        "operating_revenue": 6437147, 
        "accumulated_operating_revenue": 24698245, 
        "long_term_average": 6174561, 
        "short_term_average": 6554669
    }, 
    {
        "date": "2012-01-31", 
        "operating_revenue": 3269270, 
        "accumulated_operating_revenue": 3269270, 
        "long_term_average": 5593503, 
        "short_term_average": 5642549
    }, 
    {
        "date": "2012-02-29", 
        "operating_revenue": 3411527, 
        "accumulated_operating_revenue": 6680797, 
        "long_term_average": 5229840, 
        "short_term_average": 4372648
    }, 
    {
        "date": "2012-03-31", 
        "operating_revenue": 3750322, 
        "accumulated_operating_revenue": 10431119, 
        "long_term_average": 5018480, 
        "short_term_average": 3477039
    }, 
    {
        "date": "2012-04-30", 
        "operating_revenue": 2831505, 
        "accumulated_operating_revenue": 13262624, 
        "long_term_average": 4745108, 
        "short_term_average": 3331118
    }, 
    {
        "date": "2012-05-31", 
        "operating_revenue": 3450237, 
        "accumulated_operating_revenue": 16712861, 
        "long_term_average": 4601234, 
        "short_term_average": 3344021
    }, 
    {
        "date": "2012-06-30", 
        "operating_revenue": 3824182, 
        "accumulated_operating_revenue": 20537043, 
        "long_term_average": 4523528, 
        "short_term_average": 3368641
    }, 
    {
        "date": "2012-07-31", 
        "operating_revenue": 2612373, 
        "accumulated_operating_revenue": 23149416, 
        "long_term_average": 4349787, 
        "short_term_average": 3295597
    }, 
    {
        "date": "2012-08-31", 
        "operating_revenue": 3585021, 
        "accumulated_operating_revenue": 26734437, 
        "long_term_average": 4286056, 
        "short_term_average": 3340525
    }, 
    {
        "accumulated_operating_revenue_yoy": 501.40847532436885, 
        "accumulated_operating_revenue": 30276334, 
        "long_term_average": 4161695, 
        "date": "2012-09-30", 
        "operating_revenue": 3541897, 
        "short_term_average": 3246430
    }, 
    {
        "accumulated_operating_revenue_yoy": 196.3344942167787, 
        "accumulated_operating_revenue": 32714937, 
        "long_term_average": 3864442, 
        "date": "2012-10-31", 
        "operating_revenue": 2438603, 
        "short_term_average": 3188507
    }, 
    {
        "accumulated_operating_revenue_yoy": 93.21866078370535, 
        "accumulated_operating_revenue": 35283849, 
        "long_term_average": 3476749, 
        "date": "2012-11-30", 
        "operating_revenue": 2568912, 
        "short_term_average": 2849804
    }, 
    {
        "accumulated_operating_revenue_yoy": 51.4882980551857, 
        "accumulated_operating_revenue": 37414951, 
        "long_term_average": 3117912, 
        "date": "2012-12-31", 
        "operating_revenue": 2131102, 
        "short_term_average": 2379539
    }, 
    {
        "accumulated_operating_revenue_yoy": -14.750051234679301, 
        "accumulated_operating_revenue": 2787051, 
        "long_term_average": 3077727, 
        "date": "2013-01-31", 
        "operating_revenue": 2787051, 
        "short_term_average": 2495688
    }, 
    {
        "accumulated_operating_revenue_yoy": -35.704662183269456, 
        "accumulated_operating_revenue": 4295441, 
        "long_term_average": 2919132, 
        "date": "2013-02-28", 
        "operating_revenue": 1508390, 
        "short_term_average": 2142181
    }, 
    {
        "accumulated_operating_revenue_yoy": -38.360927528484716, 
        "accumulated_operating_revenue": 6429645, 
        "long_term_average": 2784456, 
        "date": "2013-03-31", 
        "operating_revenue": 2134204, 
        "short_term_average": 2143215
    }, 
    {
        "accumulated_operating_revenue_yoy": -36.791286550836396, 
        "accumulated_operating_revenue": 8383134, 
        "long_term_average": 2711288, 
        "date": "2013-04-30", 
        "operating_revenue": 1953489, 
        "short_term_average": 1865361
    }, 
    {
        "accumulated_operating_revenue_yoy": -34.07187434874256, 
        "accumulated_operating_revenue": 11018476, 
        "long_term_average": 2643380, 
        "date": "2013-05-31", 
        "operating_revenue": 2635342, 
        "short_term_average": 2241011
    }, 
    {
        "accumulated_operating_revenue_yoy": -35.81748842810526, 
        "accumulated_operating_revenue": 13181190, 
        "long_term_average": 2504924, 
        "date": "2013-06-30", 
        "operating_revenue": 2162714, 
        "short_term_average": 2250515
    }, 
    {
        "accumulated_operating_revenue_yoy": -32.499346851773716, 
        "accumulated_operating_revenue": 15626007, 
        "long_term_average": 2490961, 
        "date": "2013-07-31", 
        "operating_revenue": 2444817, 
        "short_term_average": 2414291
    }, 
    {
        "accumulated_operating_revenue_yoy": -31.863809213562266, 
        "accumulated_operating_revenue": 18215827, 
        "long_term_average": 2408028, 
        "date": "2013-08-31", 
        "operating_revenue": 2589820, 
        "short_term_average": 2399117
    }, 
    {
        "accumulated_operating_revenue_yoy": -31.024406719783183, 
        "accumulated_operating_revenue": 20883281, 
        "long_term_average": 2335158, 
        "date": "2013-09-30", 
        "operating_revenue": 2667454, 
        "short_term_average": 2567363
    }, 
    {
        "accumulated_operating_revenue_yoy": -25.945817960768196, 
        "accumulated_operating_revenue": 24226779, 
        "long_term_average": 2410566, 
        "date": "2013-10-31", 
        "operating_revenue": 3343498, 
        "short_term_average": 2866924
    }, 
    {
        "accumulated_operating_revenue_yoy": -22.903830588323853, 
        "accumulated_operating_revenue": 27202496, 
        "long_term_average": 2444466, 
        "date": "2013-11-30", 
        "operating_revenue": 2975717, 
        "short_term_average": 2995556
    }, 
    {
        "accumulated_operating_revenue_yoy": -21.171881262118987, 
        "accumulated_operating_revenue": 29493502, 
        "long_term_average": 2457791, 
        "date": "2013-12-31", 
        "operating_revenue": 2291006, 
        "short_term_average": 2870073
    }, 
    {
        "accumulated_operating_revenue_yoy": -28.06202685203823, 
        "accumulated_operating_revenue": 2004948, 
        "long_term_average": 2392616, 
        "date": "2014-01-31", 
        "operating_revenue": 2004948, 
        "short_term_average": 2423890
    }, 
    {
        "accumulated_operating_revenue_yoy": -14.257837553815778, 
        "accumulated_operating_revenue": 3683004, 
        "long_term_average": 2406755, 
        "date": "2014-02-28", 
        "operating_revenue": 1678056, 
        "short_term_average": 1991336
    }, 
    {
        "accumulated_operating_revenue_yoy": -10.790922360410256, 
        "accumulated_operating_revenue": 5735827, 
        "long_term_average": 2399973, 
        "date": "2014-03-31", 
        "operating_revenue": 2052823, 
        "short_term_average": 1911942
    }, 
    {
        "accumulated_operating_revenue_yoy": -14.209805068128459, 
        "accumulated_operating_revenue": 7191907, 
        "long_term_average": 2358522, 
        "date": "2014-04-30", 
        "operating_revenue": 1456080, 
        "short_term_average": 1728986
    }, 
    {
        "accumulated_operating_revenue_yoy": -20.881090996613324, 
        "accumulated_operating_revenue": 8717698, 
        "long_term_average": 2266060, 
        "date": "2014-05-31", 
        "operating_revenue": 1525791, 
        "short_term_average": 1678231
    }, 
    {
        "accumulated_operating_revenue_yoy": -24.04694872010797, 
        "accumulated_operating_revenue": 10011516, 
        "long_term_average": 2193652, 
        "date": "2014-06-30", 
        "operating_revenue": 1293818, 
        "short_term_average": 1425229
    }, 
    {
        "accumulated_operating_revenue_yoy": -29.99686996172471, 
        "accumulated_operating_revenue": 10938694, 
        "long_term_average": 2067182, 
        "date": "2014-07-31", 
        "operating_revenue": 927178, 
        "short_term_average": 1248929
    }, 
    {
        "accumulated_operating_revenue_yoy": -34.938995632753866, 
        "accumulated_operating_revenue": 11851400, 
        "long_term_average": 1927422, 
        "date": "2014-08-31", 
        "operating_revenue": 912706, 
        "short_term_average": 1044567
    }, 
    {
        "accumulated_operating_revenue_yoy": -38.05148242749786, 
        "accumulated_operating_revenue": 12936883, 
        "long_term_average": 1795592, 
        "date": "2014-09-30", 
        "operating_revenue": 1085483, 
        "short_term_average": 975122
    }, 
    {
        "accumulated_operating_revenue_yoy": -40.21407055391062, 
        "accumulated_operating_revenue": 14484205, 
        "long_term_average": 1645910, 
        "date": "2014-10-31", 
        "operating_revenue": 1547322, 
        "short_term_average": 1181837
    }, 
    {
        "accumulated_operating_revenue_yoy": -41.138794763539345, 
        "accumulated_operating_revenue": 16011717, 
        "long_term_average": 1525226, 
        "date": "2014-11-30", 
        "operating_revenue": 1527512, 
        "short_term_average": 1386772
    }, 
    {
        "accumulated_operating_revenue_yoy": -39.5151243823131, 
        "accumulated_operating_revenue": 17839108, 
        "long_term_average": 1486592, 
        "date": "2014-12-31", 
        "operating_revenue": 1827391, 
        "short_term_average": 1634075
    }, 
    {
        "accumulated_operating_revenue_yoy": -54.960777037608956, 
        "accumulated_operating_revenue": 903013, 
        "long_term_average": 1394764, 
        "date": "2015-01-31", 
        "operating_revenue": 903013, 
        "short_term_average": 1419305
    }, 
    {
        "accumulated_operating_revenue_yoy": -53.063450379092714, 
        "accumulated_operating_revenue": 1728675, 
        "long_term_average": 1323731, 
        "date": "2015-02-28", 
        "operating_revenue": 825662, 
        "short_term_average": 1185355
    }, 
    {
        "accumulated_operating_revenue_yoy": -52.10558128758067, 
        "accumulated_operating_revenue": 2747141, 
        "long_term_average": 1237535, 
        "date": "2015-03-31", 
        "operating_revenue": 1018466, 
        "short_term_average": 915713
    }, 
    {
        "accumulated_operating_revenue_yoy": -47.61666133891887, 
        "accumulated_operating_revenue": 3767361, 
        "long_term_average": 1201213, 
        "date": "2015-04-30", 
        "operating_revenue": 1020220, 
        "short_term_average": 954782
    }, 
    {
        "accumulated_operating_revenue_yoy": -37.3820933003185, 
        "accumulated_operating_revenue": 5458840, 
        "long_term_average": 1215020, 
        "date": "2015-05-31", 
        "operating_revenue": 1691479, 
        "short_term_average": 1243388
    }, 
    {
        "accumulated_operating_revenue_yoy": -26.103968669679993, 
        "accumulated_operating_revenue": 7398113, 
        "long_term_average": 1268808, 
        "date": "2015-06-30", 
        "operating_revenue": 1939273, 
        "short_term_average": 1550324
    }, 
    {
        "accumulated_operating_revenue_yoy": -15.286834058983642, 
        "accumulated_operating_revenue": 9266514, 
        "long_term_average": 1347244, 
        "date": "2015-07-31", 
        "operating_revenue": 1868401, 
        "short_term_average": 1833051
    }, 
    {
        "accumulated_operating_revenue_yoy": -5.609337293484314, 
        "accumulated_operating_revenue": 11186615, 
        "long_term_average": 1431193, 
        "date": "2015-08-31", 
        "operating_revenue": 1920101, 
        "short_term_average": 1909258
    }, 
    {
        "accumulated_operating_revenue_yoy": 4.352331237748691, 
        "accumulated_operating_revenue": 13499939, 
        "long_term_average": 1533513, 
        "date": "2015-09-30", 
        "operating_revenue": 2313324, 
        "short_term_average": 2033942
    }
]