[
    {
        "date": "2012-01-31", 
        "operating_revenue": 45830, 
        "accumulated_operating_revenue": 45830, 
        "long_term_average": 45830, 
        "short_term_average": 45830
    }, 
    {
        "date": "2012-02-29", 
        "operating_revenue": 82052, 
        "accumulated_operating_revenue": 127882, 
        "long_term_average": 63941, 
        "short_term_average": 63941
    }, 
    {
        "date": "2012-03-31", 
        "operating_revenue": 78560, 
        "accumulated_operating_revenue": 206442, 
        "long_term_average": 68814, 
        "short_term_average": 68814
    }, 
    {
        "date": "2012-04-30", 
        "operating_revenue": 96978, 
        "accumulated_operating_revenue": 303420, 
        "long_term_average": 75855, 
        "short_term_average": 85863
    }, 
    {
        "date": "2012-05-31", 
        "operating_revenue": 77014, 
        "accumulated_operating_revenue": 380434, 
        "long_term_average": 76086, 
        "short_term_average": 84184
    }, 
    {
        "date": "2012-06-30", 
        "operating_revenue": 43860, 
        "accumulated_operating_revenue": 424294, 
        "long_term_average": 70715, 
        "short_term_average": 72617
    }, 
    {
        "date": "2012-07-31", 
        "operating_revenue": 79666, 
        "accumulated_operating_revenue": 503960, 
        "long_term_average": 71994, 
        "short_term_average": 66846
    }, 
    {
        "date": "2012-08-31", 
        "operating_revenue": 78015, 
        "accumulated_operating_revenue": 581975, 
        "long_term_average": 72746, 
        "short_term_average": 67180
    }, 
    {
        "date": "2012-09-30", 
        "operating_revenue": 113377, 
        "accumulated_operating_revenue": 695352, 
        "long_term_average": 77261, 
        "short_term_average": 90352
    }, 
    {
        "date": "2012-10-31", 
        "operating_revenue": 58192, 
        "accumulated_operating_revenue": 753544, 
        "long_term_average": 75354, 
        "short_term_average": 83194
    }, 
    {
        "date": "2012-11-30", 
        "operating_revenue": 66098, 
        "accumulated_operating_revenue": 819642, 
        "long_term_average": 74512, 
        "short_term_average": 79222
    }, 
    {
        "date": "2012-12-31", 
        "operating_revenue": 111024, 
        "accumulated_operating_revenue": 930666, 
        "long_term_average": 77555, 
        "short_term_average": 78438
    }, 
    {
        "accumulated_operating_revenue_yoy": 99.19703251145538, 
        "accumulated_operating_revenue": 91292, 
        "long_term_average": 81344, 
        "date": "2013-01-31", 
        "operating_revenue": 91292, 
        "short_term_average": 89471
    }, 
    {
        "accumulated_operating_revenue_yoy": 22.934423922053142, 
        "accumulated_operating_revenue": 157211, 
        "long_term_average": 79999, 
        "date": "2013-02-28", 
        "operating_revenue": 65919, 
        "short_term_average": 89411
    }, 
    {
        "accumulated_operating_revenue_yoy": 17.07840458821364, 
        "accumulated_operating_revenue": 241699, 
        "long_term_average": 80493, 
        "date": "2013-03-31", 
        "operating_revenue": 84488, 
        "short_term_average": 80566
    }, 
    {
        "accumulated_operating_revenue_yoy": 9.473337288247315, 
        "accumulated_operating_revenue": 332164, 
        "long_term_average": 79950, 
        "date": "2013-04-30", 
        "operating_revenue": 90465, 
        "short_term_average": 80290
    }, 
    {
        "accumulated_operating_revenue_yoy": 11.291051798735129, 
        "accumulated_operating_revenue": 423389, 
        "long_term_average": 81135, 
        "date": "2013-05-31", 
        "operating_revenue": 91225, 
        "short_term_average": 88726
    }, 
    {
        "accumulated_operating_revenue_yoy": 20.027150984930262, 
        "accumulated_operating_revenue": 509268, 
        "long_term_average": 84636, 
        "date": "2013-06-30", 
        "operating_revenue": 85879, 
        "short_term_average": 89189
    }, 
    {
        "accumulated_operating_revenue_yoy": 24.256290181760455, 
        "accumulated_operating_revenue": 626202, 
        "long_term_average": 87742, 
        "date": "2013-07-31", 
        "operating_revenue": 116934, 
        "short_term_average": 98012
    }, 
    {
        "accumulated_operating_revenue_yoy": 16.91842433094205, 
        "accumulated_operating_revenue": 680436, 
        "long_term_average": 85760, 
        "date": "2013-08-31", 
        "operating_revenue": 54234, 
        "short_term_average": 85682
    }, 
    {
        "accumulated_operating_revenue_yoy": 5.2303006247195665, 
        "accumulated_operating_revenue": 731721, 
        "long_term_average": 80586, 
        "date": "2013-09-30", 
        "operating_revenue": 51285, 
        "short_term_average": 74151
    }, 
    {
        "accumulated_operating_revenue_yoy": 5.235659762402727, 
        "accumulated_operating_revenue": 792997, 
        "long_term_average": 80843, 
        "date": "2013-10-31", 
        "operating_revenue": 61276, 
        "short_term_average": 55598
    }, 
    {
        "accumulated_operating_revenue_yoy": 4.855046471508293, 
        "accumulated_operating_revenue": 859436, 
        "long_term_average": 80871, 
        "date": "2013-11-30", 
        "operating_revenue": 66439, 
        "short_term_average": 59666
    }, 
    {
        "accumulated_operating_revenue_yoy": 0.6062325259545315, 
        "accumulated_operating_revenue": 936308, 
        "long_term_average": 78025, 
        "date": "2013-12-31", 
        "operating_revenue": 76872, 
        "short_term_average": 68195
    }, 
    {
        "accumulated_operating_revenue_yoy": -4.183280024536652, 
        "accumulated_operating_revenue": 87473, 
        "long_term_average": 77707, 
        "date": "2014-01-31", 
        "operating_revenue": 87473, 
        "short_term_average": 76928
    }, 
    {
        "accumulated_operating_revenue_yoy": -5.0537176151795995, 
        "accumulated_operating_revenue": 149266, 
        "long_term_average": 77363, 
        "date": "2014-02-28", 
        "operating_revenue": 61793, 
        "short_term_average": 75379
    }, 
    {
        "accumulated_operating_revenue_yoy": -25.06919763838493, 
        "accumulated_operating_revenue": 181107, 
        "long_term_average": 72976, 
        "date": "2014-03-31", 
        "operating_revenue": 31841, 
        "short_term_average": 60369
    }, 
    {
        "accumulated_operating_revenue_yoy": -24.726340000722537, 
        "accumulated_operating_revenue": 250032, 
        "long_term_average": 71181, 
        "date": "2014-04-30", 
        "operating_revenue": 68925, 
        "short_term_average": 54186
    }, 
    {
        "accumulated_operating_revenue_yoy": -28.862346447356924, 
        "accumulated_operating_revenue": 301189, 
        "long_term_average": 67842, 
        "date": "2014-05-31", 
        "operating_revenue": 51157, 
        "short_term_average": 50641
    }, 
    {
        "accumulated_operating_revenue_yoy": -32.88052655968959, 
        "accumulated_operating_revenue": 341818, 
        "long_term_average": 64071, 
        "date": "2014-06-30", 
        "operating_revenue": 40629, 
        "short_term_average": 53570
    }, 
    {
        "accumulated_operating_revenue_yoy": -34.04747988668193, 
        "accumulated_operating_revenue": 412996, 
        "long_term_average": 60258, 
        "date": "2014-07-31", 
        "operating_revenue": 71178, 
        "short_term_average": 54321
    }, 
    {
        "accumulated_operating_revenue_yoy": -32.340440541064844, 
        "accumulated_operating_revenue": 460380, 
        "long_term_average": 59687, 
        "date": "2014-08-31", 
        "operating_revenue": 47384, 
        "short_term_average": 53063
    }, 
    {
        "accumulated_operating_revenue_yoy": -31.58895261991934, 
        "accumulated_operating_revenue": 500578, 
        "long_term_average": 58763, 
        "date": "2014-09-30", 
        "operating_revenue": 40198, 
        "short_term_average": 52920
    }, 
    {
        "accumulated_operating_revenue_yoy": -30.924328843614795, 
        "accumulated_operating_revenue": 547768, 
        "long_term_average": 57589, 
        "date": "2014-10-31", 
        "operating_revenue": 47190, 
        "short_term_average": 44924
    }, 
    {
        "accumulated_operating_revenue_yoy": -31.315653521611846, 
        "accumulated_operating_revenue": 590298, 
        "long_term_average": 55597, 
        "date": "2014-11-30", 
        "operating_revenue": 42530, 
        "short_term_average": 43306
    }, 
    {
        "accumulated_operating_revenue_yoy": -32.50725188719951, 
        "accumulated_operating_revenue": 631940, 
        "long_term_average": 52661, 
        "date": "2014-12-31", 
        "operating_revenue": 41642, 
        "short_term_average": 43787
    }, 
    {
        "accumulated_operating_revenue_yoy": -41.41620843002984, 
        "accumulated_operating_revenue": 51245, 
        "long_term_average": 49642, 
        "date": "2015-01-31", 
        "operating_revenue": 51245, 
        "short_term_average": 45139
    }, 
    {
        "accumulated_operating_revenue_yoy": -51.48124824139456, 
        "accumulated_operating_revenue": 72422, 
        "long_term_average": 46258, 
        "date": "2015-02-28", 
        "operating_revenue": 21177, 
        "short_term_average": 38021
    }, 
    {
        "accumulated_operating_revenue_yoy": -48.05777799864169, 
        "accumulated_operating_revenue": 94071, 
        "long_term_average": 45408, 
        "date": "2015-03-31", 
        "operating_revenue": 21649, 
        "short_term_average": 31357
    }, 
    {
        "accumulated_operating_revenue_yoy": -42.56695143021693, 
        "accumulated_operating_revenue": 143601, 
        "long_term_average": 43792, 
        "date": "2015-04-30", 
        "operating_revenue": 49530, 
        "short_term_average": 30785
    }, 
    {
        "accumulated_operating_revenue_yoy": -39.76174428680994, 
        "accumulated_operating_revenue": 181431, 
        "long_term_average": 42681, 
        "date": "2015-05-31", 
        "operating_revenue": 37830, 
        "short_term_average": 36336
    }, 
    {
        "accumulated_operating_revenue_yoy": -40.34661720564745, 
        "accumulated_operating_revenue": 203906, 
        "long_term_average": 41169, 
        "date": "2015-06-30", 
        "operating_revenue": 22475, 
        "short_term_average": 36611
    }, 
    {
        "accumulated_operating_revenue_yoy": -40.46867282007574, 
        "accumulated_operating_revenue": 245862, 
        "long_term_average": 38733, 
        "date": "2015-07-31", 
        "operating_revenue": 41956, 
        "short_term_average": 34087
    }, 
    {
        "accumulated_operating_revenue_yoy": -38.556844345975065, 
        "accumulated_operating_revenue": 282872, 
        "long_term_average": 37869, 
        "date": "2015-08-31", 
        "operating_revenue": 37010, 
        "short_term_average": 33813
    }
]