[
    {
        "date": "2011-09-30", 
        "operating_revenue": 1287951, 
        "accumulated_operating_revenue": 1287951, 
        "long_term_average": 1287951, 
        "short_term_average": 1287951
    }, 
    {
        "date": "2011-10-31", 
        "operating_revenue": 1169066, 
        "accumulated_operating_revenue": 2457017, 
        "long_term_average": 1228508, 
        "short_term_average": 1228508
    }, 
    {
        "date": "2011-11-30", 
        "operating_revenue": 1166684, 
        "accumulated_operating_revenue": 3623701, 
        "long_term_average": 1207900, 
        "short_term_average": 1207900
    }, 
    {
        "date": "2011-12-31", 
        "operating_revenue": 1079828, 
        "accumulated_operating_revenue": 4703529, 
        "long_term_average": 1175882, 
        "short_term_average": 1138526
    }, 
    {
        "date": "2012-01-31", 
        "operating_revenue": 891315, 
        "accumulated_operating_revenue": 891315, 
        "long_term_average": 1118968, 
        "short_term_average": 1045942
    }, 
    {
        "date": "2012-02-29", 
        "operating_revenue": 1034137, 
        "accumulated_operating_revenue": 1925452, 
        "long_term_average": 1104830, 
        "short_term_average": 1001760
    }, 
    {
        "date": "2012-03-31", 
        "operating_revenue": 1143620, 
        "accumulated_operating_revenue": 3069072, 
        "long_term_average": 1110371, 
        "short_term_average": 1023024
    }, 
    {
        "date": "2012-04-30", 
        "operating_revenue": 1155362, 
        "accumulated_operating_revenue": 4224434, 
        "long_term_average": 1115995, 
        "short_term_average": 1111039
    }, 
    {
        "date": "2012-05-31", 
        "operating_revenue": 1203820, 
        "accumulated_operating_revenue": 5428254, 
        "long_term_average": 1125753, 
        "short_term_average": 1167600
    }, 
    {
        "date": "2012-06-30", 
        "operating_revenue": 1176326, 
        "accumulated_operating_revenue": 6604580, 
        "long_term_average": 1130810, 
        "short_term_average": 1178502
    }, 
    {
        "date": "2012-07-31", 
        "operating_revenue": 1169485, 
        "accumulated_operating_revenue": 7774065, 
        "long_term_average": 1134326, 
        "short_term_average": 1183210
    }, 
    {
        "date": "2012-08-31", 
        "operating_revenue": 1182970, 
        "accumulated_operating_revenue": 8957035, 
        "long_term_average": 1138380, 
        "short_term_average": 1176260
    }, 
    {
        "accumulated_operating_revenue_yoy": 681.9100260801847, 
        "accumulated_operating_revenue": 10070618, 
        "long_term_average": 1123849, 
        "date": "2012-09-30", 
        "operating_revenue": 1113583, 
        "short_term_average": 1155346
    }, 
    {
        "accumulated_operating_revenue_yoy": 350.4353856729522, 
        "accumulated_operating_revenue": 11067274, 
        "long_term_average": 1109482, 
        "date": "2012-10-31", 
        "operating_revenue": 996656, 
        "short_term_average": 1097736
    }, 
    {
        "accumulated_operating_revenue_yoy": 234.00476474190336, 
        "accumulated_operating_revenue": 12103334, 
        "long_term_average": 1098596, 
        "date": "2012-11-30", 
        "operating_revenue": 1036060, 
        "short_term_average": 1048766
    }, 
    {
        "accumulated_operating_revenue_yoy": 176.98868232767353, 
        "accumulated_operating_revenue": 13028243, 
        "long_term_average": 1085686, 
        "date": "2012-12-31", 
        "operating_revenue": 924909, 
        "short_term_average": 985875
    }, 
    {
        "accumulated_operating_revenue_yoy": 19.62258012038393, 
        "accumulated_operating_revenue": 1066214, 
        "long_term_average": 1100261, 
        "date": "2013-01-31", 
        "operating_revenue": 1066214, 
        "short_term_average": 1009061
    }, 
    {
        "accumulated_operating_revenue_yoy": -3.4129648518893227, 
        "accumulated_operating_revenue": 1859737, 
        "long_term_average": 1080210, 
        "date": "2013-02-28", 
        "operating_revenue": 793523, 
        "short_term_average": 928215
    }, 
    {
        "accumulated_operating_revenue_yoy": -5.296258934296751, 
        "accumulated_operating_revenue": 2906526, 
        "long_term_average": 1072141, 
        "date": "2013-03-31", 
        "operating_revenue": 1046789, 
        "short_term_average": 968842
    }, 
    {
        "accumulated_operating_revenue_yoy": -4.474398227076101, 
        "accumulated_operating_revenue": 4035416, 
        "long_term_average": 1069935, 
        "date": "2013-04-30", 
        "operating_revenue": 1128890, 
        "short_term_average": 989734
    }, 
    {
        "accumulated_operating_revenue_yoy": -3.727533752105189, 
        "accumulated_operating_revenue": 5225914, 
        "long_term_average": 1068825, 
        "date": "2013-05-31", 
        "operating_revenue": 1190498, 
        "short_term_average": 1122059
    }, 
    {
        "accumulated_operating_revenue_yoy": -4.0585321095361095, 
        "accumulated_operating_revenue": 6336531, 
        "long_term_average": 1063349, 
        "date": "2013-06-30", 
        "operating_revenue": 1110617, 
        "short_term_average": 1143335
    }, 
    {
        "accumulated_operating_revenue_yoy": -3.6006130640790883, 
        "accumulated_operating_revenue": 7494151, 
        "long_term_average": 1062360, 
        "date": "2013-07-31", 
        "operating_revenue": 1157620, 
        "short_term_average": 1152911
    }, 
    {
        "accumulated_operating_revenue_yoy": -3.775579753791294, 
        "accumulated_operating_revenue": 8618855, 
        "long_term_average": 1057505, 
        "date": "2013-08-31", 
        "operating_revenue": 1124704, 
        "short_term_average": 1130980
    }, 
    {
        "accumulated_operating_revenue_yoy": -3.276362979908482, 
        "accumulated_operating_revenue": 9740668, 
        "long_term_average": 1058191, 
        "date": "2013-09-30", 
        "operating_revenue": 1121813, 
        "short_term_average": 1134712
    }, 
    {
        "accumulated_operating_revenue_yoy": -2.231516089689295, 
        "accumulated_operating_revenue": 10820306, 
        "long_term_average": 1065106, 
        "date": "2013-10-31", 
        "operating_revenue": 1079638, 
        "short_term_average": 1108718
    }, 
    {
        "accumulated_operating_revenue_yoy": -1.1734783159747555, 
        "accumulated_operating_revenue": 11961304, 
        "long_term_average": 1073851, 
        "date": "2013-11-30", 
        "operating_revenue": 1140998, 
        "short_term_average": 1114149
    }, 
    {
        "accumulated_operating_revenue_yoy": 0.6140966207031907, 
        "accumulated_operating_revenue": 13108249, 
        "long_term_average": 1092354, 
        "date": "2013-12-31", 
        "operating_revenue": 1146945, 
        "short_term_average": 1122527
    }, 
    {
        "accumulated_operating_revenue_yoy": 3.5553838160069176, 
        "accumulated_operating_revenue": 1104122, 
        "long_term_average": 1095513, 
        "date": "2014-01-31", 
        "operating_revenue": 1104122, 
        "short_term_average": 1130688
    }, 
    {
        "accumulated_operating_revenue_yoy": 10.759747211568087, 
        "accumulated_operating_revenue": 2059840, 
        "long_term_average": 1109029, 
        "date": "2014-02-28", 
        "operating_revenue": 955718, 
        "short_term_average": 1068928
    }, 
    {
        "accumulated_operating_revenue_yoy": 10.624539398580986, 
        "accumulated_operating_revenue": 3215331, 
        "long_term_average": 1118087, 
        "date": "2014-03-31", 
        "operating_revenue": 1155491, 
        "short_term_average": 1071777
    }, 
    {
        "accumulated_operating_revenue_yoy": 10.160315565978824, 
        "accumulated_operating_revenue": 4445427, 
        "long_term_average": 1126521, 
        "date": "2014-04-30", 
        "operating_revenue": 1230096, 
        "short_term_average": 1113768
    }, 
    {
        "accumulated_operating_revenue_yoy": 9.04176762189351, 
        "accumulated_operating_revenue": 5698429, 
        "long_term_average": 1131730, 
        "date": "2014-05-31", 
        "operating_revenue": 1253002, 
        "short_term_average": 1212863
    }, 
    {
        "accumulated_operating_revenue_yoy": 8.130978922063193, 
        "accumulated_operating_revenue": 6851753, 
        "long_term_average": 1135289, 
        "date": "2014-06-30", 
        "operating_revenue": 1153324, 
        "short_term_average": 1212140
    }, 
    {
        "accumulated_operating_revenue_yoy": 9.049017026745258, 
        "accumulated_operating_revenue": 8172298, 
        "long_term_average": 1148866, 
        "date": "2014-07-31", 
        "operating_revenue": 1320545, 
        "short_term_average": 1242290
    }, 
    {
        "accumulated_operating_revenue_yoy": 9.84433547147504, 
        "accumulated_operating_revenue": 9467324, 
        "long_term_average": 1163059, 
        "date": "2014-08-31", 
        "operating_revenue": 1295026, 
        "short_term_average": 1256298
    }, 
    {
        "accumulated_operating_revenue_yoy": 10.80993623845921, 
        "accumulated_operating_revenue": 10793628, 
        "long_term_average": 1180100, 
        "date": "2014-09-30", 
        "operating_revenue": 1326304, 
        "short_term_average": 1313958
    }, 
    {
        "accumulated_operating_revenue_yoy": 11.32215669316561, 
        "accumulated_operating_revenue": 12045398, 
        "long_term_average": 1194445, 
        "date": "2014-10-31", 
        "operating_revenue": 1251770, 
        "short_term_average": 1291033
    }, 
    {
        "accumulated_operating_revenue_yoy": 11.255152448261493, 
        "accumulated_operating_revenue": 13307567, 
        "long_term_average": 1204542, 
        "date": "2014-11-30", 
        "operating_revenue": 1262169, 
        "short_term_average": 1280081
    }, 
    {
        "accumulated_operating_revenue_yoy": 10.900548196788144, 
        "accumulated_operating_revenue": 14537120, 
        "long_term_average": 1211426, 
        "date": "2014-12-31", 
        "operating_revenue": 1229553, 
        "short_term_average": 1247830
    }, 
    {
        "accumulated_operating_revenue_yoy": 21.41321339489658, 
        "accumulated_operating_revenue": 1340550, 
        "long_term_average": 1231129, 
        "date": "2015-01-31", 
        "operating_revenue": 1340550, 
        "short_term_average": 1277424
    }, 
    {
        "accumulated_operating_revenue_yoy": 14.350871912381544, 
        "accumulated_operating_revenue": 2355445, 
        "long_term_average": 1236060, 
        "date": "2015-02-28", 
        "operating_revenue": 1014895, 
        "short_term_average": 1194999
    }, 
    {
        "accumulated_operating_revenue_yoy": 14.673232709167422, 
        "accumulated_operating_revenue": 3687124, 
        "long_term_average": 1250742, 
        "date": "2015-03-31", 
        "operating_revenue": 1331679, 
        "short_term_average": 1229041
    }, 
    {
        "accumulated_operating_revenue_yoy": 12.705821060609027, 
        "accumulated_operating_revenue": 5010255, 
        "long_term_average": 1258495, 
        "date": "2015-04-30", 
        "operating_revenue": 1323131, 
        "short_term_average": 1223235
    }, 
    {
        "accumulated_operating_revenue_yoy": 10.6009217628227, 
        "accumulated_operating_revenue": 6302515, 
        "long_term_average": 1261767, 
        "date": "2015-05-31", 
        "operating_revenue": 1292260, 
        "short_term_average": 1315690
    }, 
    {
        "accumulated_operating_revenue_yoy": 10.016604509823983, 
        "accumulated_operating_revenue": 7538066, 
        "long_term_average": 1268619, 
        "date": "2015-06-30", 
        "operating_revenue": 1235551, 
        "short_term_average": 1283647
    }, 
    {
        "accumulated_operating_revenue_yoy": 9.332956287203428, 
        "accumulated_operating_revenue": 8935015, 
        "long_term_average": 1274986, 
        "date": "2015-07-31", 
        "operating_revenue": 1396949, 
        "short_term_average": 1308253
    }, 
    {
        "accumulated_operating_revenue_yoy": 9.36074438774885, 
        "accumulated_operating_revenue": 10353536, 
        "long_term_average": 1285277, 
        "date": "2015-08-31", 
        "operating_revenue": 1418521, 
        "short_term_average": 1350340
    }
]