[
    {
        "date": "2012-01-31", 
        "operating_revenue": 188020, 
        "accumulated_operating_revenue": 188020, 
        "long_term_average": 188020, 
        "short_term_average": 188020
    }, 
    {
        "date": "2012-02-29", 
        "operating_revenue": 163968, 
        "accumulated_operating_revenue": 351988, 
        "long_term_average": 175994, 
        "short_term_average": 175994
    }, 
    {
        "date": "2012-03-31", 
        "operating_revenue": 173091, 
        "accumulated_operating_revenue": 525079, 
        "long_term_average": 175026, 
        "short_term_average": 175026
    }, 
    {
        "date": "2012-04-30", 
        "operating_revenue": 184019, 
        "accumulated_operating_revenue": 709098, 
        "long_term_average": 177274, 
        "short_term_average": 173692
    }, 
    {
        "date": "2012-05-31", 
        "operating_revenue": 198908, 
        "accumulated_operating_revenue": 908006, 
        "long_term_average": 181601, 
        "short_term_average": 185339
    }, 
    {
        "date": "2012-06-30", 
        "operating_revenue": 203839, 
        "accumulated_operating_revenue": 1111845, 
        "long_term_average": 185307, 
        "short_term_average": 195588
    }, 
    {
        "date": "2012-07-31", 
        "operating_revenue": 209489, 
        "accumulated_operating_revenue": 1321334, 
        "long_term_average": 188762, 
        "short_term_average": 204078
    }, 
    {
        "date": "2012-08-31", 
        "operating_revenue": 203242, 
        "accumulated_operating_revenue": 1524576, 
        "long_term_average": 190572, 
        "short_term_average": 205523
    }, 
    {
        "date": "2012-09-30", 
        "operating_revenue": 193400, 
        "accumulated_operating_revenue": 1717976, 
        "long_term_average": 190886, 
        "short_term_average": 202043
    }, 
    {
        "date": "2012-10-31", 
        "operating_revenue": 198498, 
        "accumulated_operating_revenue": 1916474, 
        "long_term_average": 191647, 
        "short_term_average": 198380
    }, 
    {
        "date": "2012-11-30", 
        "operating_revenue": 210762, 
        "accumulated_operating_revenue": 2127236, 
        "long_term_average": 193385, 
        "short_term_average": 200886
    }, 
    {
        "date": "2012-12-31", 
        "operating_revenue": 167675, 
        "accumulated_operating_revenue": 2294911, 
        "long_term_average": 191242, 
        "short_term_average": 192311
    }, 
    {
        "accumulated_operating_revenue_yoy": -8.307626848207637, 
        "accumulated_operating_revenue": 172400, 
        "long_term_average": 189940, 
        "date": "2013-01-31", 
        "operating_revenue": 172400, 
        "short_term_average": 183612
    }, 
    {
        "accumulated_operating_revenue_yoy": -0.97276043501483, 
        "accumulated_operating_revenue": 348564, 
        "long_term_average": 190957, 
        "date": "2013-02-28", 
        "operating_revenue": 176164, 
        "short_term_average": 172079
    }, 
    {
        "accumulated_operating_revenue_yoy": 5.756276674557543, 
        "accumulated_operating_revenue": 555304, 
        "long_term_average": 193761, 
        "date": "2013-03-31", 
        "operating_revenue": 206740, 
        "short_term_average": 185101
    }, 
    {
        "accumulated_operating_revenue_yoy": 7.989445746568176, 
        "accumulated_operating_revenue": 765751, 
        "long_term_average": 195963, 
        "date": "2013-04-30", 
        "operating_revenue": 210447, 
        "short_term_average": 197783
    }, 
    {
        "accumulated_operating_revenue_yoy": 4.165611240454358, 
        "accumulated_operating_revenue": 945830, 
        "long_term_average": 194394, 
        "date": "2013-05-31", 
        "operating_revenue": 180079, 
        "short_term_average": 199088
    }, 
    {
        "accumulated_operating_revenue_yoy": 3.0935067387990234, 
        "accumulated_operating_revenue": 1146240, 
        "long_term_average": 194108, 
        "date": "2013-06-30", 
        "operating_revenue": 200410, 
        "short_term_average": 196978
    }, 
    {
        "accumulated_operating_revenue_yoy": 2.6189441882219033, 
        "accumulated_operating_revenue": 1355939, 
        "long_term_average": 194126, 
        "date": "2013-07-31", 
        "operating_revenue": 209699, 
        "short_term_average": 196729
    }, 
    {
        "accumulated_operating_revenue_yoy": 0.40608011670129923, 
        "accumulated_operating_revenue": 1530767, 
        "long_term_average": 191758, 
        "date": "2013-08-31", 
        "operating_revenue": 174828, 
        "short_term_average": 194979
    }, 
    {
        "accumulated_operating_revenue_yoy": -1.2673052475703968, 
        "accumulated_operating_revenue": 1696204, 
        "long_term_average": 189428, 
        "date": "2013-09-30", 
        "operating_revenue": 165437, 
        "short_term_average": 183321
    }, 
    {
        "accumulated_operating_revenue_yoy": -3.253527050197394, 
        "accumulated_operating_revenue": 1854121, 
        "long_term_average": 186046, 
        "date": "2013-10-31", 
        "operating_revenue": 157917, 
        "short_term_average": 166060
    }, 
    {
        "accumulated_operating_revenue_yoy": -5.3002111660389355, 
        "accumulated_operating_revenue": 2014488, 
        "long_term_average": 181846, 
        "date": "2013-11-30", 
        "operating_revenue": 160367, 
        "short_term_average": 161240
    }, 
    {
        "accumulated_operating_revenue_yoy": -4.2802531339995324, 
        "accumulated_operating_revenue": 2196683, 
        "long_term_average": 183056, 
        "date": "2013-12-31", 
        "operating_revenue": 182195, 
        "short_term_average": 166826
    }, 
    {
        "accumulated_operating_revenue_yoy": 4.423433874709977, 
        "accumulated_operating_revenue": 180026, 
        "long_term_average": 183692, 
        "date": "2014-01-31", 
        "operating_revenue": 180026, 
        "short_term_average": 174196
    }, 
    {
        "accumulated_operating_revenue_yoy": -1.637288991404735, 
        "accumulated_operating_revenue": 342857, 
        "long_term_average": 182581, 
        "date": "2014-02-28", 
        "operating_revenue": 162831, 
        "short_term_average": 175017
    }, 
    {
        "accumulated_operating_revenue_yoy": -4.856438995577197, 
        "accumulated_operating_revenue": 528336, 
        "long_term_average": 180809, 
        "date": "2014-03-31", 
        "operating_revenue": 185479, 
        "short_term_average": 176112
    }, 
    {
        "accumulated_operating_revenue_yoy": -6.310014613105304, 
        "accumulated_operating_revenue": 717432, 
        "long_term_average": 179030, 
        "date": "2014-04-30", 
        "operating_revenue": 189096, 
        "short_term_average": 179135
    }, 
    {
        "accumulated_operating_revenue_yoy": -3.2396942368078827, 
        "accumulated_operating_revenue": 915188, 
        "long_term_average": 180503, 
        "date": "2014-05-31", 
        "operating_revenue": 197756, 
        "short_term_average": 190777
    }, 
    {
        "accumulated_operating_revenue_yoy": -1.4097396705750977, 
        "accumulated_operating_revenue": 1130081, 
        "long_term_average": 181710, 
        "date": "2014-06-30", 
        "operating_revenue": 214893, 
        "short_term_average": 200581
    }, 
    {
        "accumulated_operating_revenue_yoy": -2.2328438078704127, 
        "accumulated_operating_revenue": 1325663, 
        "long_term_average": 180533, 
        "date": "2014-07-31", 
        "operating_revenue": 195582, 
        "short_term_average": 202743
    }, 
    {
        "accumulated_operating_revenue_yoy": 0.7453779706513141, 
        "accumulated_operating_revenue": 1542177, 
        "long_term_average": 184007, 
        "date": "2014-08-31", 
        "operating_revenue": 216514, 
        "short_term_average": 208996
    }, 
    {
        "accumulated_operating_revenue_yoy": 3.466799983964193, 
        "accumulated_operating_revenue": 1755008, 
        "long_term_average": 187957, 
        "date": "2014-09-30", 
        "operating_revenue": 212831, 
        "short_term_average": 208309
    }, 
    {
        "accumulated_operating_revenue_yoy": 5.5905736464880125, 
        "accumulated_operating_revenue": 1957777, 
        "long_term_average": 191694, 
        "date": "2014-10-31", 
        "operating_revenue": 202769, 
        "short_term_average": 210704
    }, 
    {
        "accumulated_operating_revenue_yoy": 7.414439798102546, 
        "accumulated_operating_revenue": 2163851, 
        "long_term_average": 195503, 
        "date": "2014-11-30", 
        "operating_revenue": 206074, 
        "short_term_average": 207224
    }, 
    {
        "accumulated_operating_revenue_yoy": 7.402205962353239, 
        "accumulated_operating_revenue": 2359286, 
        "long_term_average": 196607, 
        "date": "2014-12-31", 
        "operating_revenue": 195435, 
        "short_term_average": 201426
    }, 
    {
        "accumulated_operating_revenue_yoy": 12.989234888293913, 
        "accumulated_operating_revenue": 203410, 
        "long_term_average": 198555, 
        "date": "2015-01-31", 
        "operating_revenue": 203410, 
        "short_term_average": 201639
    }, 
    {
        "accumulated_operating_revenue_yoy": 9.97558748982812, 
        "accumulated_operating_revenue": 377059, 
        "long_term_average": 199457, 
        "date": "2015-02-28", 
        "operating_revenue": 173649, 
        "short_term_average": 190831
    }, 
    {
        "accumulated_operating_revenue_yoy": 8.04923382090185, 
        "accumulated_operating_revenue": 570863, 
        "long_term_average": 200151, 
        "date": "2015-03-31", 
        "operating_revenue": 193804, 
        "short_term_average": 190287
    }, 
    {
        "accumulated_operating_revenue_yoy": 6.126991826403059, 
        "accumulated_operating_revenue": 761389, 
        "long_term_average": 200270, 
        "date": "2015-04-30", 
        "operating_revenue": 190526, 
        "short_term_average": 185993
    }, 
    {
        "accumulated_operating_revenue_yoy": 2.23648037343147, 
        "accumulated_operating_revenue": 935656, 
        "long_term_average": 198312, 
        "date": "2015-05-31", 
        "operating_revenue": 174267, 
        "short_term_average": 186199
    }, 
    {
        "accumulated_operating_revenue_yoy": -0.136715863730122, 
        "accumulated_operating_revenue": 1128536, 
        "long_term_average": 196478, 
        "date": "2015-06-30", 
        "operating_revenue": 192880, 
        "short_term_average": 185891
    }, 
    {
        "accumulated_operating_revenue_yoy": -1.4114446884313736, 
        "accumulated_operating_revenue": 1306952, 
        "long_term_average": 195047, 
        "date": "2015-07-31", 
        "operating_revenue": 178416, 
        "short_term_average": 181854
    }, 
    {
        "accumulated_operating_revenue_yoy": -3.629285095031245, 
        "accumulated_operating_revenue": 1486207, 
        "long_term_average": 191943, 
        "date": "2015-08-31", 
        "operating_revenue": 179255, 
        "short_term_average": 183517
    }, 
    {
        "accumulated_operating_revenue_yoy": -4.398384508788563, 
        "accumulated_operating_revenue": 1677816, 
        "long_term_average": 190174, 
        "date": "2015-09-30", 
        "operating_revenue": 191609, 
        "short_term_average": 183093
    }
]