[
    {
        "date": "2012-01-31", 
        "operating_revenue": 133167, 
        "accumulated_operating_revenue": 133167, 
        "long_term_average": 133167, 
        "short_term_average": 133167
    }, 
    {
        "date": "2012-02-29", 
        "operating_revenue": 142035, 
        "accumulated_operating_revenue": 275202, 
        "long_term_average": 137601, 
        "short_term_average": 137601
    }, 
    {
        "date": "2012-03-31", 
        "operating_revenue": 203056, 
        "accumulated_operating_revenue": 478258, 
        "long_term_average": 159419, 
        "short_term_average": 159419
    }, 
    {
        "date": "2012-04-30", 
        "operating_revenue": 169502, 
        "accumulated_operating_revenue": 647760, 
        "long_term_average": 161940, 
        "short_term_average": 171531
    }, 
    {
        "date": "2012-05-31", 
        "operating_revenue": 169034, 
        "accumulated_operating_revenue": 816794, 
        "long_term_average": 163358, 
        "short_term_average": 180530
    }, 
    {
        "date": "2012-06-30", 
        "operating_revenue": 169168, 
        "accumulated_operating_revenue": 985962, 
        "long_term_average": 164327, 
        "short_term_average": 169234
    }, 
    {
        "date": "2012-07-31", 
        "operating_revenue": 172182, 
        "accumulated_operating_revenue": 1158144, 
        "long_term_average": 165449, 
        "short_term_average": 170128
    }, 
    {
        "date": "2012-08-31", 
        "operating_revenue": 166915, 
        "accumulated_operating_revenue": 1325059, 
        "long_term_average": 165632, 
        "short_term_average": 169421
    }, 
    {
        "date": "2012-09-30", 
        "operating_revenue": 133514, 
        "accumulated_operating_revenue": 1458573, 
        "long_term_average": 162063, 
        "short_term_average": 157537
    }, 
    {
        "date": "2012-10-31", 
        "operating_revenue": 188067, 
        "accumulated_operating_revenue": 1646640, 
        "long_term_average": 164664, 
        "short_term_average": 162832
    }, 
    {
        "date": "2012-11-30", 
        "operating_revenue": 141842, 
        "accumulated_operating_revenue": 1788482, 
        "long_term_average": 162589, 
        "short_term_average": 154474
    }, 
    {
        "date": "2012-12-31", 
        "operating_revenue": 174976, 
        "accumulated_operating_revenue": 1963458, 
        "long_term_average": 163621, 
        "short_term_average": 168295
    }, 
    {
        "accumulated_operating_revenue_yoy": 21.684050853439665, 
        "accumulated_operating_revenue": 162043, 
        "long_term_average": 166027, 
        "date": "2013-01-31", 
        "operating_revenue": 162043, 
        "short_term_average": 159620
    }, 
    {
        "accumulated_operating_revenue_yoy": 8.143109425076853, 
        "accumulated_operating_revenue": 297612, 
        "long_term_average": 165489, 
        "date": "2013-02-28", 
        "operating_revenue": 135569, 
        "short_term_average": 157529
    }, 
    {
        "accumulated_operating_revenue_yoy": -8.955835553195138, 
        "accumulated_operating_revenue": 435426, 
        "long_term_average": 160052, 
        "date": "2013-03-31", 
        "operating_revenue": 137814, 
        "short_term_average": 145142
    }, 
    {
        "accumulated_operating_revenue_yoy": -11.20322341608003, 
        "accumulated_operating_revenue": 575190, 
        "long_term_average": 157574, 
        "date": "2013-04-30", 
        "operating_revenue": 139764, 
        "short_term_average": 137715
    }, 
    {
        "accumulated_operating_revenue_yoy": -11.63732838390096, 
        "accumulated_operating_revenue": 721741, 
        "long_term_average": 155700, 
        "date": "2013-05-31", 
        "operating_revenue": 146551, 
        "short_term_average": 141376
    }, 
    {
        "accumulated_operating_revenue_yoy": -15.888239100492715, 
        "accumulated_operating_revenue": 829310, 
        "long_term_average": 150567, 
        "date": "2013-06-30", 
        "operating_revenue": 107569, 
        "short_term_average": 131294
    }, 
    {
        "accumulated_operating_revenue_yoy": -16.930019064986737, 
        "accumulated_operating_revenue": 962070, 
        "long_term_average": 147282, 
        "date": "2013-07-31", 
        "operating_revenue": 132760, 
        "short_term_average": 128960
    }, 
    {
        "accumulated_operating_revenue_yoy": -18.054818691092244, 
        "accumulated_operating_revenue": 1085822, 
        "long_term_average": 143685, 
        "date": "2013-08-31", 
        "operating_revenue": 123752, 
        "short_term_average": 121360
    }, 
    {
        "accumulated_operating_revenue_yoy": -15.865026981851441, 
        "accumulated_operating_revenue": 1227170, 
        "long_term_average": 144337, 
        "date": "2013-09-30", 
        "operating_revenue": 141348, 
        "short_term_average": 132620
    }, 
    {
        "accumulated_operating_revenue_yoy": -15.688128552689113, 
        "accumulated_operating_revenue": 1388313, 
        "long_term_average": 142094, 
        "date": "2013-10-31", 
        "operating_revenue": 161143, 
        "short_term_average": 142081
    }, 
    {
        "accumulated_operating_revenue_yoy": -13.698600265476532, 
        "accumulated_operating_revenue": 1543485, 
        "long_term_average": 143205, 
        "date": "2013-11-30", 
        "operating_revenue": 155172, 
        "short_term_average": 152554
    }, 
    {
        "accumulated_operating_revenue_yoy": -13.407518775548038, 
        "accumulated_operating_revenue": 1700207, 
        "long_term_average": 141683, 
        "date": "2013-12-31", 
        "operating_revenue": 156722, 
        "short_term_average": 157679
    }, 
    {
        "accumulated_operating_revenue_yoy": -13.269317403405271, 
        "accumulated_operating_revenue": 140541, 
        "long_term_average": 139892, 
        "date": "2014-01-31", 
        "operating_revenue": 140541, 
        "short_term_average": 150811
    }, 
    {
        "accumulated_operating_revenue_yoy": -21.343225407577652, 
        "accumulated_operating_revenue": 234092, 
        "long_term_average": 136390, 
        "date": "2014-02-28", 
        "operating_revenue": 93551, 
        "short_term_average": 130271
    }, 
    {
        "accumulated_operating_revenue_yoy": -15.402387546908086, 
        "accumulated_operating_revenue": 368360, 
        "long_term_average": 136095, 
        "date": "2014-03-31", 
        "operating_revenue": 134268, 
        "short_term_average": 122786
    }, 
    {
        "accumulated_operating_revenue_yoy": -13.625758445035554, 
        "accumulated_operating_revenue": 496816, 
        "long_term_average": 135152, 
        "date": "2014-04-30", 
        "operating_revenue": 128456, 
        "short_term_average": 118758
    }, 
    {
        "accumulated_operating_revenue_yoy": -11.98393883678494, 
        "accumulated_operating_revenue": 635248, 
        "long_term_average": 134476, 
        "date": "2014-05-31", 
        "operating_revenue": 138432, 
        "short_term_average": 133718
    }, 
    {
        "accumulated_operating_revenue_yoy": -9.377072506059255, 
        "accumulated_operating_revenue": 751545, 
        "long_term_average": 135203, 
        "date": "2014-06-30", 
        "operating_revenue": 116297, 
        "short_term_average": 127728
    }, 
    {
        "accumulated_operating_revenue_yoy": -7.585830552870373, 
        "accumulated_operating_revenue": 889089, 
        "long_term_average": 135602, 
        "date": "2014-07-31", 
        "operating_revenue": 137544, 
        "short_term_average": 130757
    }, 
    {
        "accumulated_operating_revenue_yoy": -7.335824840535557, 
        "accumulated_operating_revenue": 1006168, 
        "long_term_average": 135046, 
        "date": "2014-08-31", 
        "operating_revenue": 117079, 
        "short_term_average": 123640
    }, 
    {
        "accumulated_operating_revenue_yoy": -3.458852481726248, 
        "accumulated_operating_revenue": 1184724, 
        "long_term_average": 138146, 
        "date": "2014-09-30", 
        "operating_revenue": 178556, 
        "short_term_average": 144393
    }, 
    {
        "accumulated_operating_revenue_yoy": -0.22091560044456832, 
        "accumulated_operating_revenue": 1385246, 
        "long_term_average": 141428, 
        "date": "2014-10-31", 
        "operating_revenue": 200522, 
        "short_term_average": 165385
    }, 
    {
        "accumulated_operating_revenue_yoy": -0.021639342138083623, 
        "accumulated_operating_revenue": 1543151, 
        "long_term_average": 141656, 
        "date": "2014-11-30", 
        "operating_revenue": 157905, 
        "short_term_average": 178994
    }, 
    {
        "accumulated_operating_revenue_yoy": 1.1653875086974705, 
        "accumulated_operating_revenue": 1720021, 
        "long_term_average": 143335, 
        "date": "2014-12-31", 
        "operating_revenue": 176870, 
        "short_term_average": 178432
    }, 
    {
        "accumulated_operating_revenue_yoy": 7.628378907222803, 
        "accumulated_operating_revenue": 151262, 
        "long_term_average": 144228, 
        "date": "2015-01-31", 
        "operating_revenue": 151262, 
        "short_term_average": 162012
    }, 
    {
        "accumulated_operating_revenue_yoy": 12.329767783606444, 
        "accumulated_operating_revenue": 262955, 
        "long_term_average": 145740, 
        "date": "2015-02-28", 
        "operating_revenue": 111693, 
        "short_term_average": 146608
    }, 
    {
        "accumulated_operating_revenue_yoy": 6.5604300141166245, 
        "accumulated_operating_revenue": 392526, 
        "long_term_average": 145348, 
        "date": "2015-03-31", 
        "operating_revenue": 129571, 
        "short_term_average": 130842
    }, 
    {
        "accumulated_operating_revenue_yoy": 7.666621042800554, 
        "accumulated_operating_revenue": 534905, 
        "long_term_average": 146509, 
        "date": "2015-04-30", 
        "operating_revenue": 142379, 
        "short_term_average": 127881
    }, 
    {
        "accumulated_operating_revenue_yoy": 3.8103228975140415, 
        "accumulated_operating_revenue": 659453, 
        "long_term_average": 145352, 
        "date": "2015-05-31", 
        "operating_revenue": 124548, 
        "short_term_average": 132166
    }, 
    {
        "accumulated_operating_revenue_yoy": 6.475327492033078, 
        "accumulated_operating_revenue": 800210, 
        "long_term_average": 147390, 
        "date": "2015-06-30", 
        "operating_revenue": 140757, 
        "short_term_average": 135894
    }, 
    {
        "accumulated_operating_revenue_yoy": 6.285534968940118, 
        "accumulated_operating_revenue": 944973, 
        "long_term_average": 147992, 
        "date": "2015-07-31", 
        "operating_revenue": 144763, 
        "short_term_average": 136689
    }, 
    {
        "accumulated_operating_revenue_yoy": 6.830370276136788, 
        "accumulated_operating_revenue": 1074893, 
        "long_term_average": 149062, 
        "date": "2015-08-31", 
        "operating_revenue": 129920, 
        "short_term_average": 138480
    }
]