[
    {
        "date": "2012-01-31", 
        "operating_revenue": 15892, 
        "accumulated_operating_revenue": 15892, 
        "long_term_average": 15892, 
        "short_term_average": 15892
    }, 
    {
        "date": "2012-02-29", 
        "operating_revenue": 8017, 
        "accumulated_operating_revenue": 23909, 
        "long_term_average": 11954, 
        "short_term_average": 11954
    }, 
    {
        "date": "2012-03-31", 
        "operating_revenue": 13891, 
        "accumulated_operating_revenue": 37800, 
        "long_term_average": 12600, 
        "short_term_average": 12600
    }, 
    {
        "date": "2012-04-30", 
        "operating_revenue": 9103, 
        "accumulated_operating_revenue": 46903, 
        "long_term_average": 11725, 
        "short_term_average": 10337
    }, 
    {
        "date": "2012-05-31", 
        "operating_revenue": 17153, 
        "accumulated_operating_revenue": 64056, 
        "long_term_average": 12811, 
        "short_term_average": 13382
    }, 
    {
        "date": "2012-06-30", 
        "operating_revenue": 25672, 
        "accumulated_operating_revenue": 89728, 
        "long_term_average": 14954, 
        "short_term_average": 17309
    }, 
    {
        "date": "2012-07-31", 
        "operating_revenue": 30780, 
        "accumulated_operating_revenue": 120508, 
        "long_term_average": 17215, 
        "short_term_average": 24535
    }, 
    {
        "date": "2012-08-31", 
        "operating_revenue": 24355, 
        "accumulated_operating_revenue": 144863, 
        "long_term_average": 18107, 
        "short_term_average": 26935
    }, 
    {
        "date": "2012-09-30", 
        "operating_revenue": 21664, 
        "accumulated_operating_revenue": 166527, 
        "long_term_average": 18503, 
        "short_term_average": 25599
    }, 
    {
        "date": "2012-10-31", 
        "operating_revenue": 20674, 
        "accumulated_operating_revenue": 187201, 
        "long_term_average": 18720, 
        "short_term_average": 22231
    }, 
    {
        "date": "2012-11-30", 
        "operating_revenue": 14494, 
        "accumulated_operating_revenue": 201695, 
        "long_term_average": 18335, 
        "short_term_average": 18944
    }, 
    {
        "date": "2012-12-31", 
        "operating_revenue": 28806, 
        "accumulated_operating_revenue": 230501, 
        "long_term_average": 19208, 
        "short_term_average": 21324
    }, 
    {
        "accumulated_operating_revenue_yoy": -16.190536118801912, 
        "accumulated_operating_revenue": 13319, 
        "long_term_average": 18994, 
        "date": "2013-01-31", 
        "operating_revenue": 13319, 
        "short_term_average": 18873
    }, 
    {
        "accumulated_operating_revenue_yoy": -2.931950311598143, 
        "accumulated_operating_revenue": 23208, 
        "long_term_average": 19150, 
        "date": "2013-02-28", 
        "operating_revenue": 9889, 
        "short_term_average": 17338
    }, 
    {
        "accumulated_operating_revenue_yoy": 24.632275132275133, 
        "accumulated_operating_revenue": 47111, 
        "long_term_average": 19984, 
        "date": "2013-03-31", 
        "operating_revenue": 23903, 
        "short_term_average": 15703
    }, 
    {
        "accumulated_operating_revenue_yoy": 3.298296484233418, 
        "accumulated_operating_revenue": 48450, 
        "long_term_average": 19337, 
        "date": "2013-04-30", 
        "operating_revenue": 1339, 
        "short_term_average": 11710
    }, 
    {
        "accumulated_operating_revenue_yoy": -7.732296740352192, 
        "accumulated_operating_revenue": 59103, 
        "long_term_average": 18795, 
        "date": "2013-05-31", 
        "operating_revenue": 10653, 
        "short_term_average": 11965
    }, 
    {
        "accumulated_operating_revenue_yoy": -21.09597895863053, 
        "accumulated_operating_revenue": 70799, 
        "long_term_average": 17631, 
        "date": "2013-06-30", 
        "operating_revenue": 11696, 
        "short_term_average": 7896
    }, 
    {
        "accumulated_operating_revenue_yoy": -35.92624556046072, 
        "accumulated_operating_revenue": 77214, 
        "long_term_average": 15600, 
        "date": "2013-07-31", 
        "operating_revenue": 6415, 
        "short_term_average": 9588
    }, 
    {
        "accumulated_operating_revenue_yoy": -40.340183483705296, 
        "accumulated_operating_revenue": 86425, 
        "long_term_average": 14338, 
        "date": "2013-08-31", 
        "operating_revenue": 9211, 
        "short_term_average": 9107
    }, 
    {
        "accumulated_operating_revenue_yoy": -38.96605355287731, 
        "accumulated_operating_revenue": 101638, 
        "long_term_average": 13801, 
        "date": "2013-09-30", 
        "operating_revenue": 15213, 
        "short_term_average": 10279
    }, 
    {
        "accumulated_operating_revenue_yoy": -37.77757597448731, 
        "accumulated_operating_revenue": 116481, 
        "long_term_average": 13315, 
        "date": "2013-10-31", 
        "operating_revenue": 14843, 
        "short_term_average": 13089
    }, 
    {
        "accumulated_operating_revenue_yoy": -37.229975953791616, 
        "accumulated_operating_revenue": 126604, 
        "long_term_average": 12950, 
        "date": "2013-11-30", 
        "operating_revenue": 10123, 
        "short_term_average": 13393
    }, 
    {
        "accumulated_operating_revenue_yoy": -39.680521993396994, 
        "accumulated_operating_revenue": 139037, 
        "long_term_average": 11586, 
        "date": "2013-12-31", 
        "operating_revenue": 12433, 
        "short_term_average": 12466
    }, 
    {
        "accumulated_operating_revenue_yoy": -45.085967414971094, 
        "accumulated_operating_revenue": 7314, 
        "long_term_average": 11086, 
        "date": "2014-01-31", 
        "operating_revenue": 7314, 
        "short_term_average": 9956
    }, 
    {
        "accumulated_operating_revenue_yoy": -21.005687693898658, 
        "accumulated_operating_revenue": 18333, 
        "long_term_average": 11180, 
        "date": "2014-02-28", 
        "operating_revenue": 11019, 
        "short_term_average": 10255
    }, 
    {
        "accumulated_operating_revenue_yoy": -27.863980811275496, 
        "accumulated_operating_revenue": 33984, 
        "long_term_average": 10492, 
        "date": "2014-03-31", 
        "operating_revenue": 15651, 
        "short_term_average": 11328
    }, 
    {
        "accumulated_operating_revenue_yoy": -10.590299277605778, 
        "accumulated_operating_revenue": 43319, 
        "long_term_average": 11158, 
        "date": "2014-04-30", 
        "operating_revenue": 9335, 
        "short_term_average": 12001
    }, 
    {
        "accumulated_operating_revenue_yoy": -10.904691809214423, 
        "accumulated_operating_revenue": 52658, 
        "long_term_average": 11049, 
        "date": "2014-05-31", 
        "operating_revenue": 9339, 
        "short_term_average": 11441
    }, 
    {
        "accumulated_operating_revenue_yoy": -12.4676902216133, 
        "accumulated_operating_revenue": 61972, 
        "long_term_average": 10850, 
        "date": "2014-06-30", 
        "operating_revenue": 9314, 
        "short_term_average": 9329
    }, 
    {
        "accumulated_operating_revenue_yoy": -12.430388271556971, 
        "accumulated_operating_revenue": 67616, 
        "long_term_average": 10786, 
        "date": "2014-07-31", 
        "operating_revenue": 5644, 
        "short_term_average": 8099
    }, 
    {
        "accumulated_operating_revenue_yoy": -11.81024009256581, 
        "accumulated_operating_revenue": 76218, 
        "long_term_average": 10735, 
        "date": "2014-08-31", 
        "operating_revenue": 8602, 
        "short_term_average": 7853
    }, 
    {
        "accumulated_operating_revenue_yoy": -21.90224128770735, 
        "accumulated_operating_revenue": 79377, 
        "long_term_average": 9731, 
        "date": "2014-09-30", 
        "operating_revenue": 3159, 
        "short_term_average": 5801
    }, 
    {
        "accumulated_operating_revenue_yoy": -22.373605995827646, 
        "accumulated_operating_revenue": 90420, 
        "long_term_average": 9414, 
        "date": "2014-10-31", 
        "operating_revenue": 11043, 
        "short_term_average": 7601
    }, 
    {
        "accumulated_operating_revenue_yoy": -23.707781744652618, 
        "accumulated_operating_revenue": 96589, 
        "long_term_average": 9085, 
        "date": "2014-11-30", 
        "operating_revenue": 6169, 
        "short_term_average": 6790
    }, 
    {
        "accumulated_operating_revenue_yoy": -21.651071297568272, 
        "accumulated_operating_revenue": 108934, 
        "long_term_average": 9077, 
        "date": "2014-12-31", 
        "operating_revenue": 12345, 
        "short_term_average": 9852
    }, 
    {
        "accumulated_operating_revenue_yoy": 33.85288487831556, 
        "accumulated_operating_revenue": 9790, 
        "long_term_average": 9284, 
        "date": "2015-01-31", 
        "operating_revenue": 9790, 
        "short_term_average": 9434
    }, 
    {
        "accumulated_operating_revenue_yoy": 3.3491518027600504, 
        "accumulated_operating_revenue": 18947, 
        "long_term_average": 9129, 
        "date": "2015-02-28", 
        "operating_revenue": 9157, 
        "short_term_average": 10430
    }, 
    {
        "accumulated_operating_revenue_yoy": -13.156191148775894, 
        "accumulated_operating_revenue": 29513, 
        "long_term_average": 8705, 
        "date": "2015-03-31", 
        "operating_revenue": 10566, 
        "short_term_average": 9837
    }, 
    {
        "accumulated_operating_revenue_yoy": -6.863039313003531, 
        "accumulated_operating_revenue": 40346, 
        "long_term_average": 8830, 
        "date": "2015-04-30", 
        "operating_revenue": 10833, 
        "short_term_average": 10185
    }, 
    {
        "accumulated_operating_revenue_yoy": -7.9057313228759165, 
        "accumulated_operating_revenue": 48495, 
        "long_term_average": 8730, 
        "date": "2015-05-31", 
        "operating_revenue": 8149, 
        "short_term_average": 9849
    }, 
    {
        "accumulated_operating_revenue_yoy": -10.567675724520752, 
        "accumulated_operating_revenue": 55423, 
        "long_term_average": 8532, 
        "date": "2015-06-30", 
        "operating_revenue": 6928, 
        "short_term_average": 8636
    }, 
    {
        "accumulated_operating_revenue_yoy": -6.2322527212494085, 
        "accumulated_operating_revenue": 63402, 
        "long_term_average": 8726, 
        "date": "2015-07-31", 
        "operating_revenue": 7979, 
        "short_term_average": 7685
    }, 
    {
        "accumulated_operating_revenue_yoy": -2.439056390878795, 
        "accumulated_operating_revenue": 74359, 
        "long_term_average": 8922, 
        "date": "2015-08-31", 
        "operating_revenue": 10957, 
        "short_term_average": 8621
    }, 
    {
        "accumulated_operating_revenue_yoy": 12.440631417161143, 
        "accumulated_operating_revenue": 89252, 
        "long_term_average": 9900, 
        "date": "2015-09-30", 
        "operating_revenue": 14893, 
        "short_term_average": 11276
    }, 
    {
        "accumulated_operating_revenue_yoy": 12.931873479318734, 
        "accumulated_operating_revenue": 102113, 
        "long_term_average": 10052, 
        "date": "2015-10-31", 
        "operating_revenue": 12861, 
        "short_term_average": 12903
    }
]