[
    {
        "date": "2011-09-30", 
        "operating_revenue": 189697, 
        "accumulated_operating_revenue": 189697, 
        "long_term_average": 189697, 
        "short_term_average": 189697
    }, 
    {
        "date": "2011-10-31", 
        "operating_revenue": 181615, 
        "accumulated_operating_revenue": 371312, 
        "long_term_average": 185656, 
        "short_term_average": 185656
    }, 
    {
        "date": "2011-11-30", 
        "operating_revenue": 180046, 
        "accumulated_operating_revenue": 551358, 
        "long_term_average": 183786, 
        "short_term_average": 183786
    }, 
    {
        "date": "2011-12-31", 
        "operating_revenue": 190475, 
        "accumulated_operating_revenue": 741833, 
        "long_term_average": 185458, 
        "short_term_average": 184045
    }, 
    {
        "date": "2012-01-31", 
        "operating_revenue": 192595, 
        "accumulated_operating_revenue": 192595, 
        "long_term_average": 186885, 
        "short_term_average": 187705
    }, 
    {
        "date": "2012-02-29", 
        "operating_revenue": 224273, 
        "accumulated_operating_revenue": 416868, 
        "long_term_average": 193116, 
        "short_term_average": 202447
    }, 
    {
        "date": "2012-03-31", 
        "operating_revenue": 270334, 
        "accumulated_operating_revenue": 687202, 
        "long_term_average": 204147, 
        "short_term_average": 229067
    }, 
    {
        "date": "2012-04-30", 
        "operating_revenue": 266475, 
        "accumulated_operating_revenue": 953677, 
        "long_term_average": 211938, 
        "short_term_average": 253694
    }, 
    {
        "date": "2012-05-31", 
        "operating_revenue": 242161, 
        "accumulated_operating_revenue": 1195838, 
        "long_term_average": 215296, 
        "short_term_average": 259656
    }, 
    {
        "date": "2012-06-30", 
        "operating_revenue": 234797, 
        "accumulated_operating_revenue": 1430635, 
        "long_term_average": 217246, 
        "short_term_average": 247811
    }, 
    {
        "date": "2012-07-31", 
        "operating_revenue": 273256, 
        "accumulated_operating_revenue": 1703891, 
        "long_term_average": 222338, 
        "short_term_average": 250071
    }, 
    {
        "date": "2012-08-31", 
        "operating_revenue": 256222, 
        "accumulated_operating_revenue": 1960113, 
        "long_term_average": 225162, 
        "short_term_average": 254758
    }, 
    {
        "accumulated_operating_revenue_yoy": 1076.0391571822433, 
        "accumulated_operating_revenue": 2230911, 
        "long_term_average": 231920, 
        "date": "2012-09-30", 
        "operating_revenue": 270798, 
        "short_term_average": 266758
    }, 
    {
        "accumulated_operating_revenue_yoy": 567.3123949670357, 
        "accumulated_operating_revenue": 2477811, 
        "long_term_average": 237361, 
        "date": "2012-10-31", 
        "operating_revenue": 246900, 
        "short_term_average": 257973
    }, 
    {
        "accumulated_operating_revenue_yoy": 386.76758113603137, 
        "accumulated_operating_revenue": 2683832, 
        "long_term_average": 239525, 
        "date": "2012-11-30", 
        "operating_revenue": 206021, 
        "short_term_average": 241239
    }, 
    {
        "accumulated_operating_revenue_yoy": 288.32284355104184, 
        "accumulated_operating_revenue": 2880707, 
        "long_term_average": 240058, 
        "date": "2012-12-31", 
        "operating_revenue": 196875, 
        "short_term_average": 216598
    }, 
    {
        "accumulated_operating_revenue_yoy": -0.8717775643189075, 
        "accumulated_operating_revenue": 190916, 
        "long_term_average": 239919, 
        "date": "2013-01-31", 
        "operating_revenue": 190916, 
        "short_term_average": 197937
    }, 
    {
        "accumulated_operating_revenue_yoy": -12.657244019689687, 
        "accumulated_operating_revenue": 364104, 
        "long_term_average": 235661, 
        "date": "2013-02-28", 
        "operating_revenue": 173188, 
        "short_term_average": 186993
    }, 
    {
        "accumulated_operating_revenue_yoy": -18.85660984688636, 
        "accumulated_operating_revenue": 557619, 
        "long_term_average": 229260, 
        "date": "2013-03-31", 
        "operating_revenue": 193515, 
        "short_term_average": 185873
    }, 
    {
        "accumulated_operating_revenue_yoy": -18.965645601183628, 
        "accumulated_operating_revenue": 772806, 
        "long_term_average": 224986, 
        "date": "2013-04-30", 
        "operating_revenue": 215187, 
        "short_term_average": 193963
    }, 
    {
        "accumulated_operating_revenue_yoy": -12.605971711887396, 
        "accumulated_operating_revenue": 1045091, 
        "long_term_average": 227496, 
        "date": "2013-05-31", 
        "operating_revenue": 272285, 
        "short_term_average": 226995
    }, 
    {
        "accumulated_operating_revenue_yoy": -5.4427579361612155, 
        "accumulated_operating_revenue": 1352769, 
        "long_term_average": 233570, 
        "date": "2013-06-30", 
        "operating_revenue": 307678, 
        "short_term_average": 265050
    }, 
    {
        "accumulated_operating_revenue_yoy": -0.8121998414217811, 
        "accumulated_operating_revenue": 1690052, 
        "long_term_average": 238905, 
        "date": "2013-07-31", 
        "operating_revenue": 337283, 
        "short_term_average": 305748
    }, 
    {
        "accumulated_operating_revenue_yoy": 3.3971510826161553, 
        "accumulated_operating_revenue": 2026701, 
        "long_term_average": 245607, 
        "date": "2013-08-31", 
        "operating_revenue": 336649, 
        "short_term_average": 327203
    }, 
    {
        "accumulated_operating_revenue_yoy": 4.276862680761357, 
        "accumulated_operating_revenue": 2326324, 
        "long_term_average": 248010, 
        "date": "2013-09-30", 
        "operating_revenue": 299623, 
        "short_term_average": 324518
    }, 
    {
        "accumulated_operating_revenue_yoy": 6.5404100635601345, 
        "accumulated_operating_revenue": 2639870, 
        "long_term_average": 253563, 
        "date": "2013-10-31", 
        "operating_revenue": 313546, 
        "short_term_average": 316606
    }, 
    {
        "accumulated_operating_revenue_yoy": 9.67568014689444, 
        "accumulated_operating_revenue": 2943511, 
        "long_term_average": 261698, 
        "date": "2013-11-30", 
        "operating_revenue": 303641, 
        "short_term_average": 305603
    }, 
    {
        "accumulated_operating_revenue_yoy": 14.093866540401368, 
        "accumulated_operating_revenue": 3286710, 
        "long_term_average": 273892, 
        "date": "2013-12-31", 
        "operating_revenue": 343199, 
        "short_term_average": 320128
    }, 
    {
        "accumulated_operating_revenue_yoy": 74.08598545957385, 
        "accumulated_operating_revenue": 332358, 
        "long_term_average": 285679, 
        "date": "2014-01-31", 
        "operating_revenue": 332358, 
        "short_term_average": 326399
    }, 
    {
        "accumulated_operating_revenue_yoy": 73.13981719508712, 
        "accumulated_operating_revenue": 630409, 
        "long_term_average": 296084, 
        "date": "2014-02-28", 
        "operating_revenue": 298051, 
        "short_term_average": 324536
    }, 
    {
        "accumulated_operating_revenue_yoy": 70.78883610493904, 
        "accumulated_operating_revenue": 952351, 
        "long_term_average": 306786, 
        "date": "2014-03-31", 
        "operating_revenue": 321942, 
        "short_term_average": 317450
    }, 
    {
        "accumulated_operating_revenue_yoy": 66.63392882560436, 
        "accumulated_operating_revenue": 1287757, 
        "long_term_average": 316805, 
        "date": "2014-04-30", 
        "operating_revenue": 335406, 
        "short_term_average": 318466
    }, 
    {
        "accumulated_operating_revenue_yoy": 49.716723232713704, 
        "accumulated_operating_revenue": 1564676, 
        "long_term_average": 317191, 
        "date": "2014-05-31", 
        "operating_revenue": 276919, 
        "short_term_average": 311422
    }, 
    {
        "accumulated_operating_revenue_yoy": 32.52683939386547, 
        "accumulated_operating_revenue": 1792782, 
        "long_term_average": 310560, 
        "date": "2014-06-30", 
        "operating_revenue": 228106, 
        "short_term_average": 280143
    }, 
    {
        "accumulated_operating_revenue_yoy": 22.95266654517139, 
        "accumulated_operating_revenue": 2077964, 
        "long_term_average": 306218, 
        "date": "2014-07-31", 
        "operating_revenue": 285182, 
        "short_term_average": 263402
    }, 
    {
        "accumulated_operating_revenue_yoy": 15.604127101136282, 
        "accumulated_operating_revenue": 2342950, 
        "long_term_average": 300246, 
        "date": "2014-08-31", 
        "operating_revenue": 264986, 
        "short_term_average": 259424
    }, 
    {
        "accumulated_operating_revenue_yoy": 13.486814390428847, 
        "accumulated_operating_revenue": 2640071, 
        "long_term_average": 300038, 
        "date": "2014-09-30", 
        "operating_revenue": 297121, 
        "short_term_average": 282429
    }, 
    {
        "accumulated_operating_revenue_yoy": 13.455094379647484, 
        "accumulated_operating_revenue": 2995067, 
        "long_term_average": 303492, 
        "date": "2014-10-31", 
        "operating_revenue": 354996, 
        "short_term_average": 305701
    }, 
    {
        "accumulated_operating_revenue_yoy": 12.455125868393221, 
        "accumulated_operating_revenue": 3310129, 
        "long_term_average": 304444, 
        "date": "2014-11-30", 
        "operating_revenue": 315062, 
        "short_term_average": 322393
    }, 
    {
        "accumulated_operating_revenue_yoy": 9.24261647665903, 
        "accumulated_operating_revenue": 3590488, 
        "long_term_average": 299207, 
        "date": "2014-12-31", 
        "operating_revenue": 280359, 
        "short_term_average": 316805
    }, 
    {
        "accumulated_operating_revenue_yoy": 0.9826753079510648, 
        "accumulated_operating_revenue": 335624, 
        "long_term_average": 299479, 
        "date": "2015-01-31", 
        "operating_revenue": 335624, 
        "short_term_average": 310348
    }, 
    {
        "accumulated_operating_revenue_yoy": -5.40093812112454, 
        "accumulated_operating_revenue": 596361, 
        "long_term_average": 296370, 
        "date": "2015-02-28", 
        "operating_revenue": 260737, 
        "short_term_average": 292240
    }, 
    {
        "accumulated_operating_revenue_yoy": -8.951531525666482, 
        "accumulated_operating_revenue": 867101, 
        "long_term_average": 292103, 
        "date": "2015-03-31", 
        "operating_revenue": 270740, 
        "short_term_average": 289033
    }, 
    {
        "accumulated_operating_revenue_yoy": -9.577272730802473, 
        "accumulated_operating_revenue": 1164425, 
        "long_term_average": 288929, 
        "date": "2015-04-30", 
        "operating_revenue": 297324, 
        "short_term_average": 276267
    }, 
    {
        "accumulated_operating_revenue_yoy": -7.881823457380315, 
        "accumulated_operating_revenue": 1441351, 
        "long_term_average": 288930, 
        "date": "2015-05-31", 
        "operating_revenue": 276926, 
        "short_term_average": 281663
    }, 
    {
        "accumulated_operating_revenue_yoy": -3.162291901636674, 
        "accumulated_operating_revenue": 1736089, 
        "long_term_average": 294482, 
        "date": "2015-06-30", 
        "operating_revenue": 294738, 
        "short_term_average": 289662
    }, 
    {
        "accumulated_operating_revenue_yoy": -0.4741660586997657, 
        "accumulated_operating_revenue": 2068111, 
        "long_term_average": 298386, 
        "date": "2015-07-31", 
        "operating_revenue": 332022, 
        "short_term_average": 301228
    }, 
    {
        "accumulated_operating_revenue_yoy": 2.0823321026910517, 
        "accumulated_operating_revenue": 2391738, 
        "long_term_average": 303273, 
        "date": "2015-08-31", 
        "operating_revenue": 323627, 
        "short_term_average": 316795
    }
]