[
    {
        "date": "2011-09-30", 
        "operating_revenue": 45387532, 
        "accumulated_operating_revenue": 45387532, 
        "long_term_average": 45387532, 
        "short_term_average": 45387532
    }, 
    {
        "date": "2011-10-31", 
        "operating_revenue": 44113992, 
        "accumulated_operating_revenue": 89501524, 
        "long_term_average": 44750762, 
        "short_term_average": 44750762
    }, 
    {
        "date": "2011-11-30", 
        "operating_revenue": 30942382, 
        "accumulated_operating_revenue": 120443906, 
        "long_term_average": 40147968, 
        "short_term_average": 40147968
    }, 
    {
        "date": "2011-12-31", 
        "operating_revenue": 26362776, 
        "accumulated_operating_revenue": 146806682, 
        "long_term_average": 36701670, 
        "short_term_average": 33806383
    }, 
    {
        "date": "2012-01-31", 
        "operating_revenue": 16615310, 
        "accumulated_operating_revenue": 16615310, 
        "long_term_average": 32684398, 
        "short_term_average": 24640156
    }, 
    {
        "date": "2012-02-29", 
        "operating_revenue": 20294435, 
        "accumulated_operating_revenue": 36909745, 
        "long_term_average": 30619404, 
        "short_term_average": 21090840
    }, 
    {
        "date": "2012-03-31", 
        "operating_revenue": 30879836, 
        "accumulated_operating_revenue": 67789581, 
        "long_term_average": 30656609, 
        "short_term_average": 22596527
    }, 
    {
        "date": "2012-04-30", 
        "operating_revenue": 31031952, 
        "accumulated_operating_revenue": 98821533, 
        "long_term_average": 30703526, 
        "short_term_average": 27402074
    }, 
    {
        "date": "2012-05-31", 
        "operating_revenue": 30004481, 
        "accumulated_operating_revenue": 128826014, 
        "long_term_average": 30625855, 
        "short_term_average": 30638756
    }, 
    {
        "date": "2012-06-30", 
        "operating_revenue": 30004443, 
        "accumulated_operating_revenue": 158830457, 
        "long_term_average": 30563713, 
        "short_term_average": 30346958
    }, 
    {
        "date": "2012-07-31", 
        "operating_revenue": 25024934, 
        "accumulated_operating_revenue": 183855391, 
        "long_term_average": 30060188, 
        "short_term_average": 28344619
    }, 
    {
        "date": "2012-08-31", 
        "operating_revenue": 24019109, 
        "accumulated_operating_revenue": 207874500, 
        "long_term_average": 29556765, 
        "short_term_average": 26349495
    }, 
    {
        "accumulated_operating_revenue_yoy": 404.5599196713318, 
        "accumulated_operating_revenue": 229007295, 
        "long_term_average": 27535537, 
        "date": "2012-09-30", 
        "operating_revenue": 21132795, 
        "short_term_average": 23392279
    }, 
    {
        "accumulated_operating_revenue_yoy": 175.10255356098742, 
        "accumulated_operating_revenue": 246220978, 
        "long_term_average": 25293844, 
        "date": "2012-10-31", 
        "operating_revenue": 17213683, 
        "short_term_average": 20788529
    }, 
    {
        "accumulated_operating_revenue_yoy": 122.05419176624844, 
        "accumulated_operating_revenue": 267450742, 
        "long_term_average": 24484459, 
        "date": "2012-11-30", 
        "operating_revenue": 21229764, 
        "short_term_average": 19858747
    }, 
    {
        "accumulated_operating_revenue_yoy": 96.8712670721623, 
        "accumulated_operating_revenue": 289020175, 
        "long_term_average": 24085014, 
        "date": "2012-12-31", 
        "operating_revenue": 21569433, 
        "short_term_average": 20004293
    }, 
    {
        "accumulated_operating_revenue_yoy": -6.494179163674948, 
        "accumulated_operating_revenue": 15536282, 
        "long_term_average": 23995095, 
        "date": "2013-01-31", 
        "operating_revenue": 15536282, 
        "short_term_average": 19445159
    }, 
    {
        "accumulated_operating_revenue_yoy": -27.103181016287163, 
        "accumulated_operating_revenue": 26906030, 
        "long_term_average": 23251371, 
        "date": "2013-02-28", 
        "operating_revenue": 11369748, 
        "short_term_average": 16158487
    }, 
    {
        "accumulated_operating_revenue_yoy": -36.8803931683838, 
        "accumulated_operating_revenue": 42788517, 
        "long_term_average": 22001592, 
        "date": "2013-03-31", 
        "operating_revenue": 15882487, 
        "short_term_average": 14262839
    }, 
    {
        "accumulated_operating_revenue_yoy": -36.87666431970854, 
        "accumulated_operating_revenue": 62379448, 
        "long_term_average": 21048174, 
        "date": "2013-04-30", 
        "operating_revenue": 19590931, 
        "short_term_average": 15614388
    }, 
    {
        "accumulated_operating_revenue_yoy": -29.067107517585693, 
        "accumulated_operating_revenue": 91380018, 
        "long_term_average": 20964514, 
        "date": "2013-05-31", 
        "operating_revenue": 29000570, 
        "short_term_average": 21491329
    }, 
    {
        "accumulated_operating_revenue_yoy": -28.568214092590566, 
        "accumulated_operating_revenue": 113455432, 
        "long_term_average": 20303762, 
        "date": "2013-06-30", 
        "operating_revenue": 22075414, 
        "short_term_average": 23555638
    }, 
    {
        "accumulated_operating_revenue_yoy": -29.736191961866375, 
        "accumulated_operating_revenue": 129183799, 
        "long_term_average": 19529048, 
        "date": "2013-07-31", 
        "operating_revenue": 15728367, 
        "short_term_average": 22268117
    }, 
    {
        "accumulated_operating_revenue_yoy": -31.520325965907315, 
        "accumulated_operating_revenue": 142351780, 
        "long_term_average": 18624787, 
        "date": "2013-08-31", 
        "operating_revenue": 13167981, 
        "short_term_average": 16990587
    }, 
    {
        "accumulated_operating_revenue_yoy": -29.913586813904768, 
        "accumulated_operating_revenue": 160502999, 
        "long_term_average": 18376323, 
        "date": "2013-09-30", 
        "operating_revenue": 18151219, 
        "short_term_average": 15682522
    }, 
    {
        "accumulated_operating_revenue_yoy": -28.723347447673607, 
        "accumulated_operating_revenue": 175498071, 
        "long_term_average": 18191439, 
        "date": "2013-10-31", 
        "operating_revenue": 14995072, 
        "short_term_average": 15438090
    }, 
    {
        "accumulated_operating_revenue_yoy": -28.59632186026988, 
        "accumulated_operating_revenue": 190969667, 
        "long_term_average": 17711591, 
        "date": "2013-11-30", 
        "operating_revenue": 15471596, 
        "short_term_average": 16205962
    }, 
    {
        "accumulated_operating_revenue_yoy": -29.623374216004123, 
        "accumulated_operating_revenue": 203402647, 
        "long_term_average": 16950220, 
        "date": "2013-12-31", 
        "operating_revenue": 12432980, 
        "short_term_average": 14299882
    }, 
    {
        "accumulated_operating_revenue_yoy": -37.75177999472461, 
        "accumulated_operating_revenue": 9671059, 
        "long_term_average": 16461452, 
        "date": "2014-01-31", 
        "operating_revenue": 9671059, 
        "short_term_average": 12525211
    }, 
    {
        "accumulated_operating_revenue_yoy": -37.20344844631482, 
        "accumulated_operating_revenue": 16896059, 
        "long_term_average": 16116056, 
        "date": "2014-02-28", 
        "operating_revenue": 7225000, 
        "short_term_average": 9776346
    }, 
    {
        "accumulated_operating_revenue_yoy": -22.594085230857615, 
        "accumulated_operating_revenue": 33120843, 
        "long_term_average": 16144581, 
        "date": "2014-03-31", 
        "operating_revenue": 16224784, 
        "short_term_average": 11040281
    }, 
    {
        "accumulated_operating_revenue_yoy": -11.5097908529104, 
        "accumulated_operating_revenue": 55199704, 
        "long_term_average": 16351908, 
        "date": "2014-04-30", 
        "operating_revenue": 22078861, 
        "short_term_average": 15176215
    }, 
    {
        "accumulated_operating_revenue_yoy": -16.54165465364649, 
        "accumulated_operating_revenue": 76264251, 
        "long_term_average": 15690573, 
        "date": "2014-05-31", 
        "operating_revenue": 21064547, 
        "short_term_average": 19789397
    }, 
    {
        "accumulated_operating_revenue_yoy": -13.462726050877846, 
        "accumulated_operating_revenue": 98181238, 
        "long_term_average": 15677371, 
        "date": "2014-06-30", 
        "operating_revenue": 21916987, 
        "short_term_average": 21686798
    }, 
    {
        "accumulated_operating_revenue_yoy": -15.789788779938267, 
        "accumulated_operating_revenue": 108785950, 
        "long_term_average": 15250399, 
        "date": "2014-07-31", 
        "operating_revenue": 10604712, 
        "short_term_average": 17862082
    }, 
    {
        "accumulated_operating_revenue_yoy": -13.364628106511912, 
        "accumulated_operating_revenue": 123326994, 
        "long_term_average": 15364821, 
        "date": "2014-08-31", 
        "operating_revenue": 14541044, 
        "short_term_average": 15687581
    }, 
    {
        "accumulated_operating_revenue_yoy": -12.746083953235043, 
        "accumulated_operating_revenue": 140045152, 
        "long_term_average": 15245400, 
        "date": "2014-09-30", 
        "operating_revenue": 16718158, 
        "short_term_average": 13954638
    }, 
    {
        "accumulated_operating_revenue_yoy": -11.226297752298372, 
        "accumulated_operating_revenue": 155796135, 
        "long_term_average": 15308392, 
        "date": "2014-10-31", 
        "operating_revenue": 15750983, 
        "short_term_average": 15670061
    }, 
    {
        "accumulated_operating_revenue_yoy": -9.553075777212303, 
        "accumulated_operating_revenue": 172726190, 
        "long_term_average": 15429930, 
        "date": "2014-11-30", 
        "operating_revenue": 16930055, 
        "short_term_average": 16466398
    }, 
    {
        "accumulated_operating_revenue_yoy": -7.616147689562762, 
        "accumulated_operating_revenue": 187911201, 
        "long_term_average": 15659266, 
        "date": "2014-12-31", 
        "operating_revenue": 15185011, 
        "short_term_average": 15955349
    }, 
    {
        "accumulated_operating_revenue_yoy": 26.926110160221338, 
        "accumulated_operating_revenue": 12275099, 
        "long_term_average": 15876270, 
        "date": "2015-01-31", 
        "operating_revenue": 12275099, 
        "short_term_average": 14796721
    }, 
    {
        "accumulated_operating_revenue_yoy": 27.256089718910193, 
        "accumulated_operating_revenue": 21501264, 
        "long_term_average": 16043033, 
        "date": "2015-02-28", 
        "operating_revenue": 9226165, 
        "short_term_average": 12228758
    }, 
    {
        "accumulated_operating_revenue_yoy": 25.372026309837587, 
        "accumulated_operating_revenue": 41524272, 
        "long_term_average": 16359552, 
        "date": "2015-03-31", 
        "operating_revenue": 20023008, 
        "short_term_average": 13841424
    }, 
    {
        "accumulated_operating_revenue_yoy": -0.24086723363589052, 
        "accumulated_operating_revenue": 55066746, 
        "long_term_average": 15648186, 
        "date": "2015-04-30", 
        "operating_revenue": 13542474, 
        "short_term_average": 14263882
    }, 
    {
        "accumulated_operating_revenue_yoy": -13.649134245086863, 
        "accumulated_operating_revenue": 65854841, 
        "long_term_average": 14791815, 
        "date": "2015-05-31", 
        "operating_revenue": 10788095, 
        "short_term_average": 14784525
    }, 
    {
        "accumulated_operating_revenue_yoy": -24.08532269678653, 
        "accumulated_operating_revenue": 74533970, 
        "long_term_average": 13688661, 
        "date": "2015-06-30", 
        "operating_revenue": 8679129, 
        "short_term_average": 11003232
    }, 
    {
        "accumulated_operating_revenue_yoy": -24.676386978281663, 
        "accumulated_operating_revenue": 81941508, 
        "long_term_average": 13422229, 
        "date": "2015-07-31", 
        "operating_revenue": 7407538, 
        "short_term_average": 8958254
    }, 
    {
        "accumulated_operating_revenue_yoy": -27.970778238542, 
        "accumulated_operating_revenue": 88831474, 
        "long_term_average": 12784640, 
        "date": "2015-08-31", 
        "operating_revenue": 6889966, 
        "short_term_average": 7658877
    }
]