[
    {
        "date": "2011-09-30", 
        "operating_revenue": 380921, 
        "accumulated_operating_revenue": 380921, 
        "long_term_average": 380921, 
        "short_term_average": 380921
    }, 
    {
        "date": "2011-10-31", 
        "operating_revenue": 366364, 
        "accumulated_operating_revenue": 747285, 
        "long_term_average": 373642, 
        "short_term_average": 373642
    }, 
    {
        "date": "2011-11-30", 
        "operating_revenue": 356337, 
        "accumulated_operating_revenue": 1103622, 
        "long_term_average": 367874, 
        "short_term_average": 367874
    }, 
    {
        "date": "2011-12-31", 
        "operating_revenue": 275401, 
        "accumulated_operating_revenue": 1379023, 
        "long_term_average": 344755, 
        "short_term_average": 332700
    }, 
    {
        "date": "2012-01-31", 
        "operating_revenue": 293956, 
        "accumulated_operating_revenue": 293956, 
        "long_term_average": 334595, 
        "short_term_average": 308564
    }, 
    {
        "date": "2012-02-29", 
        "operating_revenue": 350019, 
        "accumulated_operating_revenue": 643975, 
        "long_term_average": 337166, 
        "short_term_average": 306458
    }, 
    {
        "date": "2012-03-31", 
        "operating_revenue": 420458, 
        "accumulated_operating_revenue": 1064433, 
        "long_term_average": 349065, 
        "short_term_average": 354811
    }, 
    {
        "date": "2012-04-30", 
        "operating_revenue": 490222, 
        "accumulated_operating_revenue": 1554655, 
        "long_term_average": 366709, 
        "short_term_average": 420233
    }, 
    {
        "date": "2012-05-31", 
        "operating_revenue": 592176, 
        "accumulated_operating_revenue": 2146831, 
        "long_term_average": 391761, 
        "short_term_average": 500952
    }, 
    {
        "date": "2012-06-30", 
        "operating_revenue": 710555, 
        "accumulated_operating_revenue": 2857386, 
        "long_term_average": 423640, 
        "short_term_average": 597651
    }, 
    {
        "date": "2012-07-31", 
        "operating_revenue": 784705, 
        "accumulated_operating_revenue": 3642091, 
        "long_term_average": 456464, 
        "short_term_average": 695812
    }, 
    {
        "date": "2012-08-31", 
        "operating_revenue": 836295, 
        "accumulated_operating_revenue": 4478386, 
        "long_term_average": 488117, 
        "short_term_average": 777185
    }, 
    {
        "accumulated_operating_revenue_yoy": 1312.560347158597, 
        "accumulated_operating_revenue": 5380739, 
        "long_term_average": 531570, 
        "date": "2012-09-30", 
        "operating_revenue": 902353, 
        "short_term_average": 841117
    }, 
    {
        "accumulated_operating_revenue_yoy": 736.7301631907505, 
        "accumulated_operating_revenue": 6252759, 
        "long_term_average": 573708, 
        "date": "2012-10-31", 
        "operating_revenue": 872020, 
        "short_term_average": 870222
    }, 
    {
        "accumulated_operating_revenue_yoy": 533.2988106434993, 
        "accumulated_operating_revenue": 6989225, 
        "long_term_average": 605385, 
        "date": "2012-11-30", 
        "operating_revenue": 736466, 
        "short_term_average": 836946
    }, 
    {
        "accumulated_operating_revenue_yoy": 447.691300290133, 
        "accumulated_operating_revenue": 7552789, 
        "long_term_average": 629399, 
        "date": "2012-12-31", 
        "operating_revenue": 563564, 
        "short_term_average": 724016
    }, 
    {
        "accumulated_operating_revenue_yoy": 74.91495325831077, 
        "accumulated_operating_revenue": 514173, 
        "long_term_average": 647750, 
        "date": "2013-01-31", 
        "operating_revenue": 514173, 
        "short_term_average": 604734
    }, 
    {
        "accumulated_operating_revenue_yoy": 57.546333320392876, 
        "accumulated_operating_revenue": 1014559, 
        "long_term_average": 660281, 
        "date": "2013-02-28", 
        "operating_revenue": 500386, 
        "short_term_average": 526041
    }, 
    {
        "accumulated_operating_revenue_yoy": 61.49931465860228, 
        "accumulated_operating_revenue": 1719052, 
        "long_term_average": 683950, 
        "date": "2013-03-31", 
        "operating_revenue": 704493, 
        "short_term_average": 573017
    }, 
    {
        "accumulated_operating_revenue_yoy": 55.42644509553567, 
        "accumulated_operating_revenue": 2416345, 
        "long_term_average": 701206, 
        "date": "2013-04-30", 
        "operating_revenue": 697293, 
        "short_term_average": 634057
    }, 
    {
        "accumulated_operating_revenue_yoy": 45.52356473332088, 
        "accumulated_operating_revenue": 3124145, 
        "long_term_average": 710841, 
        "date": "2013-05-31", 
        "operating_revenue": 707800, 
        "short_term_average": 703195
    }, 
    {
        "accumulated_operating_revenue_yoy": 30.52230255205282, 
        "accumulated_operating_revenue": 3729526, 
        "long_term_average": 702077, 
        "date": "2013-06-30", 
        "operating_revenue": 605381, 
        "short_term_average": 670158
    }, 
    {
        "accumulated_operating_revenue_yoy": 19.813288575161906, 
        "accumulated_operating_revenue": 4363709, 
        "long_term_average": 689533, 
        "date": "2013-07-31", 
        "operating_revenue": 634183, 
        "short_term_average": 649121
    }, 
    {
        "accumulated_operating_revenue_yoy": 10.186326055860304, 
        "accumulated_operating_revenue": 4934569, 
        "long_term_average": 667414, 
        "date": "2013-08-31", 
        "operating_revenue": 570860, 
        "short_term_average": 603474
    }, 
    {
        "accumulated_operating_revenue_yoy": 1.5512181505179865, 
        "accumulated_operating_revenue": 5464206, 
        "long_term_average": 636354, 
        "date": "2013-09-30", 
        "operating_revenue": 529637, 
        "short_term_average": 578226
    }, 
    {
        "accumulated_operating_revenue_yoy": -3.865013828295637, 
        "accumulated_operating_revenue": 6011089, 
        "long_term_average": 609259, 
        "date": "2013-10-31", 
        "operating_revenue": 546883, 
        "short_term_average": 549126
    }, 
    {
        "accumulated_operating_revenue_yoy": -6.158980430591375, 
        "accumulated_operating_revenue": 6558760, 
        "long_term_average": 593527, 
        "date": "2013-11-30", 
        "operating_revenue": 547671, 
        "short_term_average": 541397
    }, 
    {
        "accumulated_operating_revenue_yoy": -6.9350540575143835, 
        "accumulated_operating_revenue": 7028999, 
        "long_term_average": 585749, 
        "date": "2013-12-31", 
        "operating_revenue": 470239, 
        "short_term_average": 521597
    }, 
    {
        "accumulated_operating_revenue_yoy": 8.939792637886471, 
        "accumulated_operating_revenue": 560139, 
        "long_term_average": 589580, 
        "date": "2014-01-31", 
        "operating_revenue": 560139, 
        "short_term_average": 526016
    }, 
    {
        "accumulated_operating_revenue_yoy": 14.501965878770973, 
        "accumulated_operating_revenue": 1161690, 
        "long_term_average": 598010, 
        "date": "2014-02-28", 
        "operating_revenue": 601551, 
        "short_term_average": 543976
    }, 
    {
        "accumulated_operating_revenue_yoy": 11.378422525903813, 
        "accumulated_operating_revenue": 1914653, 
        "long_term_average": 602050, 
        "date": "2014-03-31", 
        "operating_revenue": 752963, 
        "short_term_average": 638217
    }, 
    {
        "accumulated_operating_revenue_yoy": 12.364790623855452, 
        "accumulated_operating_revenue": 2715121, 
        "long_term_average": 610647, 
        "date": "2014-04-30", 
        "operating_revenue": 800468, 
        "short_term_average": 718327
    }, 
    {
        "accumulated_operating_revenue_yoy": 6.674274081388668, 
        "accumulated_operating_revenue": 3332659, 
        "long_term_average": 603126, 
        "date": "2014-05-31", 
        "operating_revenue": 617538, 
        "short_term_average": 723656
    }, 
    {
        "accumulated_operating_revenue_yoy": 6.268490955687129, 
        "accumulated_operating_revenue": 3963311, 
        "long_term_average": 605232, 
        "date": "2014-06-30", 
        "operating_revenue": 630652, 
        "short_term_average": 682886
    }, 
    {
        "accumulated_operating_revenue_yoy": 9.18739081822367, 
        "accumulated_operating_revenue": 4764620, 
        "long_term_average": 619159, 
        "date": "2014-07-31", 
        "operating_revenue": 801309, 
        "short_term_average": 683166
    }, 
    {
        "accumulated_operating_revenue_yoy": 15.001553327149747, 
        "accumulated_operating_revenue": 5674831, 
        "long_term_average": 647438, 
        "date": "2014-08-31", 
        "operating_revenue": 910211, 
        "short_term_average": 780724
    }, 
    {
        "accumulated_operating_revenue_yoy": 20.665911936702237, 
        "accumulated_operating_revenue": 6593434, 
        "long_term_average": 679852, 
        "date": "2014-09-30", 
        "operating_revenue": 918603, 
        "short_term_average": 876707
    }, 
    {
        "accumulated_operating_revenue_yoy": 24.278312964589276, 
        "accumulated_operating_revenue": 7470480, 
        "long_term_average": 707365, 
        "date": "2014-10-31", 
        "operating_revenue": 877046, 
        "short_term_average": 901953
    }, 
    {
        "accumulated_operating_revenue_yoy": 27.2796382242985, 
        "accumulated_operating_revenue": 8347966, 
        "long_term_average": 734850, 
        "date": "2014-11-30", 
        "operating_revenue": 877486, 
        "short_term_average": 891045
    }, 
    {
        "accumulated_operating_revenue_yoy": 28.214415736863813, 
        "accumulated_operating_revenue": 9012190, 
        "long_term_average": 751015, 
        "date": "2014-12-31", 
        "operating_revenue": 664224, 
        "short_term_average": 806252
    }, 
    {
        "accumulated_operating_revenue_yoy": 51.898368083636385, 
        "accumulated_operating_revenue": 850842, 
        "long_term_average": 775241, 
        "date": "2015-01-31", 
        "operating_revenue": 850842, 
        "short_term_average": 797517
    }, 
    {
        "accumulated_operating_revenue_yoy": 26.921984350386076, 
        "accumulated_operating_revenue": 1474440, 
        "long_term_average": 777078, 
        "date": "2015-02-28", 
        "operating_revenue": 623598, 
        "short_term_average": 712888
    }, 
    {
        "accumulated_operating_revenue_yoy": 22.269622746262637, 
        "accumulated_operating_revenue": 2341039, 
        "long_term_average": 786548, 
        "date": "2015-03-31", 
        "operating_revenue": 866599, 
        "short_term_average": 780346
    }, 
    {
        "accumulated_operating_revenue_yoy": 20.702429099844906, 
        "accumulated_operating_revenue": 3277217, 
        "long_term_average": 797857, 
        "date": "2015-04-30", 
        "operating_revenue": 936178, 
        "short_term_average": 808791
    }, 
    {
        "accumulated_operating_revenue_yoy": 17.909423076288334, 
        "accumulated_operating_revenue": 3929519, 
        "long_term_average": 800754, 
        "date": "2015-05-31", 
        "operating_revenue": 652302, 
        "short_term_average": 818359
    }, 
    {
        "accumulated_operating_revenue_yoy": 14.361704140805504, 
        "accumulated_operating_revenue": 4532510, 
        "long_term_average": 798449, 
        "date": "2015-06-30", 
        "operating_revenue": 602991, 
        "short_term_average": 730490
    }, 
    {
        "accumulated_operating_revenue_yoy": 5.641247360754898, 
        "accumulated_operating_revenue": 5033404, 
        "long_term_average": 773414, 
        "date": "2015-07-31", 
        "operating_revenue": 500894, 
        "short_term_average": 585395
    }, 
    {
        "accumulated_operating_revenue_yoy": -2.3149059416923605, 
        "accumulated_operating_revenue": 5543464, 
        "long_term_average": 740068, 
        "date": "2015-08-31", 
        "operating_revenue": 510060, 
        "short_term_average": 537981
    }, 
    {
        "accumulated_operating_revenue_yoy": -7.577917667788895, 
        "accumulated_operating_revenue": 6093789, 
        "long_term_average": 709378, 
        "date": "2015-09-30", 
        "operating_revenue": 550325, 
        "short_term_average": 520426
    }, 
    {
        "accumulated_operating_revenue_yoy": -10.553806448849338, 
        "accumulated_operating_revenue": 6682060, 
        "long_term_average": 685314, 
        "date": "2015-10-31", 
        "operating_revenue": 588271, 
        "short_term_average": 549552
    }
]