[
    {
        "date": "2012-01-31", 
        "operating_revenue": 568189, 
        "accumulated_operating_revenue": 568189, 
        "long_term_average": 568189, 
        "short_term_average": 568189
    }, 
    {
        "date": "2012-02-29", 
        "operating_revenue": 347470, 
        "accumulated_operating_revenue": 915659, 
        "long_term_average": 457829, 
        "short_term_average": 457829
    }, 
    {
        "date": "2012-03-31", 
        "operating_revenue": 347046, 
        "accumulated_operating_revenue": 1262705, 
        "long_term_average": 420901, 
        "short_term_average": 420901
    }, 
    {
        "date": "2012-04-30", 
        "operating_revenue": 1007555, 
        "accumulated_operating_revenue": 2270260, 
        "long_term_average": 567565, 
        "short_term_average": 567357
    }, 
    {
        "date": "2012-05-31", 
        "operating_revenue": 1348900, 
        "accumulated_operating_revenue": 3619160, 
        "long_term_average": 723832, 
        "short_term_average": 901167
    }, 
    {
        "date": "2012-06-30", 
        "operating_revenue": 332532, 
        "accumulated_operating_revenue": 3951692, 
        "long_term_average": 658615, 
        "short_term_average": 896329
    }, 
    {
        "date": "2012-07-31", 
        "operating_revenue": 97614, 
        "accumulated_operating_revenue": 4049306, 
        "long_term_average": 578472, 
        "short_term_average": 593015
    }, 
    {
        "date": "2012-08-31", 
        "operating_revenue": 1737081, 
        "accumulated_operating_revenue": 5786387, 
        "long_term_average": 723298, 
        "short_term_average": 722409
    }, 
    {
        "date": "2012-09-30", 
        "operating_revenue": 661246, 
        "accumulated_operating_revenue": 6447633, 
        "long_term_average": 716403, 
        "short_term_average": 831980
    }, 
    {
        "date": "2012-10-31", 
        "operating_revenue": 349902, 
        "accumulated_operating_revenue": 6797535, 
        "long_term_average": 679753, 
        "short_term_average": 916076
    }, 
    {
        "date": "2012-11-30", 
        "operating_revenue": 211735, 
        "accumulated_operating_revenue": 7009270, 
        "long_term_average": 637206, 
        "short_term_average": 407627
    }, 
    {
        "date": "2012-12-31", 
        "operating_revenue": 1027062, 
        "accumulated_operating_revenue": 8036332, 
        "long_term_average": 669694, 
        "short_term_average": 529566
    }, 
    {
        "accumulated_operating_revenue_yoy": -45.63833513144394, 
        "accumulated_operating_revenue": 308877, 
        "long_term_average": 648085, 
        "date": "2013-01-31", 
        "operating_revenue": 308877, 
        "short_term_average": 515891
    }, 
    {
        "accumulated_operating_revenue_yoy": -35.571211553646066, 
        "accumulated_operating_revenue": 589948, 
        "long_term_average": 642551, 
        "date": "2013-02-28", 
        "operating_revenue": 281071, 
        "short_term_average": 539003
    }, 
    {
        "accumulated_operating_revenue_yoy": 16.339604262278204, 
        "accumulated_operating_revenue": 1469026, 
        "long_term_average": 686887, 
        "date": "2013-03-31", 
        "operating_revenue": 879078, 
        "short_term_average": 489675
    }, 
    {
        "accumulated_operating_revenue_yoy": 19.123976989419713, 
        "accumulated_operating_revenue": 2704424, 
        "long_term_average": 705874, 
        "date": "2013-04-30", 
        "operating_revenue": 1235398, 
        "short_term_average": 798515
    }, 
    {
        "accumulated_operating_revenue_yoy": 11.592772908630732, 
        "accumulated_operating_revenue": 4038721, 
        "long_term_average": 704657, 
        "date": "2013-05-31", 
        "operating_revenue": 1334297, 
        "short_term_average": 1149591
    }, 
    {
        "accumulated_operating_revenue_yoy": 40.3419092378657, 
        "accumulated_operating_revenue": 5545880, 
        "long_term_average": 802543, 
        "date": "2013-06-30", 
        "operating_revenue": 1507159, 
        "short_term_average": 1358951
    }, 
    {
        "accumulated_operating_revenue_yoy": 57.94691732361051, 
        "accumulated_operating_revenue": 6395754, 
        "long_term_average": 865231, 
        "date": "2013-07-31", 
        "operating_revenue": 849874, 
        "short_term_average": 1230443
    }, 
    {
        "accumulated_operating_revenue_yoy": 17.01471056118438, 
        "accumulated_operating_revenue": 6770924, 
        "long_term_average": 751739, 
        "date": "2013-08-31", 
        "operating_revenue": 375170, 
        "short_term_average": 910734
    }, 
    {
        "accumulated_operating_revenue_yoy": 8.45611094800216, 
        "accumulated_operating_revenue": 6992852, 
        "long_term_average": 715129, 
        "date": "2013-09-30", 
        "operating_revenue": 221928, 
        "short_term_average": 482324
    }, 
    {
        "accumulated_operating_revenue_yoy": 5.620566867254086, 
        "accumulated_operating_revenue": 7179595, 
        "long_term_average": 701532, 
        "date": "2013-10-31", 
        "operating_revenue": 186743, 
        "short_term_average": 261280
    }, 
    {
        "accumulated_operating_revenue_yoy": 4.6851954625802685, 
        "accumulated_operating_revenue": 7337668, 
        "long_term_average": 697060, 
        "date": "2013-11-30", 
        "operating_revenue": 158073, 
        "short_term_average": 188914
    }, 
    {
        "accumulated_operating_revenue_yoy": 1.3013524080388914, 
        "accumulated_operating_revenue": 8140913, 
        "long_term_average": 678409, 
        "date": "2013-12-31", 
        "operating_revenue": 803245, 
        "short_term_average": 382687
    }, 
    {
        "accumulated_operating_revenue_yoy": 13.009709366511588, 
        "accumulated_operating_revenue": 349061, 
        "long_term_average": 681758, 
        "date": "2014-01-31", 
        "operating_revenue": 349061, 
        "short_term_average": 436793
    }, 
    {
        "accumulated_operating_revenue_yoy": -2.8327920426885083, 
        "accumulated_operating_revenue": 573236, 
        "long_term_average": 677016, 
        "date": "2014-02-28", 
        "operating_revenue": 224175, 
        "short_term_average": 458827
    }, 
    {
        "accumulated_operating_revenue_yoy": -28.430334112534428, 
        "accumulated_operating_revenue": 1051377, 
        "long_term_average": 643605, 
        "date": "2014-03-31", 
        "operating_revenue": 478141, 
        "short_term_average": 350459
    }, 
    {
        "accumulated_operating_revenue_yoy": -51.06399736136049, 
        "accumulated_operating_revenue": 1323437, 
        "long_term_average": 563327, 
        "date": "2014-04-30", 
        "operating_revenue": 272060, 
        "short_term_average": 324792
    }, 
    {
        "accumulated_operating_revenue_yoy": -53.04223787679317, 
        "accumulated_operating_revenue": 1896493, 
        "long_term_average": 499890, 
        "date": "2014-05-31", 
        "operating_revenue": 573056, 
        "short_term_average": 441085
    }, 
    {
        "accumulated_operating_revenue_yoy": -44.18014814601109, 
        "accumulated_operating_revenue": 3095702, 
        "long_term_average": 474227, 
        "date": "2014-06-30", 
        "operating_revenue": 1199209, 
        "short_term_average": 681441
    }, 
    {
        "accumulated_operating_revenue_yoy": -39.899705335758696, 
        "accumulated_operating_revenue": 3843867, 
        "long_term_average": 465752, 
        "date": "2014-07-31", 
        "operating_revenue": 748165, 
        "short_term_average": 840143
    }, 
    {
        "accumulated_operating_revenue_yoy": -35.51431089759684, 
        "accumulated_operating_revenue": 4366277, 
        "long_term_average": 478022, 
        "date": "2014-08-31", 
        "operating_revenue": 522410, 
        "short_term_average": 823261
    }, 
    {
        "accumulated_operating_revenue_yoy": -31.6837393383987, 
        "accumulated_operating_revenue": 4777255, 
        "long_term_average": 493776, 
        "date": "2014-09-30", 
        "operating_revenue": 410978, 
        "short_term_average": 560517
    }, 
    {
        "accumulated_operating_revenue_yoy": -28.391141840173432, 
        "accumulated_operating_revenue": 5141226, 
        "long_term_average": 508545, 
        "date": "2014-10-31", 
        "operating_revenue": 363971, 
        "short_term_average": 432453
    }, 
    {
        "accumulated_operating_revenue_yoy": 11.488854497096353, 
        "accumulated_operating_revenue": 8180682, 
        "long_term_average": 748660, 
        "date": "2014-11-30", 
        "operating_revenue": 3039456, 
        "short_term_average": 1271468
    }, 
    {
        "accumulated_operating_revenue_yoy": 21.512660803524124, 
        "accumulated_operating_revenue": 9892240, 
        "long_term_average": 824353, 
        "date": "2014-12-31", 
        "operating_revenue": 1711558, 
        "short_term_average": 1704995
    }, 
    {
        "accumulated_operating_revenue_yoy": 407.1056348317343, 
        "accumulated_operating_revenue": 1770108, 
        "long_term_average": 942773, 
        "date": "2015-01-31", 
        "operating_revenue": 1770108, 
        "short_term_average": 2173707
    }, 
    {
        "accumulated_operating_revenue_yoy": 332.98048273311514, 
        "accumulated_operating_revenue": 2482000, 
        "long_term_average": 983417, 
        "date": "2015-02-28", 
        "operating_revenue": 711892, 
        "short_term_average": 1397852
    }, 
    {
        "accumulated_operating_revenue_yoy": 271.9711388017809, 
        "accumulated_operating_revenue": 3910819, 
        "long_term_average": 1062640, 
        "date": "2015-03-31", 
        "operating_revenue": 1428819, 
        "short_term_average": 1303606
    }, 
    {
        "accumulated_operating_revenue_yoy": 261.60157226977935, 
        "accumulated_operating_revenue": 4785569, 
        "long_term_average": 1112864, 
        "date": "2015-04-30", 
        "operating_revenue": 874750, 
        "short_term_average": 1005153
    }, 
    {
        "accumulated_operating_revenue_yoy": 193.47316335994913, 
        "accumulated_operating_revenue": 5565698, 
        "long_term_average": 1130120, 
        "date": "2015-05-31", 
        "operating_revenue": 780129, 
        "short_term_average": 1027899
    }, 
    {
        "accumulated_operating_revenue_yoy": 93.02578219738204, 
        "accumulated_operating_revenue": 5975503, 
        "long_term_average": 1064336, 
        "date": "2015-06-30", 
        "operating_revenue": 409805, 
        "short_term_average": 688228
    }, 
    {
        "accumulated_operating_revenue_yoy": 63.410232456013695, 
        "accumulated_operating_revenue": 6281272, 
        "long_term_average": 1027470, 
        "date": "2015-07-31", 
        "operating_revenue": 305769, 
        "short_term_average": 498567
    }, 
    {
        "accumulated_operating_revenue_yoy": 49.245020414417134, 
        "accumulated_operating_revenue": 6516451, 
        "long_term_average": 1003534, 
        "date": "2015-08-31", 
        "operating_revenue": 235179, 
        "short_term_average": 316917
    }, 
    {
        "accumulated_operating_revenue_yoy": 39.67638319495192, 
        "accumulated_operating_revenue": 6672697, 
        "long_term_average": 982306, 
        "date": "2015-09-30", 
        "operating_revenue": 156246, 
        "short_term_average": 232398
    }
]