[
    {
        "date": "2011-09-30", 
        "operating_revenue": 2157626, 
        "accumulated_operating_revenue": 2157626, 
        "long_term_average": 2157626, 
        "short_term_average": 2157626
    }, 
    {
        "date": "2011-10-31", 
        "operating_revenue": 2267356, 
        "accumulated_operating_revenue": 4424982, 
        "long_term_average": 2212491, 
        "short_term_average": 2212491
    }, 
    {
        "date": "2011-11-30", 
        "operating_revenue": 2211193, 
        "accumulated_operating_revenue": 6636175, 
        "long_term_average": 2212058, 
        "short_term_average": 2212058
    }, 
    {
        "date": "2011-12-31", 
        "operating_revenue": 2345143, 
        "accumulated_operating_revenue": 8981318, 
        "long_term_average": 2245329, 
        "short_term_average": 2274564
    }, 
    {
        "date": "2012-01-31", 
        "operating_revenue": 1860851, 
        "accumulated_operating_revenue": 1860851, 
        "long_term_average": 2168433, 
        "short_term_average": 2139062
    }, 
    {
        "date": "2012-02-29", 
        "operating_revenue": 1557645, 
        "accumulated_operating_revenue": 3418496, 
        "long_term_average": 2066635, 
        "short_term_average": 1921213
    }, 
    {
        "date": "2012-03-31", 
        "operating_revenue": 2099464, 
        "accumulated_operating_revenue": 5517960, 
        "long_term_average": 2071325, 
        "short_term_average": 1839320
    }, 
    {
        "date": "2012-04-30", 
        "operating_revenue": 2199120, 
        "accumulated_operating_revenue": 7717080, 
        "long_term_average": 2087299, 
        "short_term_average": 1952076
    }, 
    {
        "date": "2012-05-31", 
        "operating_revenue": 2203483, 
        "accumulated_operating_revenue": 9920563, 
        "long_term_average": 2100209, 
        "short_term_average": 2167355
    }, 
    {
        "date": "2012-06-30", 
        "operating_revenue": 2054934, 
        "accumulated_operating_revenue": 11975497, 
        "long_term_average": 2095681, 
        "short_term_average": 2152512
    }, 
    {
        "date": "2012-07-31", 
        "operating_revenue": 2365264, 
        "accumulated_operating_revenue": 14340761, 
        "long_term_average": 2120189, 
        "short_term_average": 2207893
    }, 
    {
        "date": "2012-08-31", 
        "operating_revenue": 2144247, 
        "accumulated_operating_revenue": 16485008, 
        "long_term_average": 2122193, 
        "short_term_average": 2188148
    }, 
    {
        "accumulated_operating_revenue_yoy": 769.0362463188708, 
        "accumulated_operating_revenue": 18750552, 
        "long_term_average": 2131187, 
        "date": "2012-09-30", 
        "operating_revenue": 2265544, 
        "short_term_average": 2258351
    }, 
    {
        "accumulated_operating_revenue_yoy": 382.0946616280021, 
        "accumulated_operating_revenue": 21332602, 
        "long_term_average": 2157411, 
        "date": "2012-10-31", 
        "operating_revenue": 2582050, 
        "short_term_average": 2330613
    }, 
    {
        "accumulated_operating_revenue_yoy": 258.27915930487063, 
        "accumulated_operating_revenue": 23776032, 
        "long_term_average": 2176764, 
        "date": "2012-11-30", 
        "operating_revenue": 2443430, 
        "short_term_average": 2430341
    }, 
    {
        "accumulated_operating_revenue_yoy": 191.6055416365393, 
        "accumulated_operating_revenue": 26190021, 
        "long_term_average": 2182501, 
        "date": "2012-12-31", 
        "operating_revenue": 2413989, 
        "short_term_average": 2479823
    }, 
    {
        "accumulated_operating_revenue_yoy": 30.782421590981762, 
        "accumulated_operating_revenue": 2433666, 
        "long_term_average": 2230236, 
        "date": "2013-01-31", 
        "operating_revenue": 2433666, 
        "short_term_average": 2430361
    }, 
    {
        "accumulated_operating_revenue_yoy": 23.52321020706182, 
        "accumulated_operating_revenue": 4222636, 
        "long_term_average": 2249513, 
        "date": "2013-02-28", 
        "operating_revenue": 1788970, 
        "short_term_average": 2212208
    }, 
    {
        "accumulated_operating_revenue_yoy": 21.711846407005485, 
        "accumulated_operating_revenue": 6716011, 
        "long_term_average": 2282339, 
        "date": "2013-03-31", 
        "operating_revenue": 2493375, 
        "short_term_average": 2238670
    }, 
    {
        "accumulated_operating_revenue_yoy": 19.878101561730602, 
        "accumulated_operating_revenue": 9251089, 
        "long_term_average": 2310335, 
        "date": "2013-04-30", 
        "operating_revenue": 2535078, 
        "short_term_average": 2272474
    }, 
    {
        "accumulated_operating_revenue_yoy": 17.004579276397923, 
        "accumulated_operating_revenue": 11607513, 
        "long_term_average": 2323080, 
        "date": "2013-05-31", 
        "operating_revenue": 2356424, 
        "short_term_average": 2461625
    }, 
    {
        "accumulated_operating_revenue_yoy": 17.983621055560366, 
        "accumulated_operating_revenue": 14129125, 
        "long_term_average": 2361970, 
        "date": "2013-06-30", 
        "operating_revenue": 2521612, 
        "short_term_average": 2471038
    }, 
    {
        "accumulated_operating_revenue_yoy": 18.273367780133842, 
        "accumulated_operating_revenue": 16961301, 
        "long_term_average": 2400880, 
        "date": "2013-07-31", 
        "operating_revenue": 2832176, 
        "short_term_average": 2570070
    }, 
    {
        "accumulated_operating_revenue_yoy": 19.029599500346013, 
        "accumulated_operating_revenue": 19622039, 
        "long_term_average": 2443921, 
        "date": "2013-08-31", 
        "operating_revenue": 2660738, 
        "short_term_average": 2671508
    }, 
    {
        "accumulated_operating_revenue_yoy": 19.2137063484851, 
        "accumulated_operating_revenue": 22353228, 
        "long_term_average": 2482724, 
        "date": "2013-09-30", 
        "operating_revenue": 2731189, 
        "short_term_average": 2741367
    }, 
    {
        "accumulated_operating_revenue_yoy": 19.287825273260147, 
        "accumulated_operating_revenue": 25447197, 
        "long_term_average": 2525384, 
        "date": "2013-10-31", 
        "operating_revenue": 3093969, 
        "short_term_average": 2828632
    }, 
    {
        "accumulated_operating_revenue_yoy": 19.905011904425432, 
        "accumulated_operating_revenue": 28508654, 
        "long_term_average": 2576886, 
        "date": "2013-11-30", 
        "operating_revenue": 3061457, 
        "short_term_average": 2962205
    }, 
    {
        "accumulated_operating_revenue_yoy": 20.55684491432825, 
        "accumulated_operating_revenue": 31573863, 
        "long_term_average": 2631155, 
        "date": "2013-12-31", 
        "operating_revenue": 3065209, 
        "short_term_average": 3073545
    }, 
    {
        "accumulated_operating_revenue_yoy": 23.822496595670895, 
        "accumulated_operating_revenue": 3013426, 
        "long_term_average": 2679468, 
        "date": "2014-01-31", 
        "operating_revenue": 3013426, 
        "short_term_average": 3046697
    }, 
    {
        "accumulated_operating_revenue_yoy": 13.84793763895349, 
        "accumulated_operating_revenue": 4807384, 
        "long_term_average": 2679884, 
        "date": "2014-02-28", 
        "operating_revenue": 1793958, 
        "short_term_average": 2624197
    }, 
    {
        "accumulated_operating_revenue_yoy": 13.890581775402094, 
        "accumulated_operating_revenue": 7648904, 
        "long_term_average": 2708896, 
        "date": "2014-03-31", 
        "operating_revenue": 2841520, 
        "short_term_average": 2549634
    }, 
    {
        "accumulated_operating_revenue_yoy": 14.626007813782788, 
        "accumulated_operating_revenue": 10604154, 
        "long_term_average": 2743910, 
        "date": "2014-04-30", 
        "operating_revenue": 2955250, 
        "short_term_average": 2530242
    }, 
    {
        "accumulated_operating_revenue_yoy": 16.350513671619407, 
        "accumulated_operating_revenue": 13505401, 
        "long_term_average": 2789312, 
        "date": "2014-05-31", 
        "operating_revenue": 2901247, 
        "short_term_average": 2899339
    }, 
    {
        "accumulated_operating_revenue_yoy": 15.882512186706538, 
        "accumulated_operating_revenue": 16373185, 
        "long_term_average": 2818160, 
        "date": "2014-06-30", 
        "operating_revenue": 2867784, 
        "short_term_average": 2908093
    }, 
    {
        "accumulated_operating_revenue_yoy": 15.661782076740458, 
        "accumulated_operating_revenue": 19617743, 
        "long_term_average": 2852525, 
        "date": "2014-07-31", 
        "operating_revenue": 3244558, 
        "short_term_average": 3004529
    }, 
    {
        "accumulated_operating_revenue_yoy": 15.119529626864974, 
        "accumulated_operating_revenue": 22588799, 
        "long_term_average": 2878385, 
        "date": "2014-08-31", 
        "operating_revenue": 2971056, 
        "short_term_average": 3027799
    }, 
    {
        "accumulated_operating_revenue_yoy": 13.669833278665614, 
        "accumulated_operating_revenue": 25408877, 
        "long_term_average": 2885792, 
        "date": "2014-09-30", 
        "operating_revenue": 2820078, 
        "short_term_average": 3011897
    }, 
    {
        "accumulated_operating_revenue_yoy": 12.270966425103715, 
        "accumulated_operating_revenue": 28569814, 
        "long_term_average": 2891373, 
        "date": "2014-10-31", 
        "operating_revenue": 3160937, 
        "short_term_average": 2984023
    }, 
    {
        "accumulated_operating_revenue_yoy": 10.550066656952657, 
        "accumulated_operating_revenue": 31516336, 
        "long_term_average": 2881795, 
        "date": "2014-11-30", 
        "operating_revenue": 2946522, 
        "short_term_average": 2975845
    }, 
    {
        "accumulated_operating_revenue_yoy": 9.338014800406274, 
        "accumulated_operating_revenue": 34522235, 
        "long_term_average": 2876852, 
        "date": "2014-12-31", 
        "operating_revenue": 3005899, 
        "short_term_average": 3037786
    }, 
    {
        "accumulated_operating_revenue_yoy": -6.999773679526227, 
        "accumulated_operating_revenue": 2802493, 
        "long_term_average": 2859275, 
        "date": "2015-01-31", 
        "operating_revenue": 2802493, 
        "short_term_average": 2918304
    }, 
    {
        "accumulated_operating_revenue_yoy": 4.356985004734383, 
        "accumulated_operating_revenue": 5016841, 
        "long_term_average": 2894307, 
        "date": "2015-02-28", 
        "operating_revenue": 2214348, 
        "short_term_average": 2674246
    }, 
    {
        "accumulated_operating_revenue_yoy": -5.414043632917866, 
        "accumulated_operating_revenue": 7234789, 
        "long_term_average": 2842343, 
        "date": "2015-03-31", 
        "operating_revenue": 2217948, 
        "short_term_average": 2411596
    }, 
    {
        "accumulated_operating_revenue_yoy": -9.248526567984584, 
        "accumulated_operating_revenue": 9623426, 
        "long_term_average": 2795125, 
        "date": "2015-04-30", 
        "operating_revenue": 2388637, 
        "short_term_average": 2273644
    }, 
    {
        "accumulated_operating_revenue_yoy": -12.253275559903773, 
        "accumulated_operating_revenue": 11850547, 
        "long_term_average": 2738948, 
        "date": "2015-05-31", 
        "operating_revenue": 2227121, 
        "short_term_average": 2277902
    }, 
    {
        "accumulated_operating_revenue_yoy": -14.828892484876949, 
        "accumulated_operating_revenue": 13945223, 
        "long_term_average": 2674522, 
        "date": "2015-06-30", 
        "operating_revenue": 2094676, 
        "short_term_average": 2236811
    }, 
    {
        "accumulated_operating_revenue_yoy": -17.279434234610985, 
        "accumulated_operating_revenue": 16227908, 
        "long_term_average": 2594366, 
        "date": "2015-07-31", 
        "operating_revenue": 2282685, 
        "short_term_average": 2201494
    }, 
    {
        "accumulated_operating_revenue_yoy": -18.525730385223223, 
        "accumulated_operating_revenue": 18404059, 
        "long_term_average": 2528124, 
        "date": "2015-08-31", 
        "operating_revenue": 2176151, 
        "short_term_average": 2184504
    }, 
    {
        "accumulated_operating_revenue_yoy": -18.923953230990886, 
        "accumulated_operating_revenue": 20600513, 
        "long_term_average": 2476155, 
        "date": "2015-09-30", 
        "operating_revenue": 2196454, 
        "short_term_average": 2218430
    }
]