[
    {
        "date": "2011-09-30", 
        "operating_revenue": 10638, 
        "accumulated_operating_revenue": 10638, 
        "long_term_average": 10638, 
        "short_term_average": 10638
    }, 
    {
        "date": "2011-10-31", 
        "operating_revenue": 23644, 
        "accumulated_operating_revenue": 34282, 
        "long_term_average": 17141, 
        "short_term_average": 17141
    }, 
    {
        "date": "2011-11-30", 
        "operating_revenue": 940952, 
        "accumulated_operating_revenue": 975234, 
        "long_term_average": 325078, 
        "short_term_average": 325078
    }, 
    {
        "date": "2011-12-31", 
        "operating_revenue": 143604, 
        "accumulated_operating_revenue": 1118838, 
        "long_term_average": 279709, 
        "short_term_average": 369400
    }, 
    {
        "date": "2012-01-31", 
        "operating_revenue": 320, 
        "accumulated_operating_revenue": 320, 
        "long_term_average": 223831, 
        "short_term_average": 361625
    }, 
    {
        "date": "2012-02-29", 
        "operating_revenue": 302, 
        "accumulated_operating_revenue": 622, 
        "long_term_average": 186576, 
        "short_term_average": 48075
    }, 
    {
        "date": "2012-03-31", 
        "operating_revenue": 302, 
        "accumulated_operating_revenue": 924, 
        "long_term_average": 159966, 
        "short_term_average": 308
    }, 
    {
        "date": "2012-04-30", 
        "operating_revenue": 383, 
        "accumulated_operating_revenue": 1307, 
        "long_term_average": 140018, 
        "short_term_average": 329
    }, 
    {
        "date": "2012-05-31", 
        "operating_revenue": 852, 
        "accumulated_operating_revenue": 2159, 
        "long_term_average": 124555, 
        "short_term_average": 512
    }, 
    {
        "date": "2012-06-30", 
        "operating_revenue": 616, 
        "accumulated_operating_revenue": 2775, 
        "long_term_average": 112161, 
        "short_term_average": 617
    }, 
    {
        "date": "2012-07-31", 
        "operating_revenue": 533, 
        "accumulated_operating_revenue": 3308, 
        "long_term_average": 102013, 
        "short_term_average": 667
    }, 
    {
        "date": "2012-08-31", 
        "operating_revenue": 852, 
        "accumulated_operating_revenue": 4160, 
        "long_term_average": 93583, 
        "short_term_average": 667
    }, 
    {
        "accumulated_operating_revenue_yoy": -45.56307576612145, 
        "accumulated_operating_revenue": 5791, 
        "long_term_average": 92832, 
        "date": "2012-09-30", 
        "operating_revenue": 1631, 
        "short_term_average": 1005
    }, 
    {
        "accumulated_operating_revenue_yoy": -79.4615249985415, 
        "accumulated_operating_revenue": 7041, 
        "long_term_average": 90966, 
        "date": "2012-10-31", 
        "operating_revenue": 1250, 
        "short_term_average": 1244
    }, 
    {
        "accumulated_operating_revenue_yoy": -99.18891260969163, 
        "accumulated_operating_revenue": 7910, 
        "long_term_average": 12626, 
        "date": "2012-11-30", 
        "operating_revenue": 869, 
        "short_term_average": 1250
    }, 
    {
        "accumulated_operating_revenue_yoy": 56.46402785747355, 
        "accumulated_operating_revenue": 1750579, 
        "long_term_average": 145881, 
        "date": "2012-12-31", 
        "operating_revenue": 1742669, 
        "short_term_average": 581596
    }, 
    {
        "accumulated_operating_revenue_yoy": 423162.5, 
        "accumulated_operating_revenue": 1354440, 
        "long_term_average": 258724, 
        "date": "2013-01-31", 
        "operating_revenue": 1354440, 
        "short_term_average": 1032659
    }, 
    {
        "accumulated_operating_revenue_yoy": 280048.5530546624, 
        "accumulated_operating_revenue": 1742524, 
        "long_term_average": 291040, 
        "date": "2013-02-28", 
        "operating_revenue": 388084, 
        "short_term_average": 1161731
    }, 
    {
        "accumulated_operating_revenue_yoy": 230131.70995670994, 
        "accumulated_operating_revenue": 2127341, 
        "long_term_average": 323083, 
        "date": "2013-03-31", 
        "operating_revenue": 384817, 
        "short_term_average": 709113
    }, 
    {
        "accumulated_operating_revenue_yoy": 166645.29456771232, 
        "accumulated_operating_revenue": 2179361, 
        "long_term_average": 327386, 
        "date": "2013-04-30", 
        "operating_revenue": 52020, 
        "short_term_average": 274973
    }, 
    {
        "accumulated_operating_revenue_yoy": 230494.395553497, 
        "accumulated_operating_revenue": 4978533, 
        "long_term_average": 560579, 
        "date": "2013-05-31", 
        "operating_revenue": 2799172, 
        "short_term_average": 1078669
    }, 
    {
        "accumulated_operating_revenue_yoy": 179909.72972972973, 
        "accumulated_operating_revenue": 4995270, 
        "long_term_average": 561922, 
        "date": "2013-06-30", 
        "operating_revenue": 16737, 
        "short_term_average": 955976
    }, 
    {
        "accumulated_operating_revenue_yoy": 151314.3893591294, 
        "accumulated_operating_revenue": 5008788, 
        "long_term_average": 563004, 
        "date": "2013-07-31", 
        "operating_revenue": 13518, 
        "short_term_average": 943142
    }, 
    {
        "accumulated_operating_revenue_yoy": 120310.52884615386, 
        "accumulated_operating_revenue": 5009078, 
        "long_term_average": 562958, 
        "date": "2013-08-31", 
        "operating_revenue": 290, 
        "short_term_average": 10181
    }, 
    {
        "accumulated_operating_revenue_yoy": 86412.45035399758, 
        "accumulated_operating_revenue": 5009936, 
        "long_term_average": 562893, 
        "date": "2013-09-30", 
        "operating_revenue": 858, 
        "short_term_average": 4888
    }, 
    {
        "accumulated_operating_revenue_yoy": 71059.86365573072, 
        "accumulated_operating_revenue": 5010366, 
        "long_term_average": 562825, 
        "date": "2013-10-31", 
        "operating_revenue": 430, 
        "short_term_average": 526
    }, 
    {
        "accumulated_operating_revenue_yoy": 65073.792667509486, 
        "accumulated_operating_revenue": 5155247, 
        "long_term_average": 574826, 
        "date": "2013-11-30", 
        "operating_revenue": 144881, 
        "short_term_average": 48723
    }, 
    {
        "accumulated_operating_revenue_yoy": 506.47922772979683, 
        "accumulated_operating_revenue": 10616898, 
        "long_term_average": 884741, 
        "date": "2013-12-31", 
        "operating_revenue": 5461651, 
        "short_term_average": 1868987
    }, 
    {
        "accumulated_operating_revenue_yoy": -58.14321786125631, 
        "accumulated_operating_revenue": 566925, 
        "long_term_average": 819115, 
        "date": "2014-01-31", 
        "operating_revenue": 566925, 
        "short_term_average": 2057819
    }, 
    {
        "accumulated_operating_revenue_yoy": -61.63576513149891, 
        "accumulated_operating_revenue": 668506, 
        "long_term_average": 795240, 
        "date": "2014-02-28", 
        "operating_revenue": 101581, 
        "short_term_average": 2043385
    }, 
    {
        "accumulated_operating_revenue_yoy": -64.75022105059791, 
        "accumulated_operating_revenue": 749883, 
        "long_term_average": 769953, 
        "date": "2014-03-31", 
        "operating_revenue": 81377, 
        "short_term_average": 249961
    }, 
    {
        "accumulated_operating_revenue_yoy": -61.87543045874456, 
        "accumulated_operating_revenue": 830872, 
        "long_term_average": 772367, 
        "date": "2014-04-30", 
        "operating_revenue": 80989, 
        "short_term_average": 87982
    }, 
    {
        "accumulated_operating_revenue_yoy": -80.29234716331096, 
        "accumulated_operating_revenue": 981152, 
        "long_term_average": 551626, 
        "date": "2014-05-31", 
        "operating_revenue": 150280, 
        "short_term_average": 104215
    }, 
    {
        "accumulated_operating_revenue_yoy": -78.94382085452838, 
        "accumulated_operating_revenue": 1051813, 
        "long_term_average": 556120, 
        "date": "2014-06-30", 
        "operating_revenue": 70661, 
        "short_term_average": 100643
    }, 
    {
        "accumulated_operating_revenue_yoy": -77.72395238129464, 
        "accumulated_operating_revenue": 1115760, 
        "long_term_average": 560322, 
        "date": "2014-07-31", 
        "operating_revenue": 63947, 
        "short_term_average": 94962
    }, 
    {
        "accumulated_operating_revenue_yoy": -75.46909830511723, 
        "accumulated_operating_revenue": 1228772, 
        "long_term_average": 569716, 
        "date": "2014-08-31", 
        "operating_revenue": 113012, 
        "short_term_average": 82540
    }, 
    {
        "accumulated_operating_revenue_yoy": -71.19088946445623, 
        "accumulated_operating_revenue": 1443318, 
        "long_term_average": 587523, 
        "date": "2014-09-30", 
        "operating_revenue": 214546, 
        "short_term_average": 130501
    }, 
    {
        "accumulated_operating_revenue_yoy": -70.2294602829414, 
        "accumulated_operating_revenue": 1491613, 
        "long_term_average": 591512, 
        "date": "2014-10-31", 
        "operating_revenue": 48295, 
        "short_term_average": 125284
    }, 
    {
        "accumulated_operating_revenue_yoy": -70.87608023437092, 
        "accumulated_operating_revenue": 1501410, 
        "long_term_average": 580255, 
        "date": "2014-11-30", 
        "operating_revenue": 9797, 
        "short_term_average": 90879
    }, 
    {
        "accumulated_operating_revenue_yoy": -85.33777945309448, 
        "accumulated_operating_revenue": 1556673, 
        "long_term_average": 129722, 
        "date": "2014-12-31", 
        "operating_revenue": 55263, 
        "short_term_average": 37785
    }, 
    {
        "accumulated_operating_revenue_yoy": -99.91903690964413, 
        "accumulated_operating_revenue": 459, 
        "long_term_average": 82517, 
        "date": "2015-01-31", 
        "operating_revenue": 459, 
        "short_term_average": 21839
    }, 
    {
        "accumulated_operating_revenue_yoy": -99.86731607494922, 
        "accumulated_operating_revenue": 887, 
        "long_term_average": 74087, 
        "date": "2015-02-28", 
        "operating_revenue": 428, 
        "short_term_average": 18716
    }, 
    {
        "accumulated_operating_revenue_yoy": -91.48013756812729, 
        "accumulated_operating_revenue": 63889, 
        "long_term_average": 72556, 
        "date": "2015-03-31", 
        "operating_revenue": 63002, 
        "short_term_average": 21296
    }, 
    {
        "accumulated_operating_revenue_yoy": -92.26318855371225, 
        "accumulated_operating_revenue": 64283, 
        "long_term_average": 65840, 
        "date": "2015-04-30", 
        "operating_revenue": 394, 
        "short_term_average": 21274
    }, 
    {
        "accumulated_operating_revenue_yoy": 49.395710348651384, 
        "accumulated_operating_revenue": 1465799, 
        "long_term_average": 170110, 
        "date": "2015-05-31", 
        "operating_revenue": 1401516, 
        "short_term_average": 488304
    }, 
    {
        "accumulated_operating_revenue_yoy": 80.55205630658682, 
        "accumulated_operating_revenue": 1899070, 
        "long_term_average": 200327, 
        "date": "2015-06-30", 
        "operating_revenue": 433271, 
        "short_term_average": 611727
    }, 
    {
        "accumulated_operating_revenue_yoy": 88.65024736502474, 
        "accumulated_operating_revenue": 2104884, 
        "long_term_average": 212149, 
        "date": "2015-07-31", 
        "operating_revenue": 205814, 
        "short_term_average": 680200
    }, 
    {
        "accumulated_operating_revenue_yoy": 78.44962287552126, 
        "accumulated_operating_revenue": 2192739, 
        "long_term_average": 210053, 
        "date": "2015-08-31", 
        "operating_revenue": 87855, 
        "short_term_average": 242313
    }, 
    {
        "accumulated_operating_revenue_yoy": 58.726905643801295, 
        "accumulated_operating_revenue": 2290934, 
        "long_term_average": 200357, 
        "date": "2015-09-30", 
        "operating_revenue": 98195, 
        "short_term_average": 130621
    }, 
    {
        "accumulated_operating_revenue_yoy": 58.01645601104308, 
        "accumulated_operating_revenue": 2356994, 
        "long_term_average": 201837, 
        "date": "2015-10-31", 
        "operating_revenue": 66060, 
        "short_term_average": 84036
    }
]