[
    {
        "date": "2012-01-31", 
        "operating_revenue": 214318, 
        "accumulated_operating_revenue": 214318, 
        "long_term_average": 214318, 
        "short_term_average": 214318
    }, 
    {
        "date": "2012-02-29", 
        "operating_revenue": 156777, 
        "accumulated_operating_revenue": 371095, 
        "long_term_average": 185547, 
        "short_term_average": 185547
    }, 
    {
        "date": "2012-03-31", 
        "operating_revenue": 163102, 
        "accumulated_operating_revenue": 534197, 
        "long_term_average": 178065, 
        "short_term_average": 178065
    }, 
    {
        "date": "2012-04-30", 
        "operating_revenue": 256453, 
        "accumulated_operating_revenue": 790650, 
        "long_term_average": 197662, 
        "short_term_average": 192110
    }, 
    {
        "date": "2012-05-31", 
        "operating_revenue": 498614, 
        "accumulated_operating_revenue": 1289264, 
        "long_term_average": 257852, 
        "short_term_average": 306056
    }, 
    {
        "date": "2012-06-30", 
        "operating_revenue": 156802, 
        "accumulated_operating_revenue": 1446066, 
        "long_term_average": 241011, 
        "short_term_average": 303956
    }, 
    {
        "date": "2012-07-31", 
        "operating_revenue": 299057, 
        "accumulated_operating_revenue": 1745123, 
        "long_term_average": 249303, 
        "short_term_average": 318157
    }, 
    {
        "date": "2012-08-31", 
        "operating_revenue": 238078, 
        "accumulated_operating_revenue": 1983201, 
        "long_term_average": 247900, 
        "short_term_average": 231312
    }, 
    {
        "date": "2012-09-30", 
        "operating_revenue": 154009, 
        "accumulated_operating_revenue": 2137210, 
        "long_term_average": 237467, 
        "short_term_average": 230381
    }, 
    {
        "date": "2012-10-31", 
        "operating_revenue": 400183, 
        "accumulated_operating_revenue": 2537393, 
        "long_term_average": 253739, 
        "short_term_average": 264090
    }, 
    {
        "date": "2012-11-30", 
        "operating_revenue": 275588, 
        "accumulated_operating_revenue": 2812981, 
        "long_term_average": 255725, 
        "short_term_average": 276593
    }, 
    {
        "date": "2012-12-31", 
        "operating_revenue": 147349, 
        "accumulated_operating_revenue": 2960330, 
        "long_term_average": 246694, 
        "short_term_average": 274373
    }, 
    {
        "accumulated_operating_revenue_yoy": -19.678235145904686, 
        "accumulated_operating_revenue": 172144, 
        "long_term_average": 243179, 
        "date": "2013-01-31", 
        "operating_revenue": 172144, 
        "short_term_average": 198360
    }, 
    {
        "accumulated_operating_revenue_yoy": -9.56870882119134, 
        "accumulated_operating_revenue": 335586, 
        "long_term_average": 243735, 
        "date": "2013-02-28", 
        "operating_revenue": 163442, 
        "short_term_average": 160978
    }, 
    {
        "accumulated_operating_revenue_yoy": 13.942421990389315, 
        "accumulated_operating_revenue": 608677, 
        "long_term_average": 252900, 
        "date": "2013-03-31", 
        "operating_revenue": 273091, 
        "short_term_average": 202892
    }, 
    {
        "accumulated_operating_revenue_yoy": 73.85012331625877, 
        "accumulated_operating_revenue": 1374546, 
        "long_term_average": 295352, 
        "date": "2013-04-30", 
        "operating_revenue": 765869, 
        "short_term_average": 400800
    }, 
    {
        "accumulated_operating_revenue_yoy": 51.237450204147486, 
        "accumulated_operating_revenue": 1949850, 
        "long_term_average": 301743, 
        "date": "2013-05-31", 
        "operating_revenue": 575304, 
        "short_term_average": 538088
    }, 
    {
        "accumulated_operating_revenue_yoy": 47.02316491778383, 
        "accumulated_operating_revenue": 2126052, 
        "long_term_average": 303359, 
        "date": "2013-06-30", 
        "operating_revenue": 176202, 
        "short_term_average": 505791
    }, 
    {
        "accumulated_operating_revenue_yoy": 31.093510314172697, 
        "accumulated_operating_revenue": 2287743, 
        "long_term_average": 291912, 
        "date": "2013-07-31", 
        "operating_revenue": 161691, 
        "short_term_average": 304399
    }, 
    {
        "accumulated_operating_revenue_yoy": 23.835455911932275, 
        "accumulated_operating_revenue": 2455906, 
        "long_term_average": 286086, 
        "date": "2013-08-31", 
        "operating_revenue": 168163, 
        "short_term_average": 168685
    }, 
    {
        "accumulated_operating_revenue_yoy": 22.427744582890778, 
        "accumulated_operating_revenue": 2616538, 
        "long_term_average": 286638, 
        "date": "2013-09-30", 
        "operating_revenue": 160632, 
        "short_term_average": 163495
    }, 
    {
        "accumulated_operating_revenue_yoy": 16.381104543127535, 
        "accumulated_operating_revenue": 2953046, 
        "long_term_average": 281331, 
        "date": "2013-10-31", 
        "operating_revenue": 336508, 
        "short_term_average": 221767
    }, 
    {
        "accumulated_operating_revenue_yoy": 11.749528347329754, 
        "accumulated_operating_revenue": 3143493, 
        "long_term_average": 274236, 
        "date": "2013-11-30", 
        "operating_revenue": 190447, 
        "short_term_average": 229195
    }, 
    {
        "accumulated_operating_revenue_yoy": 13.259670374586616, 
        "accumulated_operating_revenue": 3352860, 
        "long_term_average": 279405, 
        "date": "2013-12-31", 
        "operating_revenue": 209367, 
        "short_term_average": 245440
    }, 
    {
        "accumulated_operating_revenue_yoy": -1.1443907426340738, 
        "accumulated_operating_revenue": 170174, 
        "long_term_average": 279240, 
        "date": "2014-01-31", 
        "operating_revenue": 170174, 
        "short_term_average": 189996
    }, 
    {
        "accumulated_operating_revenue_yoy": 2.5903941165602857, 
        "accumulated_operating_revenue": 344279, 
        "long_term_average": 280129, 
        "date": "2014-02-28", 
        "operating_revenue": 174105, 
        "short_term_average": 184548
    }, 
    {
        "accumulated_operating_revenue_yoy": -21.021165577145183, 
        "accumulated_operating_revenue": 480726, 
        "long_term_average": 268742, 
        "date": "2014-03-31", 
        "operating_revenue": 136447, 
        "short_term_average": 160242
    }, 
    {
        "accumulated_operating_revenue_yoy": -49.623584805455764, 
        "accumulated_operating_revenue": 692447, 
        "long_term_average": 222563, 
        "date": "2014-04-30", 
        "operating_revenue": 211721, 
        "short_term_average": 174091
    }, 
    {
        "accumulated_operating_revenue_yoy": -51.426366130728006, 
        "accumulated_operating_revenue": 947113, 
        "long_term_average": 195843, 
        "date": "2014-05-31", 
        "operating_revenue": 254666, 
        "short_term_average": 200944
    }, 
    {
        "accumulated_operating_revenue_yoy": -47.15350330095407, 
        "accumulated_operating_revenue": 1123544, 
        "long_term_average": 195862, 
        "date": "2014-06-30", 
        "operating_revenue": 176431, 
        "short_term_average": 214272
    }, 
    {
        "accumulated_operating_revenue_yoy": -43.71037306200915, 
        "accumulated_operating_revenue": 1287762, 
        "long_term_average": 196073, 
        "date": "2014-07-31", 
        "operating_revenue": 164218, 
        "short_term_average": 198438
    }, 
    {
        "accumulated_operating_revenue_yoy": -26.45194889380945, 
        "accumulated_operating_revenue": 1806271, 
        "long_term_average": 225268, 
        "date": "2014-08-31", 
        "operating_revenue": 518509, 
        "short_term_average": 286386
    }, 
    {
        "accumulated_operating_revenue_yoy": -1.0077820387091645, 
        "accumulated_operating_revenue": 2590169, 
        "long_term_average": 277207, 
        "date": "2014-09-30", 
        "operating_revenue": 783898, 
        "short_term_average": 488875
    }, 
    {
        "accumulated_operating_revenue_yoy": 0.9785489288009738, 
        "accumulated_operating_revenue": 2981943, 
        "long_term_average": 281813, 
        "date": "2014-10-31", 
        "operating_revenue": 391774, 
        "short_term_average": 564727
    }, 
    {
        "accumulated_operating_revenue_yoy": 15.360396857890251, 
        "accumulated_operating_revenue": 3626346, 
        "long_term_average": 319642, 
        "date": "2014-11-30", 
        "operating_revenue": 644403, 
        "short_term_average": 606691
    }, 
    {
        "accumulated_operating_revenue_yoy": 15.491431196053519, 
        "accumulated_operating_revenue": 3872266, 
        "long_term_average": 322688, 
        "date": "2014-12-31", 
        "operating_revenue": 245920, 
        "short_term_average": 427365
    }, 
    {
        "accumulated_operating_revenue_yoy": 130.28782305170003, 
        "accumulated_operating_revenue": 391890, 
        "long_term_average": 341165, 
        "date": "2015-01-31", 
        "operating_revenue": 391890, 
        "short_term_average": 427404
    }, 
    {
        "accumulated_operating_revenue_yoy": 64.40619381373828, 
        "accumulated_operating_revenue": 566016, 
        "long_term_average": 341166, 
        "date": "2015-02-28", 
        "operating_revenue": 174126, 
        "short_term_average": 270645
    }, 
    {
        "accumulated_operating_revenue_yoy": 55.40182973252955, 
        "accumulated_operating_revenue": 747057, 
        "long_term_average": 344883, 
        "date": "2015-03-31", 
        "operating_revenue": 181041, 
        "short_term_average": 249019
    }, 
    {
        "accumulated_operating_revenue_yoy": 41.581232931906705, 
        "accumulated_operating_revenue": 980375, 
        "long_term_average": 346682, 
        "date": "2015-04-30", 
        "operating_revenue": 233318, 
        "short_term_average": 196161
    }, 
    {
        "accumulated_operating_revenue_yoy": 15.212017995740739, 
        "accumulated_operating_revenue": 1091188, 
        "long_term_average": 334695, 
        "date": "2015-05-31", 
        "operating_revenue": 110813, 
        "short_term_average": 175057
    }, 
    {
        "accumulated_operating_revenue_yoy": 6.211772747662753, 
        "accumulated_operating_revenue": 1193336, 
        "long_term_average": 328504, 
        "date": "2015-06-30", 
        "operating_revenue": 102148, 
        "short_term_average": 148759
    }, 
    {
        "accumulated_operating_revenue_yoy": 4.158299437318386, 
        "accumulated_operating_revenue": 1341311, 
        "long_term_average": 327151, 
        "date": "2015-07-31", 
        "operating_revenue": 147975, 
        "short_term_average": 120312
    }, 
    {
        "accumulated_operating_revenue_yoy": -19.4654069073799, 
        "accumulated_operating_revenue": 1454673, 
        "long_term_average": 293389, 
        "date": "2015-08-31", 
        "operating_revenue": 113362, 
        "short_term_average": 121161
    }
]