[
    {
        "date": "2012-01-31", 
        "operating_revenue": 4595, 
        "accumulated_operating_revenue": 4595, 
        "long_term_average": 4595, 
        "short_term_average": 4595
    }, 
    {
        "date": "2012-02-29", 
        "operating_revenue": 4555, 
        "accumulated_operating_revenue": 9150, 
        "long_term_average": 4575, 
        "short_term_average": 4575
    }, 
    {
        "date": "2012-03-31", 
        "operating_revenue": 4631, 
        "accumulated_operating_revenue": 13781, 
        "long_term_average": 4593, 
        "short_term_average": 4593
    }, 
    {
        "date": "2012-04-30", 
        "operating_revenue": 4625, 
        "accumulated_operating_revenue": 18406, 
        "long_term_average": 4601, 
        "short_term_average": 4603
    }, 
    {
        "date": "2012-05-31", 
        "operating_revenue": 4594, 
        "accumulated_operating_revenue": 23000, 
        "long_term_average": 4600, 
        "short_term_average": 4616
    }, 
    {
        "date": "2012-06-30", 
        "operating_revenue": 945850, 
        "accumulated_operating_revenue": 968850, 
        "long_term_average": 161475, 
        "short_term_average": 318356
    }, 
    {
        "date": "2012-07-31", 
        "operating_revenue": 4565, 
        "accumulated_operating_revenue": 973415, 
        "long_term_average": 139059, 
        "short_term_average": 318336
    }, 
    {
        "date": "2012-08-31", 
        "operating_revenue": 2620020, 
        "accumulated_operating_revenue": 3593435, 
        "long_term_average": 449179, 
        "short_term_average": 1190145
    }, 
    {
        "date": "2012-09-30", 
        "operating_revenue": 4609, 
        "accumulated_operating_revenue": 3598044, 
        "long_term_average": 399782, 
        "short_term_average": 876398
    }, 
    {
        "date": "2012-10-31", 
        "operating_revenue": 9215, 
        "accumulated_operating_revenue": 3607259, 
        "long_term_average": 360725, 
        "short_term_average": 877948
    }, 
    {
        "date": "2012-11-30", 
        "operating_revenue": 31884, 
        "accumulated_operating_revenue": 3639143, 
        "long_term_average": 330831, 
        "short_term_average": 15236
    }, 
    {
        "date": "2012-12-31", 
        "operating_revenue": 50966, 
        "accumulated_operating_revenue": 3690109, 
        "long_term_average": 307509, 
        "short_term_average": 30688
    }, 
    {
        "accumulated_operating_revenue_yoy": 10.794341675734493, 
        "accumulated_operating_revenue": 5091, 
        "long_term_average": 307550, 
        "date": "2013-01-31", 
        "operating_revenue": 5091, 
        "short_term_average": 29313
    }, 
    {
        "accumulated_operating_revenue_yoy": 281.9890710382514, 
        "accumulated_operating_revenue": 34952, 
        "long_term_average": 309659, 
        "date": "2013-02-28", 
        "operating_revenue": 29861, 
        "short_term_average": 28639
    }, 
    {
        "accumulated_operating_revenue_yoy": 608.2287207024164, 
        "accumulated_operating_revenue": 97601, 
        "long_term_average": 314494, 
        "date": "2013-03-31", 
        "operating_revenue": 62649, 
        "short_term_average": 32533
    }, 
    {
        "accumulated_operating_revenue_yoy": 587.998478756927, 
        "accumulated_operating_revenue": 126633, 
        "long_term_average": 316528, 
        "date": "2013-04-30", 
        "operating_revenue": 29032, 
        "short_term_average": 40514
    }, 
    {
        "accumulated_operating_revenue_yoy": 695.5434782608695, 
        "accumulated_operating_revenue": 182975, 
        "long_term_average": 320840, 
        "date": "2013-05-31", 
        "operating_revenue": 56342, 
        "short_term_average": 49341
    }, 
    {
        "accumulated_operating_revenue_yoy": -77.96201682406976, 
        "accumulated_operating_revenue": 213515, 
        "long_term_average": 244564, 
        "date": "2013-06-30", 
        "operating_revenue": 30540, 
        "short_term_average": 38638
    }, 
    {
        "accumulated_operating_revenue_yoy": -69.97067026910413, 
        "accumulated_operating_revenue": 292310, 
        "long_term_average": 250750, 
        "date": "2013-07-31", 
        "operating_revenue": 78795, 
        "short_term_average": 55225
    }, 
    {
        "accumulated_operating_revenue_yoy": -91.04180262061232, 
        "accumulated_operating_revenue": 321907, 
        "long_term_average": 34881, 
        "date": "2013-08-31", 
        "operating_revenue": 29597, 
        "short_term_average": 46310
    }, 
    {
        "accumulated_operating_revenue_yoy": -90.98173896706099, 
        "accumulated_operating_revenue": 324481, 
        "long_term_average": 34712, 
        "date": "2013-09-30", 
        "operating_revenue": 2574, 
        "short_term_average": 36988
    }, 
    {
        "accumulated_operating_revenue_yoy": -90.90070882074173, 
        "accumulated_operating_revenue": 328235, 
        "long_term_average": 34257, 
        "date": "2013-10-31", 
        "operating_revenue": 3754, 
        "short_term_average": 11975
    }, 
    {
        "accumulated_operating_revenue_yoy": -90.90522136667892, 
        "accumulated_operating_revenue": 330972, 
        "long_term_average": 31828, 
        "date": "2013-11-30", 
        "operating_revenue": 2737, 
        "short_term_average": 3021
    }, 
    {
        "accumulated_operating_revenue_yoy": -90.29356585401678, 
        "accumulated_operating_revenue": 358178, 
        "long_term_average": 29848, 
        "date": "2013-12-31", 
        "operating_revenue": 27206, 
        "short_term_average": 11232
    }, 
    {
        "accumulated_operating_revenue_yoy": -31.369082694951878, 
        "accumulated_operating_revenue": 3494, 
        "long_term_average": 29715, 
        "date": "2014-01-31", 
        "operating_revenue": 3494, 
        "short_term_average": 11145
    }, 
    {
        "accumulated_operating_revenue_yoy": -82.93659876401924, 
        "accumulated_operating_revenue": 5964, 
        "long_term_average": 27432, 
        "date": "2014-02-28", 
        "operating_revenue": 2470, 
        "short_term_average": 11056
    }, 
    {
        "accumulated_operating_revenue_yoy": -90.18145305888258, 
        "accumulated_operating_revenue": 9583, 
        "long_term_average": 22513, 
        "date": "2014-03-31", 
        "operating_revenue": 3619, 
        "short_term_average": 3194
    }, 
    {
        "accumulated_operating_revenue_yoy": -90.45035654213358, 
        "accumulated_operating_revenue": 12093, 
        "long_term_average": 20303, 
        "date": "2014-04-30", 
        "operating_revenue": 2510, 
        "short_term_average": 2866
    }, 
    {
        "accumulated_operating_revenue_yoy": -92.03934963792868, 
        "accumulated_operating_revenue": 14566, 
        "long_term_average": 15814, 
        "date": "2014-05-31", 
        "operating_revenue": 2473, 
        "short_term_average": 2867
    }, 
    {
        "accumulated_operating_revenue_yoy": -92.02116947287075, 
        "accumulated_operating_revenue": 17036, 
        "long_term_average": 13474, 
        "date": "2014-06-30", 
        "operating_revenue": 2470, 
        "short_term_average": 2484
    }, 
    {
        "accumulated_operating_revenue_yoy": -93.32728952139851, 
        "accumulated_operating_revenue": 19505, 
        "long_term_average": 7114, 
        "date": "2014-07-31", 
        "operating_revenue": 2469, 
        "short_term_average": 2470
    }, 
    {
        "accumulated_operating_revenue_yoy": -93.1045301903966, 
        "accumulated_operating_revenue": 22197, 
        "long_term_average": 4872, 
        "date": "2014-08-31", 
        "operating_revenue": 2692, 
        "short_term_average": 2543
    }, 
    {
        "accumulated_operating_revenue_yoy": -92.33329532391727, 
        "accumulated_operating_revenue": 24877, 
        "long_term_average": 4881, 
        "date": "2014-09-30", 
        "operating_revenue": 2680, 
        "short_term_average": 2613
    }, 
    {
        "accumulated_operating_revenue_yoy": -90.8882355629351, 
        "accumulated_operating_revenue": 29908, 
        "long_term_average": 4987, 
        "date": "2014-10-31", 
        "operating_revenue": 5031, 
        "short_term_average": 3467
    }, 
    {
        "accumulated_operating_revenue_yoy": -90.14810920561256, 
        "accumulated_operating_revenue": 32607, 
        "long_term_average": 4984, 
        "date": "2014-11-30", 
        "operating_revenue": 2699, 
        "short_term_average": 3470
    }, 
    {
        "accumulated_operating_revenue_yoy": -90.21268754641547, 
        "accumulated_operating_revenue": 35056, 
        "long_term_average": 2921, 
        "date": "2014-12-31", 
        "operating_revenue": 2449, 
        "short_term_average": 3393
    }, 
    {
        "accumulated_operating_revenue_yoy": -34.97424155695478, 
        "accumulated_operating_revenue": 2272, 
        "long_term_average": 2819, 
        "date": "2015-01-31", 
        "operating_revenue": 2272, 
        "short_term_average": 2473
    }, 
    {
        "accumulated_operating_revenue_yoy": -26.945003353454055, 
        "accumulated_operating_revenue": 4357, 
        "long_term_average": 2787, 
        "date": "2015-02-28", 
        "operating_revenue": 2085, 
        "short_term_average": 2268
    }, 
    {
        "accumulated_operating_revenue_yoy": 19.10675153918397, 
        "accumulated_operating_revenue": 11414, 
        "long_term_average": 3073, 
        "date": "2015-03-31", 
        "operating_revenue": 7057, 
        "short_term_average": 3804
    }, 
    {
        "accumulated_operating_revenue_yoy": 36.73199371537253, 
        "accumulated_operating_revenue": 16535, 
        "long_term_average": 3291, 
        "date": "2015-04-30", 
        "operating_revenue": 5121, 
        "short_term_average": 4754
    }, 
    {
        "accumulated_operating_revenue_yoy": 62.48798572017026, 
        "accumulated_operating_revenue": 23668, 
        "long_term_average": 3679, 
        "date": "2015-05-31", 
        "operating_revenue": 7133, 
        "short_term_average": 6437
    }, 
    {
        "accumulated_operating_revenue_yoy": 248.22141347734208, 
        "accumulated_operating_revenue": 59323, 
        "long_term_average": 6445, 
        "date": "2015-06-30", 
        "operating_revenue": 35655, 
        "short_term_average": 15969
    }, 
    {
        "accumulated_operating_revenue_yoy": 869.4180979236093, 
        "accumulated_operating_revenue": 189085, 
        "long_term_average": 17053, 
        "date": "2015-07-31", 
        "operating_revenue": 129762, 
        "short_term_average": 57516
    }, 
    {
        "accumulated_operating_revenue_yoy": 799.5404784430328, 
        "accumulated_operating_revenue": 199671, 
        "long_term_average": 17710, 
        "date": "2015-08-31", 
        "operating_revenue": 10586, 
        "short_term_average": 58667
    }
]