[
    {
        "date": "2012-01-31", 
        "operating_revenue": 929479, 
        "accumulated_operating_revenue": 929479, 
        "long_term_average": 929479, 
        "short_term_average": 929479
    }, 
    {
        "date": "2012-02-29", 
        "operating_revenue": 586177, 
        "accumulated_operating_revenue": 1515656, 
        "long_term_average": 757828, 
        "short_term_average": 757828
    }, 
    {
        "date": "2012-03-31", 
        "operating_revenue": 695326, 
        "accumulated_operating_revenue": 2210982, 
        "long_term_average": 736994, 
        "short_term_average": 736994
    }, 
    {
        "date": "2012-04-30", 
        "operating_revenue": 632549, 
        "accumulated_operating_revenue": 2843531, 
        "long_term_average": 710882, 
        "short_term_average": 638017
    }, 
    {
        "date": "2012-05-31", 
        "operating_revenue": 1059298, 
        "accumulated_operating_revenue": 3902829, 
        "long_term_average": 780565, 
        "short_term_average": 795724
    }, 
    {
        "date": "2012-06-30", 
        "operating_revenue": 1060946, 
        "accumulated_operating_revenue": 4963775, 
        "long_term_average": 827295, 
        "short_term_average": 917597
    }, 
    {
        "date": "2012-07-31", 
        "operating_revenue": 1540555, 
        "accumulated_operating_revenue": 6504330, 
        "long_term_average": 929190, 
        "short_term_average": 1220266
    }, 
    {
        "date": "2012-08-31", 
        "operating_revenue": 1086763, 
        "accumulated_operating_revenue": 7591093, 
        "long_term_average": 948886, 
        "short_term_average": 1229421
    }, 
    {
        "date": "2012-09-30", 
        "operating_revenue": 861082, 
        "accumulated_operating_revenue": 8452175, 
        "long_term_average": 939130, 
        "short_term_average": 1162800
    }, 
    {
        "date": "2012-10-31", 
        "operating_revenue": 1248659, 
        "accumulated_operating_revenue": 9700834, 
        "long_term_average": 970083, 
        "short_term_average": 1065501
    }, 
    {
        "date": "2012-11-30", 
        "operating_revenue": 9487250, 
        "accumulated_operating_revenue": 19188084, 
        "long_term_average": 1744371, 
        "short_term_average": 3865663
    }, 
    {
        "date": "2012-12-31", 
        "operating_revenue": 6451613, 
        "accumulated_operating_revenue": 25639697, 
        "long_term_average": 2136641, 
        "short_term_average": 5729174
    }, 
    {
        "accumulated_operating_revenue_yoy": -22.64268477286738, 
        "accumulated_operating_revenue": 719020, 
        "long_term_average": 2119103, 
        "date": "2013-01-31", 
        "operating_revenue": 719020, 
        "short_term_average": 5552627
    }, 
    {
        "accumulated_operating_revenue_yoy": -8.039621127749305, 
        "accumulated_operating_revenue": 1393803, 
        "long_term_average": 2126487, 
        "date": "2013-02-28", 
        "operating_revenue": 674783, 
        "short_term_average": 2615138
    }, 
    {
        "accumulated_operating_revenue_yoy": 15.795515295918284, 
        "accumulated_operating_revenue": 2560218, 
        "long_term_average": 2165744, 
        "date": "2013-03-31", 
        "operating_revenue": 1166415, 
        "short_term_average": 853406
    }, 
    {
        "accumulated_operating_revenue_yoy": 24.031811153105064, 
        "accumulated_operating_revenue": 3526883, 
        "long_term_average": 2193587, 
        "date": "2013-04-30", 
        "operating_revenue": 966665, 
        "short_term_average": 935954
    }, 
    {
        "accumulated_operating_revenue_yoy": 15.271178932000351, 
        "accumulated_operating_revenue": 4498837, 
        "long_term_average": 2186308, 
        "date": "2013-05-31", 
        "operating_revenue": 971954, 
        "short_term_average": 1035011
    }, 
    {
        "accumulated_operating_revenue_yoy": 7.046028476310873, 
        "accumulated_operating_revenue": 5313524, 
        "long_term_average": 2165787, 
        "date": "2013-06-30", 
        "operating_revenue": 814687, 
        "short_term_average": 917768
    }, 
    {
        "accumulated_operating_revenue_yoy": -3.4517928825874455, 
        "accumulated_operating_revenue": 6279814, 
        "long_term_average": 2117931, 
        "date": "2013-07-31", 
        "operating_revenue": 966290, 
        "short_term_average": 917643
    }, 
    {
        "accumulated_operating_revenue_yoy": -10.115354929784157, 
        "accumulated_operating_revenue": 6823227, 
        "long_term_average": 2072652, 
        "date": "2013-08-31", 
        "operating_revenue": 543413, 
        "short_term_average": 774796
    }, 
    {
        "accumulated_operating_revenue_yoy": -7.854309689517787, 
        "accumulated_operating_revenue": 7788315, 
        "long_term_average": 2081319, 
        "date": "2013-09-30", 
        "operating_revenue": 965088, 
        "short_term_average": 824930
    }, 
    {
        "accumulated_operating_revenue_yoy": -9.672250860080691, 
        "accumulated_operating_revenue": 8762545, 
        "long_term_average": 2058450, 
        "date": "2013-10-31", 
        "operating_revenue": 974230, 
        "short_term_average": 827577
    }, 
    {
        "accumulated_operating_revenue_yoy": -50.22576511547479, 
        "accumulated_operating_revenue": 9550722, 
        "long_term_average": 1333527, 
        "date": "2013-11-30", 
        "operating_revenue": 788177, 
        "short_term_average": 909165
    }, 
    {
        "accumulated_operating_revenue_yoy": -32.76803544129246, 
        "accumulated_operating_revenue": 17238072, 
        "long_term_average": 1436506, 
        "date": "2013-12-31", 
        "operating_revenue": 7687350, 
        "short_term_average": 3149919
    }, 
    {
        "accumulated_operating_revenue_yoy": -4.678312147089094, 
        "accumulated_operating_revenue": 685382, 
        "long_term_average": 1433702, 
        "date": "2014-01-31", 
        "operating_revenue": 685382, 
        "short_term_average": 3053636
    }, 
    {
        "accumulated_operating_revenue_yoy": 22.056919091148462, 
        "accumulated_operating_revenue": 1701233, 
        "long_term_average": 1462125, 
        "date": "2014-02-28", 
        "operating_revenue": 1015851, 
        "short_term_average": 3129527
    }, 
    {
        "accumulated_operating_revenue_yoy": -3.548213472446487, 
        "accumulated_operating_revenue": 2469376, 
        "long_term_average": 1428935, 
        "date": "2014-03-31", 
        "operating_revenue": 768143, 
        "short_term_average": 823125
    }, 
    {
        "accumulated_operating_revenue_yoy": 13.198481492014336, 
        "accumulated_operating_revenue": 3992378, 
        "long_term_average": 1475297, 
        "date": "2014-04-30", 
        "operating_revenue": 1523002, 
        "short_term_average": 1102332
    }, 
    {
        "accumulated_operating_revenue_yoy": 11.959446408038344, 
        "accumulated_operating_revenue": 5036873, 
        "long_term_average": 1481342, 
        "date": "2014-05-31", 
        "operating_revenue": 1044495, 
        "short_term_average": 1111880
    }, 
    {
        "accumulated_operating_revenue_yoy": 21.901641923514415, 
        "accumulated_operating_revenue": 6477273, 
        "long_term_average": 1533485, 
        "date": "2014-06-30", 
        "operating_revenue": 1440400, 
        "short_term_average": 1335965
    }, 
    {
        "accumulated_operating_revenue_yoy": 20.148654084340713, 
        "accumulated_operating_revenue": 7545112, 
        "long_term_average": 1541947, 
        "date": "2014-07-31", 
        "operating_revenue": 1067839, 
        "short_term_average": 1184244
    }, 
    {
        "accumulated_operating_revenue_yoy": 25.47253667509523, 
        "accumulated_operating_revenue": 8561276, 
        "long_term_average": 1581343, 
        "date": "2014-08-31", 
        "operating_revenue": 1016164, 
        "short_term_average": 1174801
    }, 
    {
        "accumulated_operating_revenue_yoy": 24.286742382659153, 
        "accumulated_operating_revenue": 9679843, 
        "long_term_average": 1594133, 
        "date": "2014-09-30", 
        "operating_revenue": 1118567, 
        "short_term_average": 1067523
    }, 
    {
        "accumulated_operating_revenue_yoy": 24.06607897591396, 
        "accumulated_operating_revenue": 10871346, 
        "long_term_average": 1612239, 
        "date": "2014-10-31", 
        "operating_revenue": 1191503, 
        "short_term_average": 1108744
    }, 
    {
        "accumulated_operating_revenue_yoy": 24.28320078838019, 
        "accumulated_operating_revenue": 11869943, 
        "long_term_average": 1629774, 
        "date": "2014-11-30", 
        "operating_revenue": 998597, 
        "short_term_average": 1102889
    }, 
    {
        "accumulated_operating_revenue_yoy": 12.05862813428323, 
        "accumulated_operating_revenue": 19316747, 
        "long_term_average": 1609728, 
        "date": "2014-12-31", 
        "operating_revenue": 7446804, 
        "short_term_average": 3212301
    }, 
    {
        "accumulated_operating_revenue_yoy": -5.7341745187355375, 
        "accumulated_operating_revenue": 646081, 
        "long_term_average": 1606453, 
        "date": "2015-01-31", 
        "operating_revenue": 646081, 
        "short_term_average": 3030494
    }, 
    {
        "accumulated_operating_revenue_yoy": -20.29163553728384, 
        "accumulated_operating_revenue": 1356025, 
        "long_term_average": 1580961, 
        "date": "2015-02-28", 
        "operating_revenue": 709944, 
        "short_term_average": 2934276
    }, 
    {
        "accumulated_operating_revenue_yoy": 10.410929724756375, 
        "accumulated_operating_revenue": 2726461, 
        "long_term_average": 1631152, 
        "date": "2015-03-31", 
        "operating_revenue": 1370436, 
        "short_term_average": 908820
    }, 
    {
        "accumulated_operating_revenue_yoy": -10.104454037167823, 
        "accumulated_operating_revenue": 3588970, 
        "long_term_average": 1576111, 
        "date": "2015-04-30", 
        "operating_revenue": 862509, 
        "short_term_average": 980963
    }, 
    {
        "accumulated_operating_revenue_yoy": -4.490146962212468, 
        "accumulated_operating_revenue": 4810710, 
        "long_term_average": 1590882, 
        "date": "2015-05-31", 
        "operating_revenue": 1221740, 
        "short_term_average": 1151561
    }, 
    {
        "accumulated_operating_revenue_yoy": -11.112377075970088, 
        "accumulated_operating_revenue": 5757494, 
        "long_term_average": 1549747, 
        "date": "2015-06-30", 
        "operating_revenue": 946784, 
        "short_term_average": 1010344
    }, 
    {
        "accumulated_operating_revenue_yoy": -13.282572876320458, 
        "accumulated_operating_revenue": 6542927, 
        "long_term_average": 1526213, 
        "date": "2015-07-31", 
        "operating_revenue": 785433, 
        "short_term_average": 984652
    }, 
    {
        "accumulated_operating_revenue_yoy": -15.693233111512816, 
        "accumulated_operating_revenue": 7217735, 
        "long_term_average": 1497767, 
        "date": "2015-08-31", 
        "operating_revenue": 674808, 
        "short_term_average": 802341
    }
]