[
    {
        "date": "2012-01-31", 
        "operating_revenue": 5740802, 
        "accumulated_operating_revenue": 5740802, 
        "long_term_average": 5740802, 
        "short_term_average": 5740802
    }, 
    {
        "date": "2012-02-29", 
        "operating_revenue": 7270423, 
        "accumulated_operating_revenue": 13011225, 
        "long_term_average": 6505612, 
        "short_term_average": 6505612
    }, 
    {
        "date": "2012-03-31", 
        "operating_revenue": 9013670, 
        "accumulated_operating_revenue": 22024895, 
        "long_term_average": 7341631, 
        "short_term_average": 7341631
    }, 
    {
        "date": "2012-04-30", 
        "operating_revenue": 7414048, 
        "accumulated_operating_revenue": 29438943, 
        "long_term_average": 7359735, 
        "short_term_average": 7899380
    }, 
    {
        "date": "2012-05-31", 
        "operating_revenue": 6570754, 
        "accumulated_operating_revenue": 36009697, 
        "long_term_average": 7201939, 
        "short_term_average": 7666157
    }, 
    {
        "date": "2012-06-30", 
        "operating_revenue": 10472633, 
        "accumulated_operating_revenue": 46482330, 
        "long_term_average": 7747055, 
        "short_term_average": 8152478
    }, 
    {
        "date": "2012-07-31", 
        "operating_revenue": 10696202, 
        "accumulated_operating_revenue": 57178532, 
        "long_term_average": 8168361, 
        "short_term_average": 9246529
    }, 
    {
        "date": "2012-08-31", 
        "operating_revenue": 6450643, 
        "accumulated_operating_revenue": 63629175, 
        "long_term_average": 7953646, 
        "short_term_average": 9206492
    }, 
    {
        "date": "2012-09-30", 
        "operating_revenue": 6206918, 
        "accumulated_operating_revenue": 69836093, 
        "long_term_average": 7759565, 
        "short_term_average": 7784587
    }, 
    {
        "date": "2012-10-31", 
        "operating_revenue": 6210130, 
        "accumulated_operating_revenue": 76046223, 
        "long_term_average": 7604622, 
        "short_term_average": 6289230
    }, 
    {
        "date": "2012-11-30", 
        "operating_revenue": 6603910, 
        "accumulated_operating_revenue": 82650133, 
        "long_term_average": 7513648, 
        "short_term_average": 6340319
    }, 
    {
        "date": "2012-12-31", 
        "operating_revenue": 7340280, 
        "accumulated_operating_revenue": 89990413, 
        "long_term_average": 7499201, 
        "short_term_average": 6718106
    }, 
    {
        "accumulated_operating_revenue_yoy": 37.13669274780771, 
        "accumulated_operating_revenue": 7872746, 
        "long_term_average": 7676863, 
        "date": "2013-01-31", 
        "operating_revenue": 7872746, 
        "short_term_average": 7272312
    }, 
    {
        "accumulated_operating_revenue_yoy": -9.120786090471881, 
        "accumulated_operating_revenue": 11824499, 
        "long_term_average": 7400307, 
        "date": "2013-02-28", 
        "operating_revenue": 3951753, 
        "short_term_average": 6388259
    }, 
    {
        "accumulated_operating_revenue_yoy": -15.604342268147024, 
        "accumulated_operating_revenue": 18588055, 
        "long_term_average": 7212797, 
        "date": "2013-03-31", 
        "operating_revenue": 6763556, 
        "short_term_average": 6196018
    }, 
    {
        "accumulated_operating_revenue_yoy": -15.090708249953133, 
        "accumulated_operating_revenue": 24996398, 
        "long_term_average": 7128989, 
        "date": "2013-04-30", 
        "operating_revenue": 6408343, 
        "short_term_average": 5707884
    }, 
    {
        "accumulated_operating_revenue_yoy": -17.596937847047144, 
        "accumulated_operating_revenue": 29673093, 
        "long_term_average": 6971150, 
        "date": "2013-05-31", 
        "operating_revenue": 4676695, 
        "short_term_average": 5949531
    }, 
    {
        "accumulated_operating_revenue_yoy": -26.63787723205786, 
        "accumulated_operating_revenue": 34100424, 
        "long_term_average": 6467375, 
        "date": "2013-06-30", 
        "operating_revenue": 4427331, 
        "short_term_average": 5170789
    }, 
    {
        "accumulated_operating_revenue_yoy": -26.460416997064563, 
        "accumulated_operating_revenue": 42048854, 
        "long_term_average": 6238394, 
        "date": "2013-07-31", 
        "operating_revenue": 7948430, 
        "short_term_average": 5684152
    }, 
    {
        "accumulated_operating_revenue_yoy": -25.163940912325206, 
        "accumulated_operating_revenue": 47617567, 
        "long_term_average": 6164900, 
        "date": "2013-08-31", 
        "operating_revenue": 5568713, 
        "short_term_average": 5981491
    }, 
    {
        "accumulated_operating_revenue_yoy": -22.251575557069035, 
        "accumulated_operating_revenue": 54296462, 
        "long_term_average": 6204231, 
        "date": "2013-09-30", 
        "operating_revenue": 6678895, 
        "short_term_average": 6732012
    }, 
    {
        "accumulated_operating_revenue_yoy": -18.542736829940917, 
        "accumulated_operating_revenue": 61945172, 
        "long_term_average": 6324113, 
        "date": "2013-10-31", 
        "operating_revenue": 7648710, 
        "short_term_average": 6632106
    }, 
    {
        "accumulated_operating_revenue_yoy": -18.251153933412304, 
        "accumulated_operating_revenue": 67565530, 
        "long_term_average": 6242150, 
        "date": "2013-11-30", 
        "operating_revenue": 5620358, 
        "short_term_average": 6649321
    }, 
    {
        "accumulated_operating_revenue_yoy": -14.887734763479749, 
        "accumulated_operating_revenue": 76592879, 
        "long_term_average": 6382739, 
        "date": "2013-12-31", 
        "operating_revenue": 9027349, 
        "short_term_average": 7432139
    }, 
    {
        "accumulated_operating_revenue_yoy": -13.154812818805537, 
        "accumulated_operating_revenue": 6837101, 
        "long_term_average": 6296436, 
        "date": "2014-01-31", 
        "operating_revenue": 6837101, 
        "short_term_average": 7161602
    }, 
    {
        "accumulated_operating_revenue_yoy": 15.076478081650649, 
        "accumulated_operating_revenue": 13607217, 
        "long_term_average": 6531299, 
        "date": "2014-02-28", 
        "operating_revenue": 6770116, 
        "short_term_average": 7544855
    }, 
    {
        "accumulated_operating_revenue_yoy": 23.93811509595813, 
        "accumulated_operating_revenue": 23037685, 
        "long_term_average": 6753542, 
        "date": "2014-03-31", 
        "operating_revenue": 9430468, 
        "short_term_average": 7679228
    }, 
    {
        "accumulated_operating_revenue_yoy": 26.432348372753545, 
        "accumulated_operating_revenue": 31603533, 
        "long_term_average": 6933334, 
        "date": "2014-04-30", 
        "operating_revenue": 8565848, 
        "short_term_average": 8255477
    }, 
    {
        "accumulated_operating_revenue_yoy": 30.450988038220352, 
        "accumulated_operating_revenue": 38708843, 
        "long_term_average": 7135719, 
        "date": "2014-05-31", 
        "operating_revenue": 7105310, 
        "short_term_average": 8367208
    }, 
    {
        "accumulated_operating_revenue_yoy": 37.488604247266835, 
        "accumulated_operating_revenue": 46884197, 
        "long_term_average": 7448054, 
        "date": "2014-06-30", 
        "operating_revenue": 8175354, 
        "short_term_average": 7948837
    }, 
    {
        "accumulated_operating_revenue_yoy": 33.84545509849091, 
        "accumulated_operating_revenue": 56280480, 
        "long_term_average": 7568708, 
        "date": "2014-07-31", 
        "operating_revenue": 9396283, 
        "short_term_average": 8225649
    }, 
    {
        "accumulated_operating_revenue_yoy": 32.30727643014604, 
        "accumulated_operating_revenue": 63001506, 
        "long_term_average": 7664734, 
        "date": "2014-08-31", 
        "operating_revenue": 6721026, 
        "short_term_average": 8097554
    }, 
    {
        "accumulated_operating_revenue_yoy": 27.715428309122608, 
        "accumulated_operating_revenue": 69344959, 
        "long_term_average": 7636781, 
        "date": "2014-09-30", 
        "operating_revenue": 6343453, 
        "short_term_average": 7486920
    }, 
    {
        "accumulated_operating_revenue_yoy": 21.063620583699404, 
        "accumulated_operating_revenue": 74993068, 
        "long_term_average": 7470064, 
        "date": "2014-10-31", 
        "operating_revenue": 5648109, 
        "short_term_average": 6237529
    }, 
    {
        "accumulated_operating_revenue_yoy": 19.37396036114865, 
        "accumulated_operating_revenue": 80655649, 
        "long_term_average": 7473583, 
        "date": "2014-11-30", 
        "operating_revenue": 5662581, 
        "short_term_average": 5884714
    }, 
    {
        "accumulated_operating_revenue_yoy": 16.40586848811363, 
        "accumulated_operating_revenue": 89158606, 
        "long_term_average": 7429883, 
        "date": "2014-12-31", 
        "operating_revenue": 8502957, 
        "short_term_average": 6604549
    }, 
    {
        "accumulated_operating_revenue_yoy": -18.028942383621363, 
        "accumulated_operating_revenue": 5604444, 
        "long_term_average": 7327162, 
        "date": "2015-01-31", 
        "operating_revenue": 5604444, 
        "short_term_average": 6589994
    }, 
    {
        "accumulated_operating_revenue_yoy": -13.335585079594159, 
        "accumulated_operating_revenue": 11792615, 
        "long_term_average": 7278667, 
        "date": "2015-02-28", 
        "operating_revenue": 6188171, 
        "short_term_average": 6765190
    }, 
    {
        "accumulated_operating_revenue_yoy": -15.805932757566572, 
        "accumulated_operating_revenue": 19396364, 
        "long_term_average": 7126440, 
        "date": "2015-03-31", 
        "operating_revenue": 7603749, 
        "short_term_average": 6465454
    }, 
    {
        "accumulated_operating_revenue_yoy": -10.847562517772934, 
        "accumulated_operating_revenue": 28175320, 
        "long_term_average": 7144199, 
        "date": "2015-04-30", 
        "operating_revenue": 8778956, 
        "short_term_average": 7523625
    }, 
    {
        "accumulated_operating_revenue_yoy": -12.781513516175103, 
        "accumulated_operating_revenue": 33761267, 
        "long_term_average": 7017585, 
        "date": "2015-05-31", 
        "operating_revenue": 5585947, 
        "short_term_average": 7322884
    }, 
    {
        "accumulated_operating_revenue_yoy": -16.677009526258924, 
        "accumulated_operating_revenue": 39065315, 
        "long_term_average": 6778310, 
        "date": "2015-06-30", 
        "operating_revenue": 5304048, 
        "short_term_average": 6556317
    }, 
    {
        "accumulated_operating_revenue_yoy": -18.39991414430012, 
        "accumulated_operating_revenue": 45924920, 
        "long_term_average": 6566920, 
        "date": "2015-07-31", 
        "operating_revenue": 6859605, 
        "short_term_average": 5916533
    }, 
    {
        "accumulated_operating_revenue_yoy": -19.339029768589977, 
        "accumulated_operating_revenue": 50817626, 
        "long_term_average": 6414560, 
        "date": "2015-08-31", 
        "operating_revenue": 4892706, 
        "short_term_average": 5685453
    }
]