[
    {
        "date": "2012-01-31", 
        "operating_revenue": 1002024, 
        "accumulated_operating_revenue": 1002024, 
        "long_term_average": 1002024, 
        "short_term_average": 1002024
    }, 
    {
        "date": "2012-02-29", 
        "operating_revenue": 1016902, 
        "accumulated_operating_revenue": 2018926, 
        "long_term_average": 1009463, 
        "short_term_average": 1009463
    }, 
    {
        "date": "2012-03-31", 
        "operating_revenue": 1434057, 
        "accumulated_operating_revenue": 3452983, 
        "long_term_average": 1150994, 
        "short_term_average": 1150994
    }, 
    {
        "date": "2012-04-30", 
        "operating_revenue": 1186071, 
        "accumulated_operating_revenue": 4639054, 
        "long_term_average": 1159763, 
        "short_term_average": 1212343
    }, 
    {
        "date": "2012-05-31", 
        "operating_revenue": 1127822, 
        "accumulated_operating_revenue": 5766876, 
        "long_term_average": 1153375, 
        "short_term_average": 1249316
    }, 
    {
        "date": "2012-06-30", 
        "operating_revenue": 1325610, 
        "accumulated_operating_revenue": 7092486, 
        "long_term_average": 1182081, 
        "short_term_average": 1213167
    }, 
    {
        "date": "2012-07-31", 
        "operating_revenue": 1273445, 
        "accumulated_operating_revenue": 8365931, 
        "long_term_average": 1195133, 
        "short_term_average": 1242292
    }, 
    {
        "date": "2012-08-31", 
        "operating_revenue": 1015837, 
        "accumulated_operating_revenue": 9381768, 
        "long_term_average": 1172721, 
        "short_term_average": 1204964
    }, 
    {
        "date": "2012-09-30", 
        "operating_revenue": 1001229, 
        "accumulated_operating_revenue": 10382997, 
        "long_term_average": 1153666, 
        "short_term_average": 1096837
    }, 
    {
        "date": "2012-10-31", 
        "operating_revenue": 1016297, 
        "accumulated_operating_revenue": 11399294, 
        "long_term_average": 1139929, 
        "short_term_average": 1011121
    }, 
    {
        "date": "2012-11-30", 
        "operating_revenue": 1206900, 
        "accumulated_operating_revenue": 12606194, 
        "long_term_average": 1146017, 
        "short_term_average": 1074808
    }, 
    {
        "date": "2012-12-31", 
        "operating_revenue": 1193159, 
        "accumulated_operating_revenue": 13799353, 
        "long_term_average": 1149946, 
        "short_term_average": 1138785
    }, 
    {
        "accumulated_operating_revenue_yoy": 31.79354985509329, 
        "accumulated_operating_revenue": 1320603, 
        "long_term_average": 1176494, 
        "date": "2013-01-31", 
        "operating_revenue": 1320603, 
        "short_term_average": 1240220
    }, 
    {
        "accumulated_operating_revenue_yoy": 14.524207425135938, 
        "accumulated_operating_revenue": 2312159, 
        "long_term_average": 1174382, 
        "date": "2013-02-28", 
        "operating_revenue": 991556, 
        "short_term_average": 1168439
    }, 
    {
        "accumulated_operating_revenue_yoy": -2.6234707787440597, 
        "accumulated_operating_revenue": 3362395, 
        "long_term_average": 1142397, 
        "date": "2013-03-31", 
        "operating_revenue": 1050236, 
        "short_term_average": 1120798
    }, 
    {
        "accumulated_operating_revenue_yoy": -7.5632661314138625, 
        "accumulated_operating_revenue": 4288190, 
        "long_term_average": 1120707, 
        "date": "2013-04-30", 
        "operating_revenue": 925795, 
        "short_term_average": 989195
    }, 
    {
        "accumulated_operating_revenue_yoy": -10.170896686524905, 
        "accumulated_operating_revenue": 5180333, 
        "long_term_average": 1101067, 
        "date": "2013-05-31", 
        "operating_revenue": 892143, 
        "short_term_average": 956058
    }, 
    {
        "accumulated_operating_revenue_yoy": -15.390273593772339, 
        "accumulated_operating_revenue": 6000933, 
        "long_term_average": 1058983, 
        "date": "2013-06-30", 
        "operating_revenue": 820600, 
        "short_term_average": 879512
    }, 
    {
        "accumulated_operating_revenue_yoy": -14.924973681948847, 
        "accumulated_operating_revenue": 7117318, 
        "long_term_average": 1045895, 
        "date": "2013-07-31", 
        "operating_revenue": 1116385, 
        "short_term_average": 943042
    }, 
    {
        "accumulated_operating_revenue_yoy": -13.28884918066616, 
        "accumulated_operating_revenue": 8135039, 
        "long_term_average": 1046052, 
        "date": "2013-08-31", 
        "operating_revenue": 1017721, 
        "short_term_average": 984902
    }, 
    {
        "accumulated_operating_revenue_yoy": -12.508902776337122, 
        "accumulated_operating_revenue": 9084198, 
        "long_term_average": 1041712, 
        "date": "2013-09-30", 
        "operating_revenue": 949159, 
        "short_term_average": 1027755
    }, 
    {
        "accumulated_operating_revenue_yoy": -10.652659717347408, 
        "accumulated_operating_revenue": 10184966, 
        "long_term_average": 1048752, 
        "date": "2013-10-31", 
        "operating_revenue": 1100768, 
        "short_term_average": 1022549
    }, 
    {
        "accumulated_operating_revenue_yoy": -10.557199103869099, 
        "accumulated_operating_revenue": 11275333, 
        "long_term_average": 1039041, 
        "date": "2013-11-30", 
        "operating_revenue": 1090367, 
        "short_term_average": 1046764
    }, 
    {
        "accumulated_operating_revenue_yoy": 3.48892444450113, 
        "accumulated_operating_revenue": 14280802, 
        "long_term_average": 1190066, 
        "date": "2013-12-31", 
        "operating_revenue": 3005469, 
        "short_term_average": 1732201
    }, 
    {
        "accumulated_operating_revenue_yoy": -15.213580462864313, 
        "accumulated_operating_revenue": 1119692, 
        "long_term_average": 1173324, 
        "date": "2014-01-31", 
        "operating_revenue": 1119692, 
        "short_term_average": 1738509
    }, 
    {
        "accumulated_operating_revenue_yoy": -14.5224441744707, 
        "accumulated_operating_revenue": 1976377, 
        "long_term_average": 1162085, 
        "date": "2014-02-28", 
        "operating_revenue": 856685, 
        "short_term_average": 1660615
    }, 
    {
        "accumulated_operating_revenue_yoy": -8.660136599061087, 
        "accumulated_operating_revenue": 3071207, 
        "long_term_average": 1165801, 
        "date": "2014-03-31", 
        "operating_revenue": 1094830, 
        "short_term_average": 1023735
    }, 
    {
        "accumulated_operating_revenue_yoy": -3.355658214771267, 
        "accumulated_operating_revenue": 4144293, 
        "long_term_average": 1178075, 
        "date": "2014-04-30", 
        "operating_revenue": 1073086, 
        "short_term_average": 1008200
    }, 
    {
        "accumulated_operating_revenue_yoy": 1.1198893970715782, 
        "accumulated_operating_revenue": 5238347, 
        "long_term_average": 1194901, 
        "date": "2014-05-31", 
        "operating_revenue": 1094054, 
        "short_term_average": 1087323
    }, 
    {
        "accumulated_operating_revenue_yoy": 3.927089337608002, 
        "accumulated_operating_revenue": 6236595, 
        "long_term_average": 1209705, 
        "date": "2014-06-30", 
        "operating_revenue": 998248, 
        "short_term_average": 1055129
    }, 
    {
        "accumulated_operating_revenue_yoy": 2.071890001261711, 
        "accumulated_operating_revenue": 7264781, 
        "long_term_average": 1202355, 
        "date": "2014-07-31", 
        "operating_revenue": 1028186, 
        "short_term_average": 1040162
    }, 
    {
        "accumulated_operating_revenue_yoy": 0.07623811022909663, 
        "accumulated_operating_revenue": 8141241, 
        "long_term_average": 1190583, 
        "date": "2014-08-31", 
        "operating_revenue": 876460, 
        "short_term_average": 967631
    }, 
    {
        "accumulated_operating_revenue_yoy": 22.01269721333683, 
        "accumulated_operating_revenue": 11083875, 
        "long_term_average": 1356706, 
        "date": "2014-09-30", 
        "operating_revenue": 2942634, 
        "short_term_average": 1615760
    }, 
    {
        "accumulated_operating_revenue_yoy": 16.361124818678828, 
        "accumulated_operating_revenue": 11851341, 
        "long_term_average": 1328931, 
        "date": "2014-10-31", 
        "operating_revenue": 767466, 
        "short_term_average": 1528853
    }, 
    {
        "accumulated_operating_revenue_yoy": 13.000928664368494, 
        "accumulated_operating_revenue": 12741231, 
        "long_term_average": 1312225, 
        "date": "2014-11-30", 
        "operating_revenue": 889890, 
        "short_term_average": 1533330
    }, 
    {
        "accumulated_operating_revenue_yoy": -2.5983344632885466, 
        "accumulated_operating_revenue": 13909739, 
        "long_term_average": 1159144, 
        "date": "2014-12-31", 
        "operating_revenue": 1168508, 
        "short_term_average": 941954
    }, 
    {
        "accumulated_operating_revenue_yoy": 208.74749484679717, 
        "accumulated_operating_revenue": 3457021, 
        "long_term_average": 1353922, 
        "date": "2015-01-31", 
        "operating_revenue": 3457021, 
        "short_term_average": 1838473
    }, 
    {
        "accumulated_operating_revenue_yoy": 117.70461809664856, 
        "accumulated_operating_revenue": 4302664, 
        "long_term_average": 1353002, 
        "date": "2015-02-28", 
        "operating_revenue": 845643, 
        "short_term_average": 1823724
    }, 
    {
        "accumulated_operating_revenue_yoy": 70.41677750799604, 
        "accumulated_operating_revenue": 5233852, 
        "long_term_average": 1339365, 
        "date": "2015-03-31", 
        "operating_revenue": 931188, 
        "short_term_average": 1744617
    }, 
    {
        "accumulated_operating_revenue_yoy": 51.53231202523567, 
        "accumulated_operating_revenue": 6279943, 
        "long_term_average": 1337115, 
        "date": "2015-04-30", 
        "operating_revenue": 1046091, 
        "short_term_average": 940974
    }, 
    {
        "accumulated_operating_revenue_yoy": 36.77446339465484, 
        "accumulated_operating_revenue": 7164721, 
        "long_term_average": 1319676, 
        "date": "2015-05-31", 
        "operating_revenue": 884778, 
        "short_term_average": 954019
    }, 
    {
        "accumulated_operating_revenue_yoy": 32.22409022872256, 
        "accumulated_operating_revenue": 8246281, 
        "long_term_average": 1326618, 
        "date": "2015-06-30", 
        "operating_revenue": 1081560, 
        "short_term_average": 1004143
    }, 
    {
        "accumulated_operating_revenue_yoy": 28.937637624589097, 
        "accumulated_operating_revenue": 9367037, 
        "long_term_average": 1334332, 
        "date": "2015-07-31", 
        "operating_revenue": 1120756, 
        "short_term_average": 1029031
    }, 
    {
        "accumulated_operating_revenue_yoy": 26.57958411991489, 
        "accumulated_operating_revenue": 10305149, 
        "long_term_average": 1339470, 
        "date": "2015-08-31", 
        "operating_revenue": 938112, 
        "short_term_average": 1046809
    }
]