[
    {
        "date": "2012-01-31", 
        "operating_revenue": 550441, 
        "accumulated_operating_revenue": 550441, 
        "long_term_average": 550441, 
        "short_term_average": 550441
    }, 
    {
        "date": "2012-02-29", 
        "operating_revenue": 526201, 
        "accumulated_operating_revenue": 1076642, 
        "long_term_average": 538321, 
        "short_term_average": 538321
    }, 
    {
        "date": "2012-03-31", 
        "operating_revenue": 691666, 
        "accumulated_operating_revenue": 1768308, 
        "long_term_average": 589436, 
        "short_term_average": 589436
    }, 
    {
        "date": "2012-04-30", 
        "operating_revenue": 777751, 
        "accumulated_operating_revenue": 2546059, 
        "long_term_average": 636514, 
        "short_term_average": 665206
    }, 
    {
        "date": "2012-05-31", 
        "operating_revenue": 799012, 
        "accumulated_operating_revenue": 3345071, 
        "long_term_average": 669014, 
        "short_term_average": 756143
    }, 
    {
        "date": "2012-06-30", 
        "operating_revenue": 639560, 
        "accumulated_operating_revenue": 3984631, 
        "long_term_average": 664105, 
        "short_term_average": 738774
    }, 
    {
        "date": "2012-07-31", 
        "operating_revenue": 524762, 
        "accumulated_operating_revenue": 4509393, 
        "long_term_average": 644199, 
        "short_term_average": 654444
    }, 
    {
        "date": "2012-08-31", 
        "operating_revenue": 515149, 
        "accumulated_operating_revenue": 5024542, 
        "long_term_average": 628067, 
        "short_term_average": 559823
    }, 
    {
        "date": "2012-09-30", 
        "operating_revenue": 829216, 
        "accumulated_operating_revenue": 5853758, 
        "long_term_average": 650417, 
        "short_term_average": 623042
    }, 
    {
        "date": "2012-10-31", 
        "operating_revenue": 996667, 
        "accumulated_operating_revenue": 6850425, 
        "long_term_average": 685042, 
        "short_term_average": 780344
    }, 
    {
        "date": "2012-11-30", 
        "operating_revenue": 870927, 
        "accumulated_operating_revenue": 7721352, 
        "long_term_average": 701941, 
        "short_term_average": 898936
    }, 
    {
        "date": "2012-12-31", 
        "operating_revenue": 809031, 
        "accumulated_operating_revenue": 8530383, 
        "long_term_average": 710865, 
        "short_term_average": 892208
    }, 
    {
        "accumulated_operating_revenue_yoy": 45.86249934143714, 
        "accumulated_operating_revenue": 802887, 
        "long_term_average": 731902, 
        "date": "2013-01-31", 
        "operating_revenue": 802887, 
        "short_term_average": 827615
    }, 
    {
        "accumulated_operating_revenue_yoy": 51.39842213103334, 
        "accumulated_operating_revenue": 1630019, 
        "long_term_average": 756980, 
        "date": "2013-02-28", 
        "operating_revenue": 827132, 
        "short_term_average": 813016
    }, 
    {
        "accumulated_operating_revenue_yoy": 12.132728008921523, 
        "accumulated_operating_revenue": 1982852, 
        "long_term_average": 728743, 
        "date": "2013-03-31", 
        "operating_revenue": 352833, 
        "short_term_average": 660950
    }, 
    {
        "accumulated_operating_revenue_yoy": 16.667799135840923, 
        "accumulated_operating_revenue": 2970431, 
        "long_term_average": 746229, 
        "date": "2013-04-30", 
        "operating_revenue": 987579, 
        "short_term_average": 722514
    }, 
    {
        "accumulated_operating_revenue_yoy": 12.04321223675073, 
        "accumulated_operating_revenue": 3747925, 
        "long_term_average": 744436, 
        "date": "2013-05-31", 
        "operating_revenue": 777494, 
        "short_term_average": 705968
    }, 
    {
        "accumulated_operating_revenue_yoy": 10.587253876205851, 
        "accumulated_operating_revenue": 4406494, 
        "long_term_average": 746020, 
        "date": "2013-06-30", 
        "operating_revenue": 658569, 
        "short_term_average": 807880
    }, 
    {
        "accumulated_operating_revenue_yoy": 19.304682470567545, 
        "accumulated_operating_revenue": 5379917, 
        "long_term_average": 783408, 
        "date": "2013-07-31", 
        "operating_revenue": 973423, 
        "short_term_average": 803162
    }, 
    {
        "accumulated_operating_revenue_yoy": 22.041392031353304, 
        "accumulated_operating_revenue": 6132021, 
        "long_term_average": 803155, 
        "date": "2013-08-31", 
        "operating_revenue": 752104, 
        "short_term_average": 794698
    }, 
    {
        "accumulated_operating_revenue_yoy": 20.22198389479032, 
        "accumulated_operating_revenue": 7037504, 
        "long_term_average": 809510, 
        "date": "2013-09-30", 
        "operating_revenue": 905483, 
        "short_term_average": 877003
    }, 
    {
        "accumulated_operating_revenue_yoy": 14.71860505005164, 
        "accumulated_operating_revenue": 7858712, 
        "long_term_average": 794889, 
        "date": "2013-10-31", 
        "operating_revenue": 821208, 
        "short_term_average": 826265
    }, 
    {
        "accumulated_operating_revenue_yoy": 13.27838699751028, 
        "accumulated_operating_revenue": 8746623, 
        "long_term_average": 796304, 
        "date": "2013-11-30", 
        "operating_revenue": 887911, 
        "short_term_average": 871534
    }, 
    {
        "accumulated_operating_revenue_yoy": 19.32460711318589, 
        "accumulated_operating_revenue": 10178846, 
        "long_term_average": 848237, 
        "date": "2013-12-31", 
        "operating_revenue": 1432223, 
        "short_term_average": 1047114
    }, 
    {
        "accumulated_operating_revenue_yoy": 26.32674336488198, 
        "accumulated_operating_revenue": 1014261, 
        "long_term_average": 865851, 
        "date": "2014-01-31", 
        "operating_revenue": 1014261, 
        "short_term_average": 1111465
    }, 
    {
        "accumulated_operating_revenue_yoy": 18.75941323383347, 
        "accumulated_operating_revenue": 1935801, 
        "long_term_average": 873719, 
        "date": "2014-02-28", 
        "operating_revenue": 921540, 
        "short_term_average": 1122674
    }, 
    {
        "accumulated_operating_revenue_yoy": 36.56959773094513, 
        "accumulated_operating_revenue": 2707973, 
        "long_term_average": 908663, 
        "date": "2014-03-31", 
        "operating_revenue": 772172, 
        "short_term_average": 902657
    }, 
    {
        "accumulated_operating_revenue_yoy": 23.50628578815667, 
        "accumulated_operating_revenue": 3668669, 
        "long_term_average": 906423, 
        "date": "2014-04-30", 
        "operating_revenue": 960696, 
        "short_term_average": 884802
    }, 
    {
        "accumulated_operating_revenue_yoy": 22.85291194460935, 
        "accumulated_operating_revenue": 4604435, 
        "long_term_average": 919613, 
        "date": "2014-05-31", 
        "operating_revenue": 935766, 
        "short_term_average": 889544
    }, 
    {
        "accumulated_operating_revenue_yoy": 24.369033521888376, 
        "accumulated_operating_revenue": 5480314, 
        "long_term_average": 937722, 
        "date": "2014-06-30", 
        "operating_revenue": 875879, 
        "short_term_average": 924113
    }, 
    {
        "accumulated_operating_revenue_yoy": 18.489151412558964, 
        "accumulated_operating_revenue": 6374618, 
        "long_term_average": 931128, 
        "date": "2014-07-31", 
        "operating_revenue": 894304, 
        "short_term_average": 901983
    }, 
    {
        "accumulated_operating_revenue_yoy": 17.363981630199895, 
        "accumulated_operating_revenue": 7196784, 
        "long_term_average": 936967, 
        "date": "2014-08-31", 
        "operating_revenue": 822166, 
        "short_term_average": 864116
    }, 
    {
        "accumulated_operating_revenue_yoy": 16.205575158465273, 
        "accumulated_operating_revenue": 8177972, 
        "long_term_average": 943276, 
        "date": "2014-09-30", 
        "operating_revenue": 981188, 
        "short_term_average": 899219
    }, 
    {
        "accumulated_operating_revenue_yoy": 19.624793477608033, 
        "accumulated_operating_revenue": 9400968, 
        "long_term_average": 976758, 
        "date": "2014-10-31", 
        "operating_revenue": 1222996, 
        "short_term_average": 1008783
    }, 
    {
        "accumulated_operating_revenue_yoy": 21.265510128880596, 
        "accumulated_operating_revenue": 10606637, 
        "long_term_average": 1003238, 
        "date": "2014-11-30", 
        "operating_revenue": 1205669, 
        "short_term_average": 1136617
    }, 
    {
        "accumulated_operating_revenue_yoy": 15.344263976486136, 
        "accumulated_operating_revenue": 11740715, 
        "long_term_average": 978392, 
        "date": "2014-12-31", 
        "operating_revenue": 1134078, 
        "short_term_average": 1187581
    }, 
    {
        "accumulated_operating_revenue_yoy": -3.6100175398639993, 
        "accumulated_operating_revenue": 977646, 
        "long_term_average": 975341, 
        "date": "2015-01-31", 
        "operating_revenue": 977646, 
        "short_term_average": 1105797
    }, 
    {
        "accumulated_operating_revenue_yoy": -1.971277006262524, 
        "accumulated_operating_revenue": 1897641, 
        "long_term_average": 975212, 
        "date": "2015-02-28", 
        "operating_revenue": 919995, 
        "short_term_average": 1010573
    }, 
    {
        "accumulated_operating_revenue_yoy": 6.988363621055306, 
        "accumulated_operating_revenue": 2897216, 
        "long_term_average": 994163, 
        "date": "2015-03-31", 
        "operating_revenue": 999575, 
        "short_term_average": 965738
    }, 
    {
        "accumulated_operating_revenue_yoy": 2.309802274339822, 
        "accumulated_operating_revenue": 3753408, 
        "long_term_average": 985454, 
        "date": "2015-04-30", 
        "operating_revenue": 856192, 
        "short_term_average": 925254
    }, 
    {
        "accumulated_operating_revenue_yoy": -4.874561156797739, 
        "accumulated_operating_revenue": 4379989, 
        "long_term_average": 959689, 
        "date": "2015-05-31", 
        "operating_revenue": 626581, 
        "short_term_average": 827449
    }, 
    {
        "accumulated_operating_revenue_yoy": -7.975236455429378, 
        "accumulated_operating_revenue": 5043246, 
        "long_term_average": 941970, 
        "date": "2015-06-30", 
        "operating_revenue": 663257, 
        "short_term_average": 715343
    }, 
    {
        "accumulated_operating_revenue_yoy": -12.031528791215411, 
        "accumulated_operating_revenue": 5607654, 
        "long_term_average": 914479, 
        "date": "2015-07-31", 
        "operating_revenue": 564408, 
        "short_term_average": 618082
    }, 
    {
        "accumulated_operating_revenue_yoy": -16.05982616679895, 
        "accumulated_operating_revenue": 6040993, 
        "long_term_average": 882077, 
        "date": "2015-08-31", 
        "operating_revenue": 433339, 
        "short_term_average": 553668
    }
]