[
    {
        "date": "2012-01-31", 
        "operating_revenue": 467168, 
        "accumulated_operating_revenue": 467168, 
        "long_term_average": 467168, 
        "short_term_average": 467168
    }, 
    {
        "date": "2012-02-29", 
        "operating_revenue": 426500, 
        "accumulated_operating_revenue": 893668, 
        "long_term_average": 446834, 
        "short_term_average": 446834
    }, 
    {
        "date": "2012-03-31", 
        "operating_revenue": 560075, 
        "accumulated_operating_revenue": 1453743, 
        "long_term_average": 484581, 
        "short_term_average": 484581
    }, 
    {
        "date": "2012-04-30", 
        "operating_revenue": 437946, 
        "accumulated_operating_revenue": 1891689, 
        "long_term_average": 472922, 
        "short_term_average": 474840
    }, 
    {
        "date": "2012-05-31", 
        "operating_revenue": 414827, 
        "accumulated_operating_revenue": 2306516, 
        "long_term_average": 461303, 
        "short_term_average": 470949
    }, 
    {
        "date": "2012-06-30", 
        "operating_revenue": 422086, 
        "accumulated_operating_revenue": 2728602, 
        "long_term_average": 454767, 
        "short_term_average": 424953
    }, 
    {
        "date": "2012-07-31", 
        "operating_revenue": 373277, 
        "accumulated_operating_revenue": 3101879, 
        "long_term_average": 443125, 
        "short_term_average": 403396
    }, 
    {
        "date": "2012-08-31", 
        "operating_revenue": 430373, 
        "accumulated_operating_revenue": 3532252, 
        "long_term_average": 441531, 
        "short_term_average": 408578
    }, 
    {
        "date": "2012-09-30", 
        "operating_revenue": 452076, 
        "accumulated_operating_revenue": 3984328, 
        "long_term_average": 442703, 
        "short_term_average": 418575
    }, 
    {
        "date": "2012-10-31", 
        "operating_revenue": 231204, 
        "accumulated_operating_revenue": 4215532, 
        "long_term_average": 421553, 
        "short_term_average": 371217
    }, 
    {
        "date": "2012-11-30", 
        "operating_revenue": 489153, 
        "accumulated_operating_revenue": 4704685, 
        "long_term_average": 427698, 
        "short_term_average": 390811
    }, 
    {
        "date": "2012-12-31", 
        "operating_revenue": 2481375, 
        "accumulated_operating_revenue": 7186060, 
        "long_term_average": 598838, 
        "short_term_average": 1067244
    }, 
    {
        "accumulated_operating_revenue_yoy": 23.289266388108775, 
        "accumulated_operating_revenue": 575968, 
        "long_term_average": 607905, 
        "date": "2013-01-31", 
        "operating_revenue": 575968, 
        "short_term_average": 1182165
    }, 
    {
        "accumulated_operating_revenue_yoy": -12.903449603208351, 
        "accumulated_operating_revenue": 778354, 
        "long_term_average": 589228, 
        "date": "2013-02-28", 
        "operating_revenue": 202386, 
        "short_term_average": 1086576
    }, 
    {
        "accumulated_operating_revenue_yoy": -31.334424310211638, 
        "accumulated_operating_revenue": 998221, 
        "long_term_average": 560878, 
        "date": "2013-03-31", 
        "operating_revenue": 219867, 
        "short_term_average": 332740
    }, 
    {
        "accumulated_operating_revenue_yoy": -33.9467005411566, 
        "accumulated_operating_revenue": 1249523, 
        "long_term_average": 545324, 
        "date": "2013-04-30", 
        "operating_revenue": 251302, 
        "short_term_average": 224518
    }, 
    {
        "accumulated_operating_revenue_yoy": -38.05115594255579, 
        "accumulated_operating_revenue": 1428860, 
        "long_term_average": 525700, 
        "date": "2013-05-31", 
        "operating_revenue": 179337, 
        "short_term_average": 216835
    }, 
    {
        "accumulated_operating_revenue_yoy": -36.62992990549739, 
        "accumulated_operating_revenue": 1729117, 
        "long_term_average": 515547, 
        "date": "2013-06-30", 
        "operating_revenue": 300257, 
        "short_term_average": 243632
    }, 
    {
        "accumulated_operating_revenue_yoy": -35.73978868937183, 
        "accumulated_operating_revenue": 1993274, 
        "long_term_average": 506454, 
        "date": "2013-07-31", 
        "operating_revenue": 264157, 
        "short_term_average": 247917
    }, 
    {
        "accumulated_operating_revenue_yoy": -38.13530291723241, 
        "accumulated_operating_revenue": 2185217, 
        "long_term_average": 486585, 
        "date": "2013-08-31", 
        "operating_revenue": 191943, 
        "short_term_average": 252119
    }, 
    {
        "accumulated_operating_revenue_yoy": -35.28642722185523, 
        "accumulated_operating_revenue": 2578401, 
        "long_term_average": 481677, 
        "date": "2013-09-30", 
        "operating_revenue": 393184, 
        "short_term_average": 283094
    }, 
    {
        "accumulated_operating_revenue_yoy": -29.366993300015277, 
        "accumulated_operating_revenue": 2977557, 
        "long_term_average": 495673, 
        "date": "2013-10-31", 
        "operating_revenue": 399156, 
        "short_term_average": 328094
    }, 
    {
        "accumulated_operating_revenue_yoy": -7.1599905200879554, 
        "accumulated_operating_revenue": 4367830, 
        "long_term_average": 570767, 
        "date": "2013-11-30", 
        "operating_revenue": 1390273, 
        "short_term_average": 727537
    }, 
    {
        "accumulated_operating_revenue_yoy": 1.3161454260053491, 
        "accumulated_operating_revenue": 7280639, 
        "long_term_average": 606719, 
        "date": "2013-12-31", 
        "operating_revenue": 2912809, 
        "short_term_average": 1567412
    }, 
    {
        "accumulated_operating_revenue_yoy": -49.87186788154897, 
        "accumulated_operating_revenue": 288722, 
        "long_term_average": 582782, 
        "date": "2014-01-31", 
        "operating_revenue": 288722, 
        "short_term_average": 1530601
    }, 
    {
        "accumulated_operating_revenue_yoy": -27.694981974782685, 
        "accumulated_operating_revenue": 562789, 
        "long_term_average": 588756, 
        "date": "2014-02-28", 
        "operating_revenue": 274067, 
        "short_term_average": 1158532
    }, 
    {
        "accumulated_operating_revenue_yoy": 397.4012768715545, 
        "accumulated_operating_revenue": 4965164, 
        "long_term_average": 937298, 
        "date": "2014-03-31", 
        "operating_revenue": 4402375, 
        "short_term_average": 1655054
    }, 
    {
        "accumulated_operating_revenue_yoy": 319.5400164702851, 
        "accumulated_operating_revenue": 5242249, 
        "long_term_average": 939447, 
        "date": "2014-04-30", 
        "operating_revenue": 277085, 
        "short_term_average": 1651175
    }, 
    {
        "accumulated_operating_revenue_yoy": 291.43876936858754, 
        "accumulated_operating_revenue": 5593112, 
        "long_term_average": 953740, 
        "date": "2014-05-31", 
        "operating_revenue": 350863, 
        "short_term_average": 1676774
    }, 
    {
        "accumulated_operating_revenue_yoy": 281.58279630586014, 
        "accumulated_operating_revenue": 6598013, 
        "long_term_average": 1012461, 
        "date": "2014-06-30", 
        "operating_revenue": 1004901, 
        "short_term_average": 544283
    }, 
    {
        "accumulated_operating_revenue_yoy": 238.6196779770368, 
        "accumulated_operating_revenue": 6749618, 
        "long_term_average": 1003081, 
        "date": "2014-07-31", 
        "operating_revenue": 151605, 
        "short_term_average": 502456
    }, 
    {
        "accumulated_operating_revenue_yoy": 222.44005972862192, 
        "accumulated_operating_revenue": 7046015, 
        "long_term_average": 1011786, 
        "date": "2014-08-31", 
        "operating_revenue": 296397, 
        "short_term_average": 484301
    }, 
    {
        "accumulated_operating_revenue_yoy": 183.04930071001368, 
        "accumulated_operating_revenue": 7298146, 
        "long_term_average": 1000032, 
        "date": "2014-09-30", 
        "operating_revenue": 252131, 
        "short_term_average": 233377
    }, 
    {
        "accumulated_operating_revenue_yoy": 157.30274852840768, 
        "accumulated_operating_revenue": 7661336, 
        "long_term_average": 997034, 
        "date": "2014-10-31", 
        "operating_revenue": 363190, 
        "short_term_average": 303906
    }, 
    {
        "accumulated_operating_revenue_yoy": 109.67569708528033, 
        "accumulated_operating_revenue": 9158278, 
        "long_term_average": 1005923, 
        "date": "2014-11-30", 
        "operating_revenue": 1496942, 
        "short_term_average": 704087
    }, 
    {
        "accumulated_operating_revenue_yoy": 80.8312292368843, 
        "accumulated_operating_revenue": 13165669, 
        "long_term_average": 1097139, 
        "date": "2014-12-31", 
        "operating_revenue": 4007391, 
        "short_term_average": 1955841
    }, 
    {
        "accumulated_operating_revenue_yoy": 161.8885987212613, 
        "accumulated_operating_revenue": 756130, 
        "long_term_average": 1136089, 
        "date": "2015-01-31", 
        "operating_revenue": 756130, 
        "short_term_average": 2086821
    }, 
    {
        "accumulated_operating_revenue_yoy": 148.192128844025, 
        "accumulated_operating_revenue": 1396798, 
        "long_term_average": 1166639, 
        "date": "2015-02-28", 
        "operating_revenue": 640668, 
        "short_term_average": 1801396
    }, 
    {
        "accumulated_operating_revenue_yoy": -63.29873494611659, 
        "accumulated_operating_revenue": 1822278, 
        "long_term_average": 835231, 
        "date": "2015-03-31", 
        "operating_revenue": 425480, 
        "short_term_average": 607426
    }, 
    {
        "accumulated_operating_revenue_yoy": -59.02481930942235, 
        "accumulated_operating_revenue": 2148021, 
        "long_term_average": 839286, 
        "date": "2015-04-30", 
        "operating_revenue": 325743, 
        "short_term_average": 463963
    }, 
    {
        "accumulated_operating_revenue_yoy": -52.45096111073764, 
        "accumulated_operating_revenue": 2659471, 
        "long_term_average": 852669, 
        "date": "2015-05-31", 
        "operating_revenue": 511450, 
        "short_term_average": 420891
    }, 
    {
        "accumulated_operating_revenue_yoy": -50.17336279876987, 
        "accumulated_operating_revenue": 3287568, 
        "long_term_average": 821268, 
        "date": "2015-06-30", 
        "operating_revenue": 628097, 
        "short_term_average": 488430
    }, 
    {
        "accumulated_operating_revenue_yoy": -42.913213755208076, 
        "accumulated_operating_revenue": 3853140, 
        "long_term_average": 855765, 
        "date": "2015-07-31", 
        "operating_revenue": 565572, 
        "short_term_average": 568373
    }, 
    {
        "accumulated_operating_revenue_yoy": -34.411422626832326, 
        "accumulated_operating_revenue": 4621381, 
        "long_term_average": 895086, 
        "date": "2015-08-31", 
        "operating_revenue": 768241, 
        "short_term_average": 653970
    }
]