[
    {
        "date": "2012-01-31", 
        "operating_revenue": 246403, 
        "accumulated_operating_revenue": 246403, 
        "long_term_average": 246403, 
        "short_term_average": 246403
    }, 
    {
        "date": "2012-02-29", 
        "operating_revenue": 151199, 
        "accumulated_operating_revenue": 397602, 
        "long_term_average": 198801, 
        "short_term_average": 198801
    }, 
    {
        "date": "2012-03-31", 
        "operating_revenue": 188886, 
        "accumulated_operating_revenue": 586488, 
        "long_term_average": 195496, 
        "short_term_average": 195496
    }, 
    {
        "date": "2012-04-30", 
        "operating_revenue": 118274, 
        "accumulated_operating_revenue": 704762, 
        "long_term_average": 176190, 
        "short_term_average": 152786
    }, 
    {
        "date": "2012-05-31", 
        "operating_revenue": 394714, 
        "accumulated_operating_revenue": 1099476, 
        "long_term_average": 219895, 
        "short_term_average": 233958
    }, 
    {
        "date": "2012-06-30", 
        "operating_revenue": 228626, 
        "accumulated_operating_revenue": 1328102, 
        "long_term_average": 221350, 
        "short_term_average": 247204
    }, 
    {
        "date": "2012-07-31", 
        "operating_revenue": 200253, 
        "accumulated_operating_revenue": 1528355, 
        "long_term_average": 218336, 
        "short_term_average": 274531
    }, 
    {
        "date": "2012-08-31", 
        "operating_revenue": 270481, 
        "accumulated_operating_revenue": 1798836, 
        "long_term_average": 224854, 
        "short_term_average": 233120
    }, 
    {
        "date": "2012-09-30", 
        "operating_revenue": 284759, 
        "accumulated_operating_revenue": 2083595, 
        "long_term_average": 231510, 
        "short_term_average": 251831
    }, 
    {
        "date": "2012-10-31", 
        "operating_revenue": 290032, 
        "accumulated_operating_revenue": 2373627, 
        "long_term_average": 237362, 
        "short_term_average": 281757
    }, 
    {
        "date": "2012-11-30", 
        "operating_revenue": 312092, 
        "accumulated_operating_revenue": 2685719, 
        "long_term_average": 244156, 
        "short_term_average": 295627
    }, 
    {
        "date": "2012-12-31", 
        "operating_revenue": 1146083, 
        "accumulated_operating_revenue": 3831802, 
        "long_term_average": 319316, 
        "short_term_average": 582735
    }, 
    {
        "accumulated_operating_revenue_yoy": 66.0876693871422, 
        "accumulated_operating_revenue": 409245, 
        "long_term_average": 332887, 
        "date": "2013-01-31", 
        "operating_revenue": 409245, 
        "short_term_average": 622473
    }, 
    {
        "accumulated_operating_revenue_yoy": 34.61350798034215, 
        "accumulated_operating_revenue": 535226, 
        "long_term_average": 330785, 
        "date": "2013-02-28", 
        "operating_revenue": 125981, 
        "short_term_average": 560436
    }, 
    {
        "accumulated_operating_revenue_yoy": 57.86938522186303, 
        "accumulated_operating_revenue": 925885, 
        "long_term_average": 347599, 
        "date": "2013-03-31", 
        "operating_revenue": 390659, 
        "short_term_average": 308628
    }, 
    {
        "accumulated_operating_revenue_yoy": 119.12532173982137, 
        "accumulated_operating_revenue": 1544312, 
        "long_term_average": 389279, 
        "date": "2013-04-30", 
        "operating_revenue": 618427, 
        "short_term_average": 378355
    }, 
    {
        "accumulated_operating_revenue_yoy": 73.83644572505447, 
        "accumulated_operating_revenue": 1911290, 
        "long_term_average": 386968, 
        "date": "2013-05-31", 
        "operating_revenue": 366978, 
        "short_term_average": 458688
    }, 
    {
        "accumulated_operating_revenue_yoy": 72.56513430444348, 
        "accumulated_operating_revenue": 2291841, 
        "long_term_average": 399628, 
        "date": "2013-06-30", 
        "operating_revenue": 380551, 
        "short_term_average": 455318
    }, 
    {
        "accumulated_operating_revenue_yoy": 83.28150200705988, 
        "accumulated_operating_revenue": 2801192, 
        "long_term_average": 425386, 
        "date": "2013-07-31", 
        "operating_revenue": 509351, 
        "short_term_average": 418960
    }, 
    {
        "accumulated_operating_revenue_yoy": 90.34147637694599, 
        "accumulated_operating_revenue": 3423931, 
        "long_term_average": 454741, 
        "date": "2013-08-31", 
        "operating_revenue": 622739, 
        "short_term_average": 504213
    }, 
    {
        "accumulated_operating_revenue_yoy": 89.46081172204771, 
        "accumulated_operating_revenue": 3947596, 
        "long_term_average": 474650, 
        "date": "2013-09-30", 
        "operating_revenue": 523665, 
        "short_term_average": 551918
    }, 
    {
        "accumulated_operating_revenue_yoy": 76.85377694136442, 
        "accumulated_operating_revenue": 4197849, 
        "long_term_average": 471335, 
        "date": "2013-10-31", 
        "operating_revenue": 250253, 
        "short_term_average": 465552
    }, 
    {
        "accumulated_operating_revenue_yoy": 63.40983550401214, 
        "accumulated_operating_revenue": 4388729, 
        "long_term_average": 461234, 
        "date": "2013-11-30", 
        "operating_revenue": 190880, 
        "short_term_average": 321599
    }, 
    {
        "accumulated_operating_revenue_yoy": 24.861696924841105, 
        "accumulated_operating_revenue": 4784453, 
        "long_term_average": 398704, 
        "date": "2013-12-31", 
        "operating_revenue": 395724, 
        "short_term_average": 278952
    }, 
    {
        "accumulated_operating_revenue_yoy": -65.15412527947805, 
        "accumulated_operating_revenue": 142605, 
        "long_term_average": 376484, 
        "date": "2014-01-31", 
        "operating_revenue": 142605, 
        "short_term_average": 243069
    }, 
    {
        "accumulated_operating_revenue_yoy": -69.2531752941748, 
        "accumulated_operating_revenue": 164565, 
        "long_term_average": 367816, 
        "date": "2014-02-28", 
        "operating_revenue": 21960, 
        "short_term_average": 186763
    }, 
    {
        "accumulated_operating_revenue_yoy": -56.74441210301495, 
        "accumulated_operating_revenue": 400497, 
        "long_term_average": 354922, 
        "date": "2014-03-31", 
        "operating_revenue": 235932, 
        "short_term_average": 133499
    }, 
    {
        "accumulated_operating_revenue_yoy": -68.0248550810976, 
        "accumulated_operating_revenue": 493796, 
        "long_term_average": 311161, 
        "date": "2014-04-30", 
        "operating_revenue": 93299, 
        "short_term_average": 117063
    }, 
    {
        "accumulated_operating_revenue_yoy": -61.84974545987265, 
        "accumulated_operating_revenue": 729162, 
        "long_term_average": 300193, 
        "date": "2014-05-31", 
        "operating_revenue": 235366, 
        "short_term_average": 188199
    }, 
    {
        "accumulated_operating_revenue_yoy": -55.66359097337031, 
        "accumulated_operating_revenue": 1016120, 
        "long_term_average": 292394, 
        "date": "2014-06-30", 
        "operating_revenue": 286958, 
        "short_term_average": 205207
    }, 
    {
        "accumulated_operating_revenue_yoy": -53.8011318038892, 
        "accumulated_operating_revenue": 1294119, 
        "long_term_average": 273115, 
        "date": "2014-07-31", 
        "operating_revenue": 277999, 
        "short_term_average": 266774
    }, 
    {
        "accumulated_operating_revenue_yoy": -57.57058188380548, 
        "accumulated_operating_revenue": 1452754, 
        "long_term_average": 234439, 
        "date": "2014-08-31", 
        "operating_revenue": 158635, 
        "short_term_average": 241197
    }, 
    {
        "accumulated_operating_revenue_yoy": -39.49910274506307, 
        "accumulated_operating_revenue": 2388331, 
        "long_term_average": 268765, 
        "date": "2014-09-30", 
        "operating_revenue": 935577, 
        "short_term_average": 457403
    }, 
    {
        "accumulated_operating_revenue_yoy": -36.5853797980823, 
        "accumulated_operating_revenue": 2662050, 
        "long_term_average": 270721, 
        "date": "2014-10-31", 
        "operating_revenue": 273719, 
        "short_term_average": 455977
    }, 
    {
        "accumulated_operating_revenue_yoy": -32.61794018268159, 
        "accumulated_operating_revenue": 2957216, 
        "long_term_average": 279411, 
        "date": "2014-11-30", 
        "operating_revenue": 295166, 
        "short_term_average": 501487
    }, 
    {
        "accumulated_operating_revenue_yoy": -32.136212854426624, 
        "accumulated_operating_revenue": 3246911, 
        "long_term_average": 270575, 
        "date": "2014-12-31", 
        "operating_revenue": 289695, 
        "short_term_average": 286193
    }, 
    {
        "accumulated_operating_revenue_yoy": -19.042810560639527, 
        "accumulated_operating_revenue": 115449, 
        "long_term_average": 268312, 
        "date": "2015-01-31", 
        "operating_revenue": 115449, 
        "short_term_average": 233436
    }, 
    {
        "accumulated_operating_revenue_yoy": 40.94370005772795, 
        "accumulated_operating_revenue": 231944, 
        "long_term_average": 276190, 
        "date": "2015-02-28", 
        "operating_revenue": 116495, 
        "short_term_average": 173879
    }, 
    {
        "accumulated_operating_revenue_yoy": -6.518650576658502, 
        "accumulated_operating_revenue": 374390, 
        "long_term_average": 268400, 
        "date": "2015-03-31", 
        "operating_revenue": 142446, 
        "short_term_average": 124796
    }, 
    {
        "accumulated_operating_revenue_yoy": 4.26957691030304, 
        "accumulated_operating_revenue": 514879, 
        "long_term_average": 272332, 
        "date": "2015-04-30", 
        "operating_revenue": 140489, 
        "short_term_average": 133143
    }, 
    {
        "accumulated_operating_revenue_yoy": -12.309747353811636, 
        "accumulated_operating_revenue": 639404, 
        "long_term_average": 263096, 
        "date": "2015-05-31", 
        "operating_revenue": 124525, 
        "short_term_average": 135820
    }, 
    {
        "accumulated_operating_revenue_yoy": -24.780439318190766, 
        "accumulated_operating_revenue": 764321, 
        "long_term_average": 249592, 
        "date": "2015-06-30", 
        "operating_revenue": 124917, 
        "short_term_average": 129977
    }, 
    {
        "accumulated_operating_revenue_yoy": -27.950211688415056, 
        "accumulated_operating_revenue": 932410, 
        "long_term_average": 240433, 
        "date": "2015-07-31", 
        "operating_revenue": 168089, 
        "short_term_average": 139177
    }, 
    {
        "accumulated_operating_revenue_yoy": -25.649284049467425, 
        "accumulated_operating_revenue": 1080133, 
        "long_term_average": 239524, 
        "date": "2015-08-31", 
        "operating_revenue": 147723, 
        "short_term_average": 146909
    }, 
    {
        "accumulated_operating_revenue_yoy": -47.75234253543583, 
        "accumulated_operating_revenue": 1247847, 
        "long_term_average": 175535, 
        "date": "2015-09-30", 
        "operating_revenue": 167714, 
        "short_term_average": 161175
    }
]