[
    {
        "date": "2012-01-31", 
        "operating_revenue": 11750, 
        "accumulated_operating_revenue": 11750, 
        "long_term_average": 11750, 
        "short_term_average": 11750
    }, 
    {
        "date": "2012-02-29", 
        "operating_revenue": 16029, 
        "accumulated_operating_revenue": 27779, 
        "long_term_average": 13889, 
        "short_term_average": 13889
    }, 
    {
        "date": "2012-03-31", 
        "operating_revenue": 24117, 
        "accumulated_operating_revenue": 51896, 
        "long_term_average": 17298, 
        "short_term_average": 17298
    }, 
    {
        "date": "2012-04-30", 
        "operating_revenue": 9626, 
        "accumulated_operating_revenue": 61522, 
        "long_term_average": 15380, 
        "short_term_average": 16590
    }, 
    {
        "date": "2012-05-31", 
        "operating_revenue": 1437918, 
        "accumulated_operating_revenue": 1499440, 
        "long_term_average": 299888, 
        "short_term_average": 490553
    }, 
    {
        "date": "2012-06-30", 
        "operating_revenue": 13955, 
        "accumulated_operating_revenue": 1513395, 
        "long_term_average": 252232, 
        "short_term_average": 487166
    }, 
    {
        "date": "2012-07-31", 
        "operating_revenue": 12197, 
        "accumulated_operating_revenue": 1525592, 
        "long_term_average": 217941, 
        "short_term_average": 488023
    }, 
    {
        "date": "2012-08-31", 
        "operating_revenue": 9945, 
        "accumulated_operating_revenue": 1535537, 
        "long_term_average": 191942, 
        "short_term_average": 12032
    }, 
    {
        "date": "2012-09-30", 
        "operating_revenue": 26879, 
        "accumulated_operating_revenue": 1562416, 
        "long_term_average": 173601, 
        "short_term_average": 16340
    }, 
    {
        "date": "2012-10-31", 
        "operating_revenue": 12842, 
        "accumulated_operating_revenue": 1575258, 
        "long_term_average": 157525, 
        "short_term_average": 16555
    }, 
    {
        "date": "2012-11-30", 
        "operating_revenue": 15641, 
        "accumulated_operating_revenue": 1590899, 
        "long_term_average": 144627, 
        "short_term_average": 18454
    }, 
    {
        "date": "2012-12-31", 
        "operating_revenue": 11958, 
        "accumulated_operating_revenue": 1602857, 
        "long_term_average": 133571, 
        "short_term_average": 13480
    }, 
    {
        "accumulated_operating_revenue_yoy": 103.67659574468084, 
        "accumulated_operating_revenue": 23932, 
        "long_term_average": 134586, 
        "date": "2013-01-31", 
        "operating_revenue": 23932, 
        "short_term_average": 17177
    }, 
    {
        "accumulated_operating_revenue_yoy": 83.17074048741856, 
        "accumulated_operating_revenue": 50883, 
        "long_term_average": 135496, 
        "date": "2013-02-28", 
        "operating_revenue": 26951, 
        "short_term_average": 20947
    }, 
    {
        "accumulated_operating_revenue_yoy": 22.04216124556806, 
        "accumulated_operating_revenue": 63335, 
        "long_term_average": 134524, 
        "date": "2013-03-31", 
        "operating_revenue": 12452, 
        "short_term_average": 21111
    }, 
    {
        "accumulated_operating_revenue_yoy": 11.400799713923474, 
        "accumulated_operating_revenue": 68536, 
        "long_term_average": 134155, 
        "date": "2013-04-30", 
        "operating_revenue": 5201, 
        "short_term_average": 14868
    }, 
    {
        "accumulated_operating_revenue_yoy": -94.20717067705276, 
        "accumulated_operating_revenue": 86860, 
        "long_term_average": 15856, 
        "date": "2013-05-31", 
        "operating_revenue": 18324, 
        "short_term_average": 11992
    }, 
    {
        "accumulated_operating_revenue_yoy": -92.31297843590073, 
        "accumulated_operating_revenue": 116335, 
        "long_term_average": 17149, 
        "date": "2013-06-30", 
        "operating_revenue": 29475, 
        "short_term_average": 17666
    }, 
    {
        "accumulated_operating_revenue_yoy": -91.38780224332586, 
        "accumulated_operating_revenue": 131387, 
        "long_term_average": 17387, 
        "date": "2013-07-31", 
        "operating_revenue": 15052, 
        "short_term_average": 20950
    }, 
    {
        "accumulated_operating_revenue_yoy": -90.48541324631057, 
        "accumulated_operating_revenue": 146100, 
        "long_term_average": 17785, 
        "date": "2013-08-31", 
        "operating_revenue": 14713, 
        "short_term_average": 19746
    }, 
    {
        "accumulated_operating_revenue_yoy": -78.68915832915178, 
        "accumulated_operating_revenue": 332964, 
        "long_term_average": 31117, 
        "date": "2013-09-30", 
        "operating_revenue": 186864, 
        "short_term_average": 72209
    }, 
    {
        "accumulated_operating_revenue_yoy": -76.7716145545682, 
        "accumulated_operating_revenue": 365907, 
        "long_term_average": 32792, 
        "date": "2013-10-31", 
        "operating_revenue": 32943, 
        "short_term_average": 78173
    }, 
    {
        "accumulated_operating_revenue_yoy": -48.00078446211859, 
        "accumulated_operating_revenue": 827255, 
        "long_term_average": 69934, 
        "date": "2013-11-30", 
        "operating_revenue": 461348, 
        "short_term_average": 227051
    }, 
    {
        "accumulated_operating_revenue_yoy": 48.36064602144795, 
        "accumulated_operating_revenue": 2378009, 
        "long_term_average": 198167, 
        "date": "2013-12-31", 
        "operating_revenue": 1550754, 
        "short_term_average": 681681
    }, 
    {
        "accumulated_operating_revenue_yoy": -25.050142069196056, 
        "accumulated_operating_revenue": 17937, 
        "long_term_average": 197667, 
        "date": "2014-01-31", 
        "operating_revenue": 17937, 
        "short_term_average": 676679
    }, 
    {
        "accumulated_operating_revenue_yoy": -35.72509482538372, 
        "accumulated_operating_revenue": 32705, 
        "long_term_average": 196652, 
        "date": "2014-02-28", 
        "operating_revenue": 14768, 
        "short_term_average": 527819
    }, 
    {
        "accumulated_operating_revenue_yoy": 191.0807610326044, 
        "accumulated_operating_revenue": 184356, 
        "long_term_average": 208252, 
        "date": "2014-03-31", 
        "operating_revenue": 151651, 
        "short_term_average": 61452
    }, 
    {
        "accumulated_operating_revenue_yoy": 196.2049142056729, 
        "accumulated_operating_revenue": 203007, 
        "long_term_average": 209373, 
        "date": "2014-04-30", 
        "operating_revenue": 18651, 
        "short_term_average": 61690
    }, 
    {
        "accumulated_operating_revenue_yoy": 166.82017038913193, 
        "accumulated_operating_revenue": 231760, 
        "long_term_average": 210242, 
        "date": "2014-05-31", 
        "operating_revenue": 28753, 
        "short_term_average": 66351
    }, 
    {
        "accumulated_operating_revenue_yoy": 176.46452056560796, 
        "accumulated_operating_revenue": 321625, 
        "long_term_average": 215274, 
        "date": "2014-06-30", 
        "operating_revenue": 89865, 
        "short_term_average": 45756
    }, 
    {
        "accumulated_operating_revenue_yoy": 154.94074756254423, 
        "accumulated_operating_revenue": 334959, 
        "long_term_average": 215131, 
        "date": "2014-07-31", 
        "operating_revenue": 13334, 
        "short_term_average": 43984
    }, 
    {
        "accumulated_operating_revenue_yoy": 3247.442847364819, 
        "accumulated_operating_revenue": 4890614, 
        "long_term_average": 593543, 
        "date": "2014-08-31", 
        "operating_revenue": 4555655, 
        "short_term_average": 1552951
    }, 
    {
        "accumulated_operating_revenue_yoy": 1376.7124974471715, 
        "accumulated_operating_revenue": 4916921, 
        "long_term_average": 580163, 
        "date": "2014-09-30", 
        "operating_revenue": 26307, 
        "short_term_average": 1531765
    }, 
    {
        "accumulated_operating_revenue_yoy": 1250.9520178624623, 
        "accumulated_operating_revenue": 4943228, 
        "long_term_average": 579610, 
        "date": "2014-10-31", 
        "operating_revenue": 26307, 
        "short_term_average": 1536089
    }, 
    {
        "accumulated_operating_revenue_yoy": 499.98815359230224, 
        "accumulated_operating_revenue": 4963432, 
        "long_term_average": 542848, 
        "date": "2014-11-30", 
        "operating_revenue": 20204, 
        "short_term_average": 24272
    }, 
    {
        "accumulated_operating_revenue_yoy": 109.35290825223957, 
        "accumulated_operating_revenue": 4978431, 
        "long_term_average": 414869, 
        "date": "2014-12-31", 
        "operating_revenue": 14999, 
        "short_term_average": 20503
    }, 
    {
        "accumulated_operating_revenue_yoy": -19.05000836260244, 
        "accumulated_operating_revenue": 14520, 
        "long_term_average": 414584, 
        "date": "2015-01-31", 
        "operating_revenue": 14520, 
        "short_term_average": 16574
    }, 
    {
        "accumulated_operating_revenue_yoy": -16.171839168322887, 
        "accumulated_operating_revenue": 27416, 
        "long_term_average": 414428, 
        "date": "2015-02-28", 
        "operating_revenue": 12896, 
        "short_term_average": 14138
    }, 
    {
        "accumulated_operating_revenue_yoy": -54.303087504610644, 
        "accumulated_operating_revenue": 84245, 
        "long_term_average": 406526, 
        "date": "2015-03-31", 
        "operating_revenue": 56829, 
        "short_term_average": 28081
    }, 
    {
        "accumulated_operating_revenue_yoy": -50.45786598491677, 
        "accumulated_operating_revenue": 100574, 
        "long_term_average": 406333, 
        "date": "2015-04-30", 
        "operating_revenue": 16329, 
        "short_term_average": 28684
    }, 
    {
        "accumulated_operating_revenue_yoy": -50.498360372799446, 
        "accumulated_operating_revenue": 114725, 
        "long_term_average": 405116, 
        "date": "2015-05-31", 
        "operating_revenue": 14151, 
        "short_term_average": 29103
    }, 
    {
        "accumulated_operating_revenue_yoy": 746.3782355227362, 
        "accumulated_operating_revenue": 2722164, 
        "long_term_average": 614914, 
        "date": "2015-06-30", 
        "operating_revenue": 2607439, 
        "short_term_average": 879306
    }, 
    {
        "accumulated_operating_revenue_yoy": 718.8148400251971, 
        "accumulated_operating_revenue": 2742694, 
        "long_term_average": 615513, 
        "date": "2015-07-31", 
        "operating_revenue": 20530, 
        "short_term_average": 880706
    }, 
    {
        "accumulated_operating_revenue_yoy": -43.61020927024705, 
        "accumulated_operating_revenue": 2757807, 
        "long_term_average": 237135, 
        "date": "2015-08-31", 
        "operating_revenue": 15113, 
        "short_term_average": 881027
    }, 
    {
        "accumulated_operating_revenue_yoy": -42.1063303640632, 
        "accumulated_operating_revenue": 2846586, 
        "long_term_average": 242341, 
        "date": "2015-09-30", 
        "operating_revenue": 88779, 
        "short_term_average": 41474
    }
]