[
    {
        "date": "2012-01-31", 
        "operating_revenue": 38, 
        "accumulated_operating_revenue": 38, 
        "long_term_average": 38, 
        "short_term_average": 38
    }, 
    {
        "date": "2012-02-29", 
        "operating_revenue": 16, 
        "accumulated_operating_revenue": 54, 
        "long_term_average": 27, 
        "short_term_average": 27
    }, 
    {
        "date": "2012-03-31", 
        "operating_revenue": 8, 
        "accumulated_operating_revenue": 62, 
        "long_term_average": 20, 
        "short_term_average": 20
    }, 
    {
        "date": "2012-04-30", 
        "operating_revenue": 6, 
        "accumulated_operating_revenue": 68, 
        "long_term_average": 17, 
        "short_term_average": 10
    }, 
    {
        "date": "2012-05-31", 
        "operating_revenue": 9, 
        "accumulated_operating_revenue": 77, 
        "long_term_average": 15, 
        "short_term_average": 7
    }, 
    {
        "date": "2012-07-31", 
        "operating_revenue": 3, 
        "accumulated_operating_revenue": 80, 
        "long_term_average": 13, 
        "short_term_average": 6
    }, 
    {
        "date": "2012-08-31", 
        "operating_revenue": 12, 
        "accumulated_operating_revenue": 92, 
        "long_term_average": 13, 
        "short_term_average": 8
    }, 
    {
        "date": "2012-09-30", 
        "operating_revenue": 13, 
        "accumulated_operating_revenue": 105, 
        "long_term_average": 13, 
        "short_term_average": 9
    }, 
    {
        "date": "2012-10-31", 
        "operating_revenue": 12, 
        "accumulated_operating_revenue": 117, 
        "long_term_average": 13, 
        "short_term_average": 12
    }, 
    {
        "date": "2012-11-30", 
        "operating_revenue": 165, 
        "accumulated_operating_revenue": 282, 
        "long_term_average": 28, 
        "short_term_average": 63
    }, 
    {
        "date": "2012-12-31", 
        "operating_revenue": 165, 
        "accumulated_operating_revenue": 447, 
        "long_term_average": 40, 
        "short_term_average": 114
    }, 
    {
        "accumulated_operating_revenue_yoy": 331.57894736842104, 
        "accumulated_operating_revenue": 164, 
        "long_term_average": 50, 
        "date": "2013-01-31", 
        "operating_revenue": 164, 
        "short_term_average": 164
    }, 
    {
        "accumulated_operating_revenue_yoy": 503.7037037037037, 
        "accumulated_operating_revenue": 326, 
        "long_term_average": 61, 
        "date": "2013-02-28", 
        "operating_revenue": 162, 
        "short_term_average": 163
    }, 
    {
        "accumulated_operating_revenue_yoy": 682.258064516129, 
        "accumulated_operating_revenue": 485, 
        "long_term_average": 73, 
        "date": "2013-03-31", 
        "operating_revenue": 159, 
        "short_term_average": 161
    }, 
    {
        "accumulated_operating_revenue_yoy": 3305.8823529411766, 
        "accumulated_operating_revenue": 2316, 
        "long_term_average": 225, 
        "date": "2013-04-30", 
        "operating_revenue": 1831, 
        "short_term_average": 717
    }, 
    {
        "accumulated_operating_revenue_yoy": 3114.285714285714, 
        "accumulated_operating_revenue": 2475, 
        "long_term_average": 237, 
        "date": "2013-05-31", 
        "operating_revenue": 159, 
        "short_term_average": 716
    }, 
    {
        "date": "2013-06-30", 
        "operating_revenue": 159, 
        "accumulated_operating_revenue": 2634, 
        "long_term_average": 250, 
        "short_term_average": 716
    }, 
    {
        "accumulated_operating_revenue_yoy": 3390.0, 
        "accumulated_operating_revenue": 2792, 
        "long_term_average": 263, 
        "date": "2013-07-31", 
        "operating_revenue": 158, 
        "short_term_average": 158
    }, 
    {
        "accumulated_operating_revenue_yoy": 55781.52173913044, 
        "accumulated_operating_revenue": 51411, 
        "long_term_average": 4313, 
        "date": "2013-08-31", 
        "operating_revenue": 48619, 
        "short_term_average": 16312
    }, 
    {
        "accumulated_operating_revenue_yoy": 48865.71428571428, 
        "accumulated_operating_revenue": 51414, 
        "long_term_average": 4313, 
        "date": "2013-09-30", 
        "operating_revenue": 3, 
        "short_term_average": 16260
    }, 
    {
        "accumulated_operating_revenue_yoy": 45274.35897435897, 
        "accumulated_operating_revenue": 53088, 
        "long_term_average": 4451, 
        "date": "2013-10-31", 
        "operating_revenue": 1674, 
        "short_term_average": 16765
    }, 
    {
        "accumulated_operating_revenue_yoy": 601547.1631205673, 
        "accumulated_operating_revenue": 1696645, 
        "long_term_average": 141400, 
        "date": "2013-11-30", 
        "operating_revenue": 1643557, 
        "short_term_average": 548411
    }, 
    {
        "accumulated_operating_revenue_yoy": 417465.548098434, 
        "accumulated_operating_revenue": 1866518, 
        "long_term_average": 155543, 
        "date": "2013-12-31", 
        "operating_revenue": 169873, 
        "short_term_average": 605034
    }, 
    {
        "accumulated_operating_revenue_yoy": 42034.14634146341, 
        "accumulated_operating_revenue": 69100, 
        "long_term_average": 161287, 
        "date": "2014-01-31", 
        "operating_revenue": 69100, 
        "short_term_average": 627510
    }, 
    {
        "accumulated_operating_revenue_yoy": 53596.01226993865, 
        "accumulated_operating_revenue": 175049, 
        "long_term_average": 170103, 
        "date": "2014-02-28", 
        "operating_revenue": 105949, 
        "short_term_average": 114974
    }, 
    {
        "accumulated_operating_revenue_yoy": 40298.35051546391, 
        "accumulated_operating_revenue": 195932, 
        "long_term_average": 171830, 
        "date": "2014-03-31", 
        "operating_revenue": 20883, 
        "short_term_average": 65310
    }, 
    {
        "accumulated_operating_revenue_yoy": 8360.060449050086, 
        "accumulated_operating_revenue": 195935, 
        "long_term_average": 171678, 
        "date": "2014-04-30", 
        "operating_revenue": 3, 
        "short_term_average": 42278
    }, 
    {
        "accumulated_operating_revenue_yoy": 9142.262626262627, 
        "accumulated_operating_revenue": 228746, 
        "long_term_average": 174399, 
        "date": "2014-05-31", 
        "operating_revenue": 32811, 
        "short_term_average": 17899
    }, 
    {
        "accumulated_operating_revenue_yoy": 9583.067577828397, 
        "accumulated_operating_revenue": 255052, 
        "long_term_average": 176578, 
        "date": "2014-06-30", 
        "operating_revenue": 26306, 
        "short_term_average": 19706
    }, 
    {
        "accumulated_operating_revenue_yoy": 10129.62034383954, 
        "accumulated_operating_revenue": 285611, 
        "long_term_average": 179111, 
        "date": "2014-07-31", 
        "operating_revenue": 30559, 
        "short_term_average": 29892
    }, 
    {
        "accumulated_operating_revenue_yoy": 535.4048744432125, 
        "accumulated_operating_revenue": 326668, 
        "long_term_average": 178481, 
        "date": "2014-08-31", 
        "operating_revenue": 41057, 
        "short_term_average": 32640
    }, 
    {
        "accumulated_operating_revenue_yoy": 535.3716886451161, 
        "accumulated_operating_revenue": 326670, 
        "long_term_average": 178481, 
        "date": "2014-09-30", 
        "operating_revenue": 2, 
        "short_term_average": 23872
    }, 
    {
        "accumulated_operating_revenue_yoy": 557.2238547317661, 
        "accumulated_operating_revenue": 348907, 
        "long_term_average": 180194, 
        "date": "2014-10-31", 
        "operating_revenue": 22237, 
        "short_term_average": 21098
    }, 
    {
        "accumulated_operating_revenue_yoy": -79.435297307333, 
        "accumulated_operating_revenue": 348910, 
        "long_term_average": 43231, 
        "date": "2014-11-30", 
        "operating_revenue": 3, 
        "short_term_average": 7414
    }, 
    {
        "accumulated_operating_revenue_yoy": -81.3067969341844, 
        "accumulated_operating_revenue": 348912, 
        "long_term_average": 29076, 
        "date": "2014-12-31", 
        "operating_revenue": 2, 
        "short_term_average": 7414
    }, 
    {
        "accumulated_operating_revenue_yoy": -77.65557163531113, 
        "accumulated_operating_revenue": 15440, 
        "long_term_average": 24604, 
        "date": "2015-01-31", 
        "operating_revenue": 15440, 
        "short_term_average": 5148
    }, 
    {
        "accumulated_operating_revenue_yoy": -90.18446263617615, 
        "accumulated_operating_revenue": 17182, 
        "long_term_average": 15920, 
        "date": "2015-02-28", 
        "operating_revenue": 1742, 
        "short_term_average": 5728
    }, 
    {
        "accumulated_operating_revenue_yoy": -74.28342486168671, 
        "accumulated_operating_revenue": 50387, 
        "long_term_average": 16947, 
        "date": "2015-03-31", 
        "operating_revenue": 33205, 
        "short_term_average": 16795
    }, 
    {
        "accumulated_operating_revenue_yoy": -65.15681220813025, 
        "accumulated_operating_revenue": 68270, 
        "long_term_average": 18437, 
        "date": "2015-04-30", 
        "operating_revenue": 17883, 
        "short_term_average": 17610
    }, 
    {
        "accumulated_operating_revenue_yoy": -76.09615876139225, 
        "accumulated_operating_revenue": 68272, 
        "long_term_average": 15703, 
        "date": "2015-07-31", 
        "operating_revenue": 2, 
        "short_term_average": 17030
    }, 
    {
        "accumulated_operating_revenue_yoy": -79.0995751037751, 
        "accumulated_operating_revenue": 68275, 
        "long_term_average": 13511, 
        "date": "2015-08-31", 
        "operating_revenue": 3, 
        "short_term_average": 5962
    }
]