[
    {
        "date": "2012-01-31", 
        "operating_revenue": 549, 
        "accumulated_operating_revenue": 549, 
        "long_term_average": 549, 
        "short_term_average": 549
    }, 
    {
        "date": "2012-02-29", 
        "operating_revenue": 547, 
        "accumulated_operating_revenue": 1096, 
        "long_term_average": 548, 
        "short_term_average": 548
    }, 
    {
        "date": "2012-03-31", 
        "operating_revenue": 577, 
        "accumulated_operating_revenue": 1673, 
        "long_term_average": 557, 
        "short_term_average": 557
    }, 
    {
        "date": "2012-04-30", 
        "operating_revenue": 545, 
        "accumulated_operating_revenue": 2218, 
        "long_term_average": 554, 
        "short_term_average": 556
    }, 
    {
        "date": "2012-05-31", 
        "operating_revenue": 549, 
        "accumulated_operating_revenue": 2767, 
        "long_term_average": 553, 
        "short_term_average": 557
    }, 
    {
        "date": "2012-06-30", 
        "operating_revenue": 577, 
        "accumulated_operating_revenue": 3344, 
        "long_term_average": 557, 
        "short_term_average": 557
    }, 
    {
        "date": "2012-07-31", 
        "operating_revenue": 3399, 
        "accumulated_operating_revenue": 6743, 
        "long_term_average": 963, 
        "short_term_average": 1508
    }, 
    {
        "date": "2012-08-31", 
        "operating_revenue": 549, 
        "accumulated_operating_revenue": 7292, 
        "long_term_average": 911, 
        "short_term_average": 1508
    }, 
    {
        "date": "2012-09-30", 
        "operating_revenue": 589, 
        "accumulated_operating_revenue": 7881, 
        "long_term_average": 875, 
        "short_term_average": 1512
    }, 
    {
        "date": "2012-10-31", 
        "operating_revenue": 4287, 
        "accumulated_operating_revenue": 12168, 
        "long_term_average": 1216, 
        "short_term_average": 1808
    }, 
    {
        "date": "2012-11-30", 
        "operating_revenue": 558, 
        "accumulated_operating_revenue": 12726, 
        "long_term_average": 1156, 
        "short_term_average": 1811
    }, 
    {
        "date": "2012-12-31", 
        "operating_revenue": 1284, 
        "accumulated_operating_revenue": 14010, 
        "long_term_average": 1167, 
        "short_term_average": 2043
    }, 
    {
        "accumulated_operating_revenue_yoy": 63742.44080145719, 
        "accumulated_operating_revenue": 350495, 
        "long_term_average": 30329, 
        "date": "2013-01-31", 
        "operating_revenue": 350495, 
        "short_term_average": 117445
    }, 
    {
        "accumulated_operating_revenue_yoy": 37768.15693430657, 
        "accumulated_operating_revenue": 415035, 
        "long_term_average": 35662, 
        "date": "2013-02-28", 
        "operating_revenue": 64540, 
        "short_term_average": 138773
    }, 
    {
        "accumulated_operating_revenue_yoy": 24741.30304841602, 
        "accumulated_operating_revenue": 415595, 
        "long_term_average": 35661, 
        "date": "2013-03-31", 
        "operating_revenue": 560, 
        "short_term_average": 138531
    }, 
    {
        "accumulated_operating_revenue_yoy": 24117.718665464385, 
        "accumulated_operating_revenue": 537149, 
        "long_term_average": 45745, 
        "date": "2013-04-30", 
        "operating_revenue": 121554, 
        "short_term_average": 62218
    }, 
    {
        "accumulated_operating_revenue_yoy": 19332.923744127213, 
        "accumulated_operating_revenue": 537709, 
        "long_term_average": 45746, 
        "date": "2013-05-31", 
        "operating_revenue": 560, 
        "short_term_average": 40891
    }, 
    {
        "accumulated_operating_revenue_yoy": 16876.824162679426, 
        "accumulated_operating_revenue": 567705, 
        "long_term_average": 48197, 
        "date": "2013-06-30", 
        "operating_revenue": 29996, 
        "short_term_average": 50703
    }, 
    {
        "accumulated_operating_revenue_yoy": 8570.947649414207, 
        "accumulated_operating_revenue": 584682, 
        "long_term_average": 49329, 
        "date": "2013-07-31", 
        "operating_revenue": 16977, 
        "short_term_average": 15844
    }, 
    {
        "accumulated_operating_revenue_yoy": 8139.1250685682935, 
        "accumulated_operating_revenue": 600797, 
        "long_term_average": 50626, 
        "date": "2013-08-31", 
        "operating_revenue": 16115, 
        "short_term_average": 21029
    }, 
    {
        "accumulated_operating_revenue_yoy": 7530.820961806878, 
        "accumulated_operating_revenue": 601385, 
        "long_term_average": 50626, 
        "date": "2013-09-30", 
        "operating_revenue": 588, 
        "short_term_average": 11226
    }, 
    {
        "accumulated_operating_revenue_yoy": 4846.712689020382, 
        "accumulated_operating_revenue": 601916, 
        "long_term_average": 50313, 
        "date": "2013-10-31", 
        "operating_revenue": 531, 
        "short_term_average": 5744
    }, 
    {
        "accumulated_operating_revenue_yoy": 4633.922677982084, 
        "accumulated_operating_revenue": 602439, 
        "long_term_average": 50310, 
        "date": "2013-11-30", 
        "operating_revenue": 523, 
        "short_term_average": 547
    }, 
    {
        "accumulated_operating_revenue_yoy": 4204.047109207709, 
        "accumulated_operating_revenue": 602997, 
        "long_term_average": 50249, 
        "date": "2013-12-31", 
        "operating_revenue": 558, 
        "short_term_average": 537
    }, 
    {
        "accumulated_operating_revenue_yoy": -99.56975135165979, 
        "accumulated_operating_revenue": 1508, 
        "long_term_average": 21167, 
        "date": "2014-01-31", 
        "operating_revenue": 1508, 
        "short_term_average": 863
    }, 
    {
        "accumulated_operating_revenue_yoy": -99.49618706856049, 
        "accumulated_operating_revenue": 2091, 
        "long_term_average": 15837, 
        "date": "2014-02-28", 
        "operating_revenue": 583, 
        "short_term_average": 883
    }, 
    {
        "accumulated_operating_revenue_yoy": -99.33396696302891, 
        "accumulated_operating_revenue": 2768, 
        "long_term_average": 15847, 
        "date": "2014-03-31", 
        "operating_revenue": 677, 
        "short_term_average": 922
    }, 
    {
        "accumulated_operating_revenue_yoy": -99.3660976749468, 
        "accumulated_operating_revenue": 3405, 
        "long_term_average": 5771, 
        "date": "2014-04-30", 
        "operating_revenue": 637, 
        "short_term_average": 632
    }, 
    {
        "accumulated_operating_revenue_yoy": -99.03628170627607, 
        "accumulated_operating_revenue": 5182, 
        "long_term_average": 5872, 
        "date": "2014-05-31", 
        "operating_revenue": 1777, 
        "short_term_average": 1030
    }, 
    {
        "accumulated_operating_revenue_yoy": -98.96918293832184, 
        "accumulated_operating_revenue": 5852, 
        "long_term_average": 3428, 
        "date": "2014-06-30", 
        "operating_revenue": 670, 
        "short_term_average": 1028
    }, 
    {
        "accumulated_operating_revenue_yoy": -98.88913973749834, 
        "accumulated_operating_revenue": 6495, 
        "long_term_average": 2067, 
        "date": "2014-07-31", 
        "operating_revenue": 643, 
        "short_term_average": 1030
    }, 
    {
        "accumulated_operating_revenue_yoy": -98.81207795644785, 
        "accumulated_operating_revenue": 7137, 
        "long_term_average": 778, 
        "date": "2014-08-31", 
        "operating_revenue": 642, 
        "short_term_average": 651
    }, 
    {
        "accumulated_operating_revenue_yoy": -98.69867056877042, 
        "accumulated_operating_revenue": 7826, 
        "long_term_average": 786, 
        "date": "2014-09-30", 
        "operating_revenue": 689, 
        "short_term_average": 658
    }, 
    {
        "accumulated_operating_revenue_yoy": -98.59000259172376, 
        "accumulated_operating_revenue": 8487, 
        "long_term_average": 797, 
        "date": "2014-10-31", 
        "operating_revenue": 661, 
        "short_term_average": 664
    }, 
    {
        "accumulated_operating_revenue_yoy": -98.48167200330657, 
        "accumulated_operating_revenue": 9147, 
        "long_term_average": 808, 
        "date": "2014-11-30", 
        "operating_revenue": 660, 
        "short_term_average": 670
    }, 
    {
        "accumulated_operating_revenue_yoy": -98.36649270228541, 
        "accumulated_operating_revenue": 9850, 
        "long_term_average": 820, 
        "date": "2014-12-31", 
        "operating_revenue": 703, 
        "short_term_average": 674
    }, 
    {
        "accumulated_operating_revenue_yoy": -56.10079575596817, 
        "accumulated_operating_revenue": 662, 
        "long_term_average": 750, 
        "date": "2015-01-31", 
        "operating_revenue": 662, 
        "short_term_average": 675
    }, 
    {
        "accumulated_operating_revenue_yoy": -37.589670014347206, 
        "accumulated_operating_revenue": 1305, 
        "long_term_average": 755, 
        "date": "2015-02-28", 
        "operating_revenue": 643, 
        "short_term_average": 669
    }, 
    {
        "accumulated_operating_revenue_yoy": -27.96242774566474, 
        "accumulated_operating_revenue": 1994, 
        "long_term_average": 756, 
        "date": "2015-03-31", 
        "operating_revenue": 689, 
        "short_term_average": 664
    }, 
    {
        "accumulated_operating_revenue_yoy": -22.34948604992658, 
        "accumulated_operating_revenue": 2644, 
        "long_term_average": 757, 
        "date": "2015-04-30", 
        "operating_revenue": 650, 
        "short_term_average": 660
    }, 
    {
        "accumulated_operating_revenue_yoy": -36.356619065997684, 
        "accumulated_operating_revenue": 3298, 
        "long_term_average": 663, 
        "date": "2015-05-31", 
        "operating_revenue": 654, 
        "short_term_average": 664
    }, 
    {
        "accumulated_operating_revenue_yoy": -32.040328092959676, 
        "accumulated_operating_revenue": 3977, 
        "long_term_average": 664, 
        "date": "2015-06-30", 
        "operating_revenue": 679, 
        "short_term_average": 661
    }, 
    {
        "accumulated_operating_revenue_yoy": -28.729792147806005, 
        "accumulated_operating_revenue": 4629, 
        "long_term_average": 665, 
        "date": "2015-07-31", 
        "operating_revenue": 652, 
        "short_term_average": 661
    }, 
    {
        "accumulated_operating_revenue_yoy": -26.019335855401426, 
        "accumulated_operating_revenue": 5280, 
        "long_term_average": 666, 
        "date": "2015-08-31", 
        "operating_revenue": 651, 
        "short_term_average": 660
    }
]