[
    {
        "date": "2012-01-31", 
        "operating_revenue": 1761, 
        "accumulated_operating_revenue": 1761, 
        "long_term_average": 1761, 
        "short_term_average": 1761
    }, 
    {
        "date": "2012-02-29", 
        "operating_revenue": 17826, 
        "accumulated_operating_revenue": 19587, 
        "long_term_average": 9793, 
        "short_term_average": 9793
    }, 
    {
        "date": "2012-03-31", 
        "operating_revenue": 14394, 
        "accumulated_operating_revenue": 33981, 
        "long_term_average": 11327, 
        "short_term_average": 11327
    }, 
    {
        "date": "2012-04-30", 
        "operating_revenue": 19008, 
        "accumulated_operating_revenue": 52989, 
        "long_term_average": 13247, 
        "short_term_average": 17076
    }, 
    {
        "date": "2012-05-31", 
        "operating_revenue": 2464, 
        "accumulated_operating_revenue": 55453, 
        "long_term_average": 11090, 
        "short_term_average": 11955
    }, 
    {
        "date": "2012-06-30", 
        "operating_revenue": 2489, 
        "accumulated_operating_revenue": 57942, 
        "long_term_average": 9657, 
        "short_term_average": 7987
    }, 
    {
        "date": "2012-07-31", 
        "operating_revenue": 2517, 
        "accumulated_operating_revenue": 60459, 
        "long_term_average": 8637, 
        "short_term_average": 2490
    }, 
    {
        "date": "2012-08-31", 
        "operating_revenue": 2123, 
        "accumulated_operating_revenue": 62582, 
        "long_term_average": 7822, 
        "short_term_average": 2376
    }, 
    {
        "date": "2012-09-30", 
        "operating_revenue": 2115, 
        "accumulated_operating_revenue": 64697, 
        "long_term_average": 7188, 
        "short_term_average": 2251
    }, 
    {
        "date": "2012-10-31", 
        "operating_revenue": 2511, 
        "accumulated_operating_revenue": 67208, 
        "long_term_average": 6720, 
        "short_term_average": 2249
    }, 
    {
        "date": "2012-11-30", 
        "operating_revenue": 2490, 
        "accumulated_operating_revenue": 69698, 
        "long_term_average": 6336, 
        "short_term_average": 2372
    }, 
    {
        "date": "2012-12-31", 
        "operating_revenue": 15706, 
        "accumulated_operating_revenue": 85404, 
        "long_term_average": 7117, 
        "short_term_average": 6902
    }, 
    {
        "accumulated_operating_revenue_yoy": 44.804088586030666, 
        "accumulated_operating_revenue": 2550, 
        "long_term_average": 7182, 
        "date": "2013-01-31", 
        "operating_revenue": 2550, 
        "short_term_average": 6915
    }, 
    {
        "accumulated_operating_revenue_yoy": -74.10527390616225, 
        "accumulated_operating_revenue": 5072, 
        "long_term_average": 5907, 
        "date": "2013-02-28", 
        "operating_revenue": 2522, 
        "short_term_average": 6926
    }, 
    {
        "accumulated_operating_revenue_yoy": -77.46976251434626, 
        "accumulated_operating_revenue": 7656, 
        "long_term_average": 4923, 
        "date": "2013-03-31", 
        "operating_revenue": 2584, 
        "short_term_average": 2552
    }, 
    {
        "accumulated_operating_revenue_yoy": -80.87150163241428, 
        "accumulated_operating_revenue": 10136, 
        "long_term_average": 3545, 
        "date": "2013-04-30", 
        "operating_revenue": 2480, 
        "short_term_average": 2528
    }, 
    {
        "accumulated_operating_revenue_yoy": -40.0898057814726, 
        "accumulated_operating_revenue": 33222, 
        "long_term_average": 5264, 
        "date": "2013-05-31", 
        "operating_revenue": 23086, 
        "short_term_average": 9383
    }, 
    {
        "accumulated_operating_revenue_yoy": -37.996617306962136, 
        "accumulated_operating_revenue": 35926, 
        "long_term_average": 5282, 
        "date": "2013-06-30", 
        "operating_revenue": 2704, 
        "short_term_average": 9423
    }, 
    {
        "accumulated_operating_revenue_yoy": -36.38333416034006, 
        "accumulated_operating_revenue": 38462, 
        "long_term_average": 5283, 
        "date": "2013-07-31", 
        "operating_revenue": 2536, 
        "short_term_average": 9442
    }, 
    {
        "accumulated_operating_revenue_yoy": -0.030360167460292097, 
        "accumulated_operating_revenue": 62563, 
        "long_term_average": 7115, 
        "date": "2013-08-31", 
        "operating_revenue": 24101, 
        "short_term_average": 9780
    }, 
    {
        "accumulated_operating_revenue_yoy": 0.4188756820254417, 
        "accumulated_operating_revenue": 64968, 
        "long_term_average": 7139, 
        "date": "2013-09-30", 
        "operating_revenue": 2405, 
        "short_term_average": 9680
    }, 
    {
        "accumulated_operating_revenue_yoy": 0.41959290560647544, 
        "accumulated_operating_revenue": 67490, 
        "long_term_average": 7140, 
        "date": "2013-10-31", 
        "operating_revenue": 2522, 
        "short_term_average": 9676
    }, 
    {
        "accumulated_operating_revenue_yoy": 1087.1201469195673, 
        "accumulated_operating_revenue": 827399, 
        "long_term_average": 70258, 
        "date": "2013-11-30", 
        "operating_revenue": 759909, 
        "short_term_average": 254945
    }, 
    {
        "accumulated_operating_revenue_yoy": 871.7191232260784, 
        "accumulated_operating_revenue": 829887, 
        "long_term_average": 69157, 
        "date": "2013-12-31", 
        "operating_revenue": 2488, 
        "short_term_average": 254973
    }, 
    {
        "accumulated_operating_revenue_yoy": -12.588235294117647, 
        "accumulated_operating_revenue": 2229, 
        "long_term_average": 69130, 
        "date": "2014-01-31", 
        "operating_revenue": 2229, 
        "short_term_average": 254875
    }, 
    {
        "accumulated_operating_revenue_yoy": -11.238170347003154, 
        "accumulated_operating_revenue": 4502, 
        "long_term_average": 69109, 
        "date": "2014-02-28", 
        "operating_revenue": 2273, 
        "short_term_average": 2330
    }, 
    {
        "accumulated_operating_revenue_yoy": 1.2016718913270636, 
        "accumulated_operating_revenue": 7748, 
        "long_term_average": 69164, 
        "date": "2014-03-31", 
        "operating_revenue": 3246, 
        "short_term_average": 2582
    }, 
    {
        "accumulated_operating_revenue_yoy": 8.011049723756907, 
        "accumulated_operating_revenue": 10948, 
        "long_term_average": 69224, 
        "date": "2014-04-30", 
        "operating_revenue": 3200, 
        "short_term_average": 2906
    }, 
    {
        "accumulated_operating_revenue_yoy": -57.34754078622599, 
        "accumulated_operating_revenue": 14170, 
        "long_term_average": 67569, 
        "date": "2014-05-31", 
        "operating_revenue": 3222, 
        "short_term_average": 3222
    }, 
    {
        "accumulated_operating_revenue_yoy": 345.5631019317486, 
        "accumulated_operating_revenue": 160073, 
        "long_term_average": 79502, 
        "date": "2014-06-30", 
        "operating_revenue": 145903, 
        "short_term_average": 50775
    }, 
    {
        "accumulated_operating_revenue_yoy": 324.55670531953615, 
        "accumulated_operating_revenue": 163293, 
        "long_term_average": 79559, 
        "date": "2014-07-31", 
        "operating_revenue": 3220, 
        "short_term_average": 50781
    }, 
    {
        "accumulated_operating_revenue_yoy": 165.57709828492878, 
        "accumulated_operating_revenue": 166153, 
        "long_term_average": 77789, 
        "date": "2014-08-31", 
        "operating_revenue": 2860, 
        "short_term_average": 50661
    }, 
    {
        "accumulated_operating_revenue_yoy": 160.25889668760004, 
        "accumulated_operating_revenue": 169085, 
        "long_term_average": 77833, 
        "date": "2014-09-30", 
        "operating_revenue": 2932, 
        "short_term_average": 3004
    }, 
    {
        "accumulated_operating_revenue_yoy": 155.2852274411024, 
        "accumulated_operating_revenue": 172292, 
        "long_term_average": 77890, 
        "date": "2014-10-31", 
        "operating_revenue": 3207, 
        "short_term_average": 2999
    }, 
    {
        "accumulated_operating_revenue_yoy": -30.56590592930376, 
        "accumulated_operating_revenue": 574497, 
        "long_term_average": 48082, 
        "date": "2014-11-30", 
        "operating_revenue": 402205, 
        "short_term_average": 136114
    }, 
    {
        "accumulated_operating_revenue_yoy": 17.26138618872208, 
        "accumulated_operating_revenue": 973137, 
        "long_term_average": 81094, 
        "date": "2014-12-31", 
        "operating_revenue": 398640, 
        "short_term_average": 268017
    }, 
    {
        "accumulated_operating_revenue_yoy": 4899.461641991925, 
        "accumulated_operating_revenue": 111438, 
        "long_term_average": 90195, 
        "date": "2015-01-31", 
        "operating_revenue": 111438, 
        "short_term_average": 304094
    }, 
    {
        "accumulated_operating_revenue_yoy": 4162.9053753887165, 
        "accumulated_operating_revenue": 191916, 
        "long_term_average": 96712, 
        "date": "2015-02-28", 
        "operating_revenue": 80478, 
        "short_term_average": 196852
    }, 
    {
        "accumulated_operating_revenue_yoy": 2416.9850283944243, 
        "accumulated_operating_revenue": 195016, 
        "long_term_average": 96700, 
        "date": "2015-03-31", 
        "operating_revenue": 3100, 
        "short_term_average": 65005
    }, 
    {
        "accumulated_operating_revenue_yoy": 1708.5312385823893, 
        "accumulated_operating_revenue": 197998, 
        "long_term_average": 96682, 
        "date": "2015-04-30", 
        "operating_revenue": 2982, 
        "short_term_average": 28853
    }, 
    {
        "accumulated_operating_revenue_yoy": 2378.362738179252, 
        "accumulated_operating_revenue": 351184, 
        "long_term_average": 109179, 
        "date": "2015-05-31", 
        "operating_revenue": 153186, 
        "short_term_average": 53089
    }, 
    {
        "accumulated_operating_revenue_yoy": 626.5759997001368, 
        "accumulated_operating_revenue": 1163052, 
        "long_term_average": 164676, 
        "date": "2015-06-30", 
        "operating_revenue": 811868, 
        "short_term_average": 322678
    }, 
    {
        "accumulated_operating_revenue_yoy": 634.7510303564758, 
        "accumulated_operating_revenue": 1199797, 
        "long_term_average": 167470, 
        "date": "2015-07-31", 
        "operating_revenue": 36745, 
        "short_term_average": 333933
    }, 
    {
        "accumulated_operating_revenue_yoy": 623.707065174869, 
        "accumulated_operating_revenue": 1202461, 
        "long_term_average": 167453, 
        "date": "2015-08-31", 
        "operating_revenue": 2664, 
        "short_term_average": 283759
    }
]