[
    {
        "date": "2012-01-31", 
        "operating_revenue": 858976, 
        "accumulated_operating_revenue": 858976, 
        "long_term_average": 858976, 
        "short_term_average": 858976
    }, 
    {
        "date": "2012-02-29", 
        "operating_revenue": 804924, 
        "accumulated_operating_revenue": 1663900, 
        "long_term_average": 831950, 
        "short_term_average": 831950
    }, 
    {
        "date": "2012-03-31", 
        "operating_revenue": 902787, 
        "accumulated_operating_revenue": 2566687, 
        "long_term_average": 855562, 
        "short_term_average": 855562
    }, 
    {
        "date": "2012-04-30", 
        "operating_revenue": 1148356, 
        "accumulated_operating_revenue": 3715043, 
        "long_term_average": 928760, 
        "short_term_average": 952022
    }, 
    {
        "date": "2012-05-31", 
        "operating_revenue": 1255309, 
        "accumulated_operating_revenue": 4970352, 
        "long_term_average": 994070, 
        "short_term_average": 1102150
    }, 
    {
        "date": "2012-06-30", 
        "operating_revenue": 1082517, 
        "accumulated_operating_revenue": 6052869, 
        "long_term_average": 1008811, 
        "short_term_average": 1162060
    }, 
    {
        "date": "2012-07-31", 
        "operating_revenue": 1137552, 
        "accumulated_operating_revenue": 7190421, 
        "long_term_average": 1027203, 
        "short_term_average": 1158459
    }, 
    {
        "date": "2012-08-31", 
        "operating_revenue": 976911, 
        "accumulated_operating_revenue": 8167332, 
        "long_term_average": 1020916, 
        "short_term_average": 1065660
    }, 
    {
        "date": "2012-09-30", 
        "operating_revenue": 1261559, 
        "accumulated_operating_revenue": 9428891, 
        "long_term_average": 1047654, 
        "short_term_average": 1125340
    }, 
    {
        "date": "2012-10-31", 
        "operating_revenue": 1095410, 
        "accumulated_operating_revenue": 10524301, 
        "long_term_average": 1052430, 
        "short_term_average": 1111293
    }, 
    {
        "date": "2012-11-30", 
        "operating_revenue": 1581861, 
        "accumulated_operating_revenue": 12106162, 
        "long_term_average": 1100560, 
        "short_term_average": 1312943
    }, 
    {
        "date": "2012-12-31", 
        "operating_revenue": 1904638, 
        "accumulated_operating_revenue": 14010800, 
        "long_term_average": 1167566, 
        "short_term_average": 1527303
    }, 
    {
        "accumulated_operating_revenue_yoy": 202.63511436873674, 
        "accumulated_operating_revenue": 2599563, 
        "long_term_average": 1312615, 
        "date": "2013-01-31", 
        "operating_revenue": 2599563, 
        "short_term_average": 2028687
    }, 
    {
        "accumulated_operating_revenue_yoy": 120.35536991405733, 
        "accumulated_operating_revenue": 3666493, 
        "long_term_average": 1334449, 
        "date": "2013-02-28", 
        "operating_revenue": 1066930, 
        "short_term_average": 1857043
    }, 
    {
        "accumulated_operating_revenue_yoy": 81.90644203987475, 
        "accumulated_operating_revenue": 4668969, 
        "long_term_average": 1342756, 
        "date": "2013-03-31", 
        "operating_revenue": 1002476, 
        "short_term_average": 1556323
    }, 
    {
        "accumulated_operating_revenue_yoy": 50.66358585889854, 
        "accumulated_operating_revenue": 5597217, 
        "long_term_average": 1324414, 
        "date": "2013-04-30", 
        "operating_revenue": 928248, 
        "short_term_average": 999218
    }, 
    {
        "accumulated_operating_revenue_yoy": 32.868215369857104, 
        "accumulated_operating_revenue": 6604018, 
        "long_term_average": 1303705, 
        "date": "2013-05-31", 
        "operating_revenue": 1006801, 
        "short_term_average": 979175
    }, 
    {
        "accumulated_operating_revenue_yoy": 25.947761301293653, 
        "accumulated_operating_revenue": 7623453, 
        "long_term_average": 1298448, 
        "date": "2013-06-30", 
        "operating_revenue": 1019435, 
        "short_term_average": 984828
    }, 
    {
        "accumulated_operating_revenue_yoy": 30.46172122605895, 
        "accumulated_operating_revenue": 9380747, 
        "long_term_average": 1350093, 
        "date": "2013-07-31", 
        "operating_revenue": 1757294, 
        "short_term_average": 1261176
    }, 
    {
        "accumulated_operating_revenue_yoy": 29.724321234890418, 
        "accumulated_operating_revenue": 10595016, 
        "long_term_average": 1369873, 
        "date": "2013-08-31", 
        "operating_revenue": 1214269, 
        "short_term_average": 1330332
    }, 
    {
        "accumulated_operating_revenue_yoy": 23.59050497030881, 
        "accumulated_operating_revenue": 11653214, 
        "long_term_average": 1352926, 
        "date": "2013-09-30", 
        "operating_revenue": 1058198, 
        "short_term_average": 1343253
    }, 
    {
        "accumulated_operating_revenue_yoy": 23.324456417580606, 
        "accumulated_operating_revenue": 12979037, 
        "long_term_average": 1372128, 
        "date": "2013-10-31", 
        "operating_revenue": 1325823, 
        "short_term_average": 1199430
    }, 
    {
        "accumulated_operating_revenue_yoy": 15.656464864752348, 
        "accumulated_operating_revenue": 14001559, 
        "long_term_average": 1325516, 
        "date": "2013-11-30", 
        "operating_revenue": 1022522, 
        "short_term_average": 1135514
    }, 
    {
        "accumulated_operating_revenue_yoy": 8.132083821052332, 
        "accumulated_operating_revenue": 15150170, 
        "long_term_average": 1262514, 
        "date": "2013-12-31", 
        "operating_revenue": 1148611, 
        "short_term_average": 1165652
    }, 
    {
        "accumulated_operating_revenue_yoy": -61.83781658686479, 
        "accumulated_operating_revenue": 992050, 
        "long_term_average": 1128554, 
        "date": "2014-01-31", 
        "operating_revenue": 992050, 
        "short_term_average": 1054394
    }, 
    {
        "accumulated_operating_revenue_yoy": -45.26767131425043, 
        "accumulated_operating_revenue": 2006757, 
        "long_term_average": 1124202, 
        "date": "2014-02-28", 
        "operating_revenue": 1014707, 
        "short_term_average": 1051789
    }, 
    {
        "accumulated_operating_revenue_yoy": -34.379945551148445, 
        "accumulated_operating_revenue": 3063780, 
        "long_term_average": 1128748, 
        "date": "2014-03-31", 
        "operating_revenue": 1057023, 
        "short_term_average": 1021260
    }, 
    {
        "accumulated_operating_revenue_yoy": -21.869832811556172, 
        "accumulated_operating_revenue": 4373115, 
        "long_term_average": 1160505, 
        "date": "2014-04-30", 
        "operating_revenue": 1309335, 
        "short_term_average": 1127021
    }, 
    {
        "accumulated_operating_revenue_yoy": -21.50872393140055, 
        "accumulated_operating_revenue": 5183578, 
        "long_term_average": 1144144, 
        "date": "2014-05-31", 
        "operating_revenue": 810463, 
        "short_term_average": 1058940
    }, 
    {
        "accumulated_operating_revenue_yoy": -21.985863886089412, 
        "accumulated_operating_revenue": 5947371, 
        "long_term_average": 1122840, 
        "date": "2014-06-30", 
        "operating_revenue": 763793, 
        "short_term_average": 961197
    }, 
    {
        "accumulated_operating_revenue_yoy": -27.40175169418811, 
        "accumulated_operating_revenue": 6810258, 
        "long_term_average": 1048306, 
        "date": "2014-07-31", 
        "operating_revenue": 862887, 
        "short_term_average": 812381
    }, 
    {
        "accumulated_operating_revenue_yoy": -27.691595746528368, 
        "accumulated_operating_revenue": 7661087, 
        "long_term_average": 1018020, 
        "date": "2014-08-31", 
        "operating_revenue": 850829, 
        "short_term_average": 825836
    }, 
    {
        "accumulated_operating_revenue_yoy": -27.918838528151973, 
        "accumulated_operating_revenue": 8399772, 
        "long_term_average": 991394, 
        "date": "2014-09-30", 
        "operating_revenue": 738685, 
        "short_term_average": 817467
    }, 
    {
        "accumulated_operating_revenue_yoy": -27.807486795823145, 
        "accumulated_operating_revenue": 9369893, 
        "long_term_average": 961752, 
        "date": "2014-10-31", 
        "operating_revenue": 970121, 
        "short_term_average": 853211
    }, 
    {
        "accumulated_operating_revenue_yoy": -25.82810956979862, 
        "accumulated_operating_revenue": 10385221, 
        "long_term_average": 961152, 
        "date": "2014-11-30", 
        "operating_revenue": 1015328, 
        "short_term_average": 908044
    }, 
    {
        "accumulated_operating_revenue_yoy": -24.875562452434526, 
        "accumulated_operating_revenue": 11381480, 
        "long_term_average": 948456, 
        "date": "2014-12-31", 
        "operating_revenue": 996259, 
        "short_term_average": 993902
    }, 
    {
        "accumulated_operating_revenue_yoy": -9.797893251348217, 
        "accumulated_operating_revenue": 894850, 
        "long_term_average": 940356, 
        "date": "2015-01-31", 
        "operating_revenue": 894850, 
        "short_term_average": 968812
    }, 
    {
        "accumulated_operating_revenue_yoy": -26.931810876952216, 
        "accumulated_operating_revenue": 1466301, 
        "long_term_average": 903418, 
        "date": "2015-02-28", 
        "operating_revenue": 571451, 
        "short_term_average": 820853
    }, 
    {
        "accumulated_operating_revenue_yoy": -18.871753193767177, 
        "accumulated_operating_revenue": 2485591, 
        "long_term_average": 900274, 
        "date": "2015-03-31", 
        "operating_revenue": 1019290, 
        "short_term_average": 828530
    }, 
    {
        "accumulated_operating_revenue_yoy": -24.066163364100877, 
        "accumulated_operating_revenue": 3320674, 
        "long_term_average": 860753, 
        "date": "2015-04-30", 
        "operating_revenue": 835083, 
        "short_term_average": 808608
    }, 
    {
        "accumulated_operating_revenue_yoy": -20.59561947365314, 
        "accumulated_operating_revenue": 4115988, 
        "long_term_average": 859490, 
        "date": "2015-05-31", 
        "operating_revenue": 795314, 
        "short_term_average": 883229
    }, 
    {
        "accumulated_operating_revenue_yoy": -14.07189832280515, 
        "accumulated_operating_revenue": 5110463, 
        "long_term_average": 878714, 
        "date": "2015-06-30", 
        "operating_revenue": 994475, 
        "short_term_average": 874957
    }, 
    {
        "accumulated_operating_revenue_yoy": -12.610388622574945, 
        "accumulated_operating_revenue": 5951458, 
        "long_term_average": 876890, 
        "date": "2015-07-31", 
        "operating_revenue": 840995, 
        "short_term_average": 876928
    }, 
    {
        "accumulated_operating_revenue_yoy": -8.233935993678182, 
        "accumulated_operating_revenue": 7030278, 
        "long_term_average": 895889, 
        "date": "2015-08-31", 
        "operating_revenue": 1078820, 
        "short_term_average": 971430
    }
]