[
    {
        "date": "2012-01-31", 
        "operating_revenue": 1251, 
        "accumulated_operating_revenue": 1251, 
        "long_term_average": 1251, 
        "short_term_average": 1251
    }, 
    {
        "date": "2012-02-29", 
        "operating_revenue": 2447, 
        "accumulated_operating_revenue": 3698, 
        "long_term_average": 1849, 
        "short_term_average": 1849
    }, 
    {
        "date": "2012-03-31", 
        "operating_revenue": 323381, 
        "accumulated_operating_revenue": 327079, 
        "long_term_average": 109026, 
        "short_term_average": 109026
    }, 
    {
        "date": "2012-04-30", 
        "operating_revenue": 1661, 
        "accumulated_operating_revenue": 328740, 
        "long_term_average": 82185, 
        "short_term_average": 109163
    }, 
    {
        "date": "2012-05-31", 
        "operating_revenue": 52696, 
        "accumulated_operating_revenue": 381436, 
        "long_term_average": 76287, 
        "short_term_average": 125912
    }, 
    {
        "date": "2012-06-30", 
        "operating_revenue": 39707, 
        "accumulated_operating_revenue": 421143, 
        "long_term_average": 70190, 
        "short_term_average": 31354
    }, 
    {
        "date": "2012-07-31", 
        "operating_revenue": 134045, 
        "accumulated_operating_revenue": 555188, 
        "long_term_average": 79312, 
        "short_term_average": 75482
    }, 
    {
        "date": "2012-08-31", 
        "operating_revenue": 932260, 
        "accumulated_operating_revenue": 1487448, 
        "long_term_average": 185931, 
        "short_term_average": 368670
    }, 
    {
        "date": "2012-09-30", 
        "operating_revenue": 457, 
        "accumulated_operating_revenue": 1487905, 
        "long_term_average": 165322, 
        "short_term_average": 355587
    }, 
    {
        "date": "2012-10-31", 
        "operating_revenue": 1514815, 
        "accumulated_operating_revenue": 3002720, 
        "long_term_average": 300272, 
        "short_term_average": 815844
    }, 
    {
        "date": "2012-11-30", 
        "operating_revenue": 394942, 
        "accumulated_operating_revenue": 3397662, 
        "long_term_average": 308878, 
        "short_term_average": 636738
    }, 
    {
        "date": "2012-12-31", 
        "operating_revenue": 561806, 
        "accumulated_operating_revenue": 3959468, 
        "long_term_average": 329955, 
        "short_term_average": 823854
    }, 
    {
        "accumulated_operating_revenue_yoy": 12764.988009592327, 
        "accumulated_operating_revenue": 160941, 
        "long_term_average": 343263, 
        "date": "2013-01-31", 
        "operating_revenue": 160941, 
        "short_term_average": 372563
    }, 
    {
        "accumulated_operating_revenue_yoy": 9220.146024878311, 
        "accumulated_operating_revenue": 344659, 
        "long_term_average": 358369, 
        "date": "2013-02-28", 
        "operating_revenue": 183718, 
        "short_term_average": 302155
    }, 
    {
        "accumulated_operating_revenue_yoy": 41.89905191100621, 
        "accumulated_operating_revenue": 464122, 
        "long_term_average": 341375, 
        "date": "2013-03-31", 
        "operating_revenue": 119463, 
        "short_term_average": 154707
    }, 
    {
        "accumulated_operating_revenue_yoy": 78.06716554115715, 
        "accumulated_operating_revenue": 585378, 
        "long_term_average": 351342, 
        "date": "2013-04-30", 
        "operating_revenue": 121256, 
        "short_term_average": 141479
    }, 
    {
        "accumulated_operating_revenue_yoy": 72.83895594542727, 
        "accumulated_operating_revenue": 659270, 
        "long_term_average": 353108, 
        "date": "2013-05-31", 
        "operating_revenue": 73892, 
        "short_term_average": 104870
    }, 
    {
        "accumulated_operating_revenue_yoy": 107.34952260871012, 
        "accumulated_operating_revenue": 873238, 
        "long_term_average": 367630, 
        "date": "2013-06-30", 
        "operating_revenue": 213968, 
        "short_term_average": 136372
    }, 
    {
        "accumulated_operating_revenue_yoy": 57.90885249681189, 
        "accumulated_operating_revenue": 876691, 
        "long_term_average": 356747, 
        "date": "2013-07-31", 
        "operating_revenue": 3453, 
        "short_term_average": 97104
    }, 
    {
        "accumulated_operating_revenue_yoy": -40.82670453017517, 
        "accumulated_operating_revenue": 880172, 
        "long_term_average": 279349, 
        "date": "2013-08-31", 
        "operating_revenue": 3481, 
        "short_term_average": 73634
    }, 
    {
        "accumulated_operating_revenue_yoy": 14.555700800790373, 
        "accumulated_operating_revenue": 1704480, 
        "long_term_average": 348003, 
        "date": "2013-09-30", 
        "operating_revenue": 824308, 
        "short_term_average": 277080
    }, 
    {
        "accumulated_operating_revenue_yoy": -19.882006980337827, 
        "accumulated_operating_revenue": 2405719, 
        "long_term_average": 280205, 
        "date": "2013-10-31", 
        "operating_revenue": 701239, 
        "short_term_average": 509676
    }, 
    {
        "accumulated_operating_revenue_yoy": -19.625112798153555, 
        "accumulated_operating_revenue": 2730867, 
        "long_term_average": 274389, 
        "date": "2013-11-30", 
        "operating_revenue": 325148, 
        "short_term_average": 616898
    }, 
    {
        "accumulated_operating_revenue_yoy": 1.1741476380160163, 
        "accumulated_operating_revenue": 4005958, 
        "long_term_average": 333829, 
        "date": "2013-12-31", 
        "operating_revenue": 1275091, 
        "short_term_average": 767159
    }, 
    {
        "accumulated_operating_revenue_yoy": 335.85413288099363, 
        "accumulated_operating_revenue": 701468, 
        "long_term_average": 378873, 
        "date": "2014-01-31", 
        "operating_revenue": 701468, 
        "short_term_average": 767235
    }, 
    {
        "accumulated_operating_revenue_yoy": 210.52373505406794, 
        "accumulated_operating_revenue": 1070248, 
        "long_term_average": 394295, 
        "date": "2014-02-28", 
        "operating_revenue": 368780, 
        "short_term_average": 781779
    }, 
    {
        "accumulated_operating_revenue_yoy": 190.58631135778953, 
        "accumulated_operating_revenue": 1348675, 
        "long_term_average": 407542, 
        "date": "2014-03-31", 
        "operating_revenue": 278427, 
        "short_term_average": 449558
    }, 
    {
        "accumulated_operating_revenue_yoy": 164.13633583769806, 
        "accumulated_operating_revenue": 1546196, 
        "long_term_average": 413898, 
        "date": "2014-04-30", 
        "operating_revenue": 197521, 
        "short_term_average": 281576
    }, 
    {
        "accumulated_operating_revenue_yoy": 152.6010587467957, 
        "accumulated_operating_revenue": 1665323, 
        "long_term_average": 417667, 
        "date": "2014-05-31", 
        "operating_revenue": 119127, 
        "short_term_average": 198358
    }, 
    {
        "accumulated_operating_revenue_yoy": 106.9561791859722, 
        "accumulated_operating_revenue": 1807220, 
        "long_term_average": 411661, 
        "date": "2014-06-30", 
        "operating_revenue": 141897, 
        "short_term_average": 152848
    }, 
    {
        "accumulated_operating_revenue_yoy": 119.84245304217791, 
        "accumulated_operating_revenue": 1927339, 
        "long_term_average": 421383, 
        "date": "2014-07-31", 
        "operating_revenue": 120119, 
        "short_term_average": 127047
    }, 
    {
        "accumulated_operating_revenue_yoy": 134.66265684434407, 
        "accumulated_operating_revenue": 2065435, 
        "long_term_average": 432601, 
        "date": "2014-08-31", 
        "operating_revenue": 138096, 
        "short_term_average": 133370
    }, 
    {
        "accumulated_operating_revenue_yoy": 44.86048530930255, 
        "accumulated_operating_revenue": 2469118, 
        "long_term_average": 397549, 
        "date": "2014-09-30", 
        "operating_revenue": 403683, 
        "short_term_average": 220632
    }, 
    {
        "accumulated_operating_revenue_yoy": 15.803840764445058, 
        "accumulated_operating_revenue": 2785915, 
        "long_term_average": 365512, 
        "date": "2014-10-31", 
        "operating_revenue": 316797, 
        "short_term_average": 286192
    }, 
    {
        "accumulated_operating_revenue_yoy": 36.652791952152924, 
        "accumulated_operating_revenue": 3731806, 
        "long_term_average": 417241, 
        "date": "2014-11-30", 
        "operating_revenue": 945891, 
        "short_term_average": 555457
    }, 
    {
        "accumulated_operating_revenue_yoy": 12.33218121607865, 
        "accumulated_operating_revenue": 4499980, 
        "long_term_average": 374998, 
        "date": "2014-12-31", 
        "operating_revenue": 768174, 
        "short_term_average": 676954
    }, 
    {
        "accumulated_operating_revenue_yoy": 150.16009283388553, 
        "accumulated_operating_revenue": 1754793, 
        "long_term_average": 462775, 
        "date": "2015-01-31", 
        "operating_revenue": 1754793, 
        "short_term_average": 1156286
    }, 
    {
        "accumulated_operating_revenue_yoy": 92.9848035221743, 
        "accumulated_operating_revenue": 2065416, 
        "long_term_average": 457929, 
        "date": "2015-02-28", 
        "operating_revenue": 310623, 
        "short_term_average": 944530
    }, 
    {
        "accumulated_operating_revenue_yoy": 82.62553988173578, 
        "accumulated_operating_revenue": 2463025, 
        "long_term_average": 467860, 
        "date": "2015-03-31", 
        "operating_revenue": 397609, 
        "short_term_average": 821008
    }, 
    {
        "accumulated_operating_revenue_yoy": 91.76126441925861, 
        "accumulated_operating_revenue": 2965005, 
        "long_term_average": 493232, 
        "date": "2015-04-30", 
        "operating_revenue": 501980, 
        "short_term_average": 403404
    }, 
    {
        "accumulated_operating_revenue_yoy": 81.1181974908171, 
        "accumulated_operating_revenue": 3016203, 
        "long_term_average": 487571, 
        "date": "2015-05-31", 
        "operating_revenue": 51198, 
        "short_term_average": 316929
    }, 
    {
        "accumulated_operating_revenue_yoy": 78.21775987428204, 
        "accumulated_operating_revenue": 3220787, 
        "long_term_average": 492795, 
        "date": "2015-06-30", 
        "operating_revenue": 204584, 
        "short_term_average": 252587
    }, 
    {
        "accumulated_operating_revenue_yoy": 69.61370054775003, 
        "accumulated_operating_revenue": 3269031, 
        "long_term_average": 486806, 
        "date": "2015-07-31", 
        "operating_revenue": 48244, 
        "short_term_average": 101342
    }, 
    {
        "accumulated_operating_revenue_yoy": 73.79491487265395, 
        "accumulated_operating_revenue": 3589621, 
        "long_term_average": 502013, 
        "date": "2015-08-31", 
        "operating_revenue": 320590, 
        "short_term_average": 191139
    }
]