[
    {
        "date": "2012-01-31", 
        "operating_revenue": 32426, 
        "accumulated_operating_revenue": 32426, 
        "long_term_average": 32426, 
        "short_term_average": 32426
    }, 
    {
        "date": "2012-02-29", 
        "operating_revenue": 25883, 
        "accumulated_operating_revenue": 58309, 
        "long_term_average": 29154, 
        "short_term_average": 29154
    }, 
    {
        "date": "2012-03-31", 
        "operating_revenue": 48762, 
        "accumulated_operating_revenue": 107071, 
        "long_term_average": 35690, 
        "short_term_average": 35690
    }, 
    {
        "date": "2012-04-30", 
        "operating_revenue": 45164, 
        "accumulated_operating_revenue": 152235, 
        "long_term_average": 38058, 
        "short_term_average": 39936
    }, 
    {
        "date": "2012-05-31", 
        "operating_revenue": 69660, 
        "accumulated_operating_revenue": 221895, 
        "long_term_average": 44379, 
        "short_term_average": 54528
    }, 
    {
        "date": "2012-06-30", 
        "operating_revenue": 30759, 
        "accumulated_operating_revenue": 252654, 
        "long_term_average": 42109, 
        "short_term_average": 48527
    }, 
    {
        "date": "2012-07-31", 
        "operating_revenue": 33, 
        "accumulated_operating_revenue": 252687, 
        "long_term_average": 36098, 
        "short_term_average": 33484
    }, 
    {
        "date": "2012-08-31", 
        "operating_revenue": 72, 
        "accumulated_operating_revenue": 252759, 
        "long_term_average": 31594, 
        "short_term_average": 10288
    }, 
    {
        "date": "2012-09-30", 
        "operating_revenue": 75, 
        "accumulated_operating_revenue": 252834, 
        "long_term_average": 28092, 
        "short_term_average": 60
    }, 
    {
        "date": "2012-10-31", 
        "operating_revenue": 98454, 
        "accumulated_operating_revenue": 351288, 
        "long_term_average": 35128, 
        "short_term_average": 32867
    }, 
    {
        "date": "2012-11-30", 
        "operating_revenue": 30962, 
        "accumulated_operating_revenue": 382250, 
        "long_term_average": 34750, 
        "short_term_average": 43163
    }, 
    {
        "date": "2012-12-31", 
        "operating_revenue": 82034, 
        "accumulated_operating_revenue": 464284, 
        "long_term_average": 38690, 
        "short_term_average": 70483
    }, 
    {
        "accumulated_operating_revenue_yoy": 194.15900820329367, 
        "accumulated_operating_revenue": 95384, 
        "long_term_average": 43936, 
        "date": "2013-01-31", 
        "operating_revenue": 95384, 
        "short_term_average": 69460
    }, 
    {
        "accumulated_operating_revenue_yoy": 226.54307225299695, 
        "accumulated_operating_revenue": 190404, 
        "long_term_average": 49698, 
        "date": "2013-02-28", 
        "operating_revenue": 95020, 
        "short_term_average": 90812
    }, 
    {
        "accumulated_operating_revenue_yoy": 727.7843673823911, 
        "accumulated_operating_revenue": 886317, 
        "long_term_average": 103627, 
        "date": "2013-03-31", 
        "operating_revenue": 695913, 
        "short_term_average": 295439
    }, 
    {
        "accumulated_operating_revenue_yoy": 842.9329654809998, 
        "accumulated_operating_revenue": 1435474, 
        "long_term_average": 145626, 
        "date": "2013-04-30", 
        "operating_revenue": 549157, 
        "short_term_average": 446696
    }, 
    {
        "accumulated_operating_revenue_yoy": 559.0162013564974, 
        "accumulated_operating_revenue": 1462324, 
        "long_term_average": 142059, 
        "date": "2013-05-31", 
        "operating_revenue": 26850, 
        "short_term_average": 423973
    }, 
    {
        "accumulated_operating_revenue_yoy": 529.4319504144007, 
        "accumulated_operating_revenue": 1590285, 
        "long_term_average": 150159, 
        "date": "2013-06-30", 
        "operating_revenue": 127961, 
        "short_term_average": 234656
    }, 
    {
        "accumulated_operating_revenue_yoy": 588.1319577184422, 
        "accumulated_operating_revenue": 1738820, 
        "long_term_average": 162534, 
        "date": "2013-07-31", 
        "operating_revenue": 148535, 
        "short_term_average": 101115
    }, 
    {
        "accumulated_operating_revenue_yoy": 598.66236217108, 
        "accumulated_operating_revenue": 1765932, 
        "long_term_average": 164788, 
        "date": "2013-08-31", 
        "operating_revenue": 27112, 
        "short_term_average": 101202
    }, 
    {
        "accumulated_operating_revenue_yoy": 619.8137908667346, 
        "accumulated_operating_revenue": 1819934, 
        "long_term_average": 169282, 
        "date": "2013-09-30", 
        "operating_revenue": 54002, 
        "short_term_average": 76549
    }, 
    {
        "accumulated_operating_revenue_yoy": 425.7381407847692, 
        "accumulated_operating_revenue": 1846855, 
        "long_term_average": 163320, 
        "date": "2013-10-31", 
        "operating_revenue": 26921, 
        "short_term_average": 36011
    }, 
    {
        "accumulated_operating_revenue_yoy": 401.33734466971873, 
        "accumulated_operating_revenue": 1916362, 
        "long_term_average": 166533, 
        "date": "2013-11-30", 
        "operating_revenue": 69507, 
        "short_term_average": 50143
    }, 
    {
        "accumulated_operating_revenue_yoy": 391.79876971853434, 
        "accumulated_operating_revenue": 2283343, 
        "long_term_average": 190278, 
        "date": "2013-12-31", 
        "operating_revenue": 366981, 
        "short_term_average": 154469
    }, 
    {
        "accumulated_operating_revenue_yoy": -43.38568313343957, 
        "accumulated_operating_revenue": 54001, 
        "long_term_average": 186830, 
        "date": "2014-01-31", 
        "operating_revenue": 54001, 
        "short_term_average": 163496
    }, 
    {
        "accumulated_operating_revenue_yoy": 73.48112434612717, 
        "accumulated_operating_revenue": 330315, 
        "long_term_average": 201937, 
        "date": "2014-02-28", 
        "operating_revenue": 276314, 
        "short_term_average": 232432
    }, 
    {
        "accumulated_operating_revenue_yoy": -59.672780731950304, 
        "accumulated_operating_revenue": 357427, 
        "long_term_average": 146204, 
        "date": "2014-03-31", 
        "operating_revenue": 27112, 
        "short_term_average": 119142
    }, 
    {
        "accumulated_operating_revenue_yoy": -69.96288334027645, 
        "accumulated_operating_revenue": 431175, 
        "long_term_average": 106587, 
        "date": "2014-04-30", 
        "operating_revenue": 73748, 
        "short_term_average": 125724
    }, 
    {
        "accumulated_operating_revenue_yoy": -64.61762236002419, 
        "accumulated_operating_revenue": 517405, 
        "long_term_average": 111535, 
        "date": "2014-05-31", 
        "operating_revenue": 86230, 
        "short_term_average": 62363
    }, 
    {
        "accumulated_operating_revenue_yoy": -65.4719751491085, 
        "accumulated_operating_revenue": 549094, 
        "long_term_average": 103512, 
        "date": "2014-06-30", 
        "operating_revenue": 31689, 
        "short_term_average": 63889
    }, 
    {
        "accumulated_operating_revenue_yoy": -61.50895434835119, 
        "accumulated_operating_revenue": 669290, 
        "long_term_average": 101151, 
        "date": "2014-07-31", 
        "operating_revenue": 120196, 
        "short_term_average": 79371
    }, 
    {
        "accumulated_operating_revenue_yoy": -56.124754520559115, 
        "accumulated_operating_revenue": 774807, 
        "long_term_average": 107684, 
        "date": "2014-08-31", 
        "operating_revenue": 105517, 
        "short_term_average": 85800
    }, 
    {
        "accumulated_operating_revenue_yoy": -51.03597163413618, 
        "accumulated_operating_revenue": 891113, 
        "long_term_average": 112876, 
        "date": "2014-09-30", 
        "operating_revenue": 116306, 
        "short_term_average": 114006
    }, 
    {
        "accumulated_operating_revenue_yoy": -48.627260938189515, 
        "accumulated_operating_revenue": 948780, 
        "long_term_average": 115439, 
        "date": "2014-10-31", 
        "operating_revenue": 57667, 
        "short_term_average": 93163
    }, 
    {
        "accumulated_operating_revenue_yoy": -46.19763906819275, 
        "accumulated_operating_revenue": 1031048, 
        "long_term_average": 116502, 
        "date": "2014-11-30", 
        "operating_revenue": 82268, 
        "short_term_average": 85413
    }, 
    {
        "accumulated_operating_revenue_yoy": -52.529908997465554, 
        "accumulated_operating_revenue": 1083905, 
        "long_term_average": 90325, 
        "date": "2014-12-31", 
        "operating_revenue": 52857, 
        "short_term_average": 64264
    }, 
    {
        "accumulated_operating_revenue_yoy": 23.0514249736116, 
        "accumulated_operating_revenue": 66449, 
        "long_term_average": 91362, 
        "date": "2015-01-31", 
        "operating_revenue": 66449, 
        "short_term_average": 67191
    }, 
    {
        "accumulated_operating_revenue_yoy": -60.12836232081498, 
        "accumulated_operating_revenue": 131702, 
        "long_term_average": 73774, 
        "date": "2015-02-28", 
        "operating_revenue": 65253, 
        "short_term_average": 61519
    }, 
    {
        "accumulated_operating_revenue_yoy": -60.20558044020178, 
        "accumulated_operating_revenue": 142236, 
        "long_term_average": 72392, 
        "date": "2015-03-31", 
        "operating_revenue": 10534, 
        "short_term_average": 47412
    }, 
    {
        "accumulated_operating_revenue_yoy": -35.24462225314547, 
        "accumulated_operating_revenue": 279209, 
        "long_term_average": 77661, 
        "date": "2015-04-30", 
        "operating_revenue": 136973, 
        "short_term_average": 70920
    }, 
    {
        "accumulated_operating_revenue_yoy": -46.03047902513505, 
        "accumulated_operating_revenue": 279241, 
        "long_term_average": 70478, 
        "date": "2015-05-31", 
        "operating_revenue": 32, 
        "short_term_average": 49179
    }, 
    {
        "accumulated_operating_revenue_yoy": -49.13002145352162, 
        "accumulated_operating_revenue": 279324, 
        "long_term_average": 67844, 
        "date": "2015-06-30", 
        "operating_revenue": 83, 
        "short_term_average": 45696
    }, 
    {
        "accumulated_operating_revenue_yoy": -58.26084358051069, 
        "accumulated_operating_revenue": 279356, 
        "long_term_average": 57830, 
        "date": "2015-07-31", 
        "operating_revenue": 32, 
        "short_term_average": 49
    }, 
    {
        "accumulated_operating_revenue_yoy": -63.94082655422576, 
        "accumulated_operating_revenue": 279389, 
        "long_term_average": 49040, 
        "date": "2015-08-31", 
        "operating_revenue": 33, 
        "short_term_average": 49
    }
]