[
    {
        "date": "2012-01-31", 
        "operating_revenue": 4119, 
        "accumulated_operating_revenue": 4119, 
        "long_term_average": 4119, 
        "short_term_average": 4119
    }, 
    {
        "date": "2012-02-29", 
        "operating_revenue": 1246, 
        "accumulated_operating_revenue": 5365, 
        "long_term_average": 2682, 
        "short_term_average": 2682
    }, 
    {
        "date": "2012-03-31", 
        "operating_revenue": 15151, 
        "accumulated_operating_revenue": 20516, 
        "long_term_average": 6838, 
        "short_term_average": 6838
    }, 
    {
        "date": "2012-04-30", 
        "operating_revenue": 222079, 
        "accumulated_operating_revenue": 242595, 
        "long_term_average": 60648, 
        "short_term_average": 79492
    }, 
    {
        "date": "2012-05-31", 
        "operating_revenue": 26084, 
        "accumulated_operating_revenue": 268679, 
        "long_term_average": 53735, 
        "short_term_average": 87771
    }, 
    {
        "date": "2012-06-30", 
        "operating_revenue": 11554, 
        "accumulated_operating_revenue": 280233, 
        "long_term_average": 46705, 
        "short_term_average": 86572
    }, 
    {
        "date": "2012-07-31", 
        "operating_revenue": 46470, 
        "accumulated_operating_revenue": 326703, 
        "long_term_average": 46671, 
        "short_term_average": 28036
    }, 
    {
        "date": "2012-08-31", 
        "operating_revenue": 104658, 
        "accumulated_operating_revenue": 431361, 
        "long_term_average": 53920, 
        "short_term_average": 54227
    }, 
    {
        "date": "2012-09-30", 
        "operating_revenue": 98542, 
        "accumulated_operating_revenue": 529903, 
        "long_term_average": 58878, 
        "short_term_average": 83223
    }, 
    {
        "date": "2012-10-31", 
        "operating_revenue": 6653, 
        "accumulated_operating_revenue": 536556, 
        "long_term_average": 53655, 
        "short_term_average": 69951
    }, 
    {
        "date": "2012-11-30", 
        "operating_revenue": 5860, 
        "accumulated_operating_revenue": 542416, 
        "long_term_average": 49310, 
        "short_term_average": 37018
    }, 
    {
        "date": "2012-12-31", 
        "operating_revenue": 1933201, 
        "accumulated_operating_revenue": 2475617, 
        "long_term_average": 206301, 
        "short_term_average": 648571
    }, 
    {
        "accumulated_operating_revenue_yoy": -67.4435542607429, 
        "accumulated_operating_revenue": 1341, 
        "long_term_average": 206069, 
        "date": "2013-01-31", 
        "operating_revenue": 1341, 
        "short_term_average": 646800
    }, 
    {
        "accumulated_operating_revenue_yoy": 60.14911463187326, 
        "accumulated_operating_revenue": 8592, 
        "long_term_average": 206570, 
        "date": "2013-02-28", 
        "operating_revenue": 7251, 
        "short_term_average": 647264
    }, 
    {
        "accumulated_operating_revenue_yoy": -17.756872684733864, 
        "accumulated_operating_revenue": 16873, 
        "long_term_average": 205997, 
        "date": "2013-03-31", 
        "operating_revenue": 8281, 
        "short_term_average": 5624
    }, 
    {
        "accumulated_operating_revenue_yoy": -88.01706547950288, 
        "accumulated_operating_revenue": 29070, 
        "long_term_average": 188507, 
        "date": "2013-04-30", 
        "operating_revenue": 12197, 
        "short_term_average": 9243
    }, 
    {
        "accumulated_operating_revenue_yoy": -88.7560992857648, 
        "accumulated_operating_revenue": 30210, 
        "long_term_average": 186429, 
        "date": "2013-05-31", 
        "operating_revenue": 1140, 
        "short_term_average": 7206
    }, 
    {
        "accumulated_operating_revenue_yoy": 10.438813415978847, 
        "accumulated_operating_revenue": 309486, 
        "long_term_average": 208739, 
        "date": "2013-06-30", 
        "operating_revenue": 279276, 
        "short_term_average": 97537
    }, 
    {
        "accumulated_operating_revenue_yoy": 53.78309963483653, 
        "accumulated_operating_revenue": 502414, 
        "long_term_average": 220944, 
        "date": "2013-07-31", 
        "operating_revenue": 192928, 
        "short_term_average": 157781
    }, 
    {
        "accumulated_operating_revenue_yoy": 178.59959523461788, 
        "accumulated_operating_revenue": 1201770, 
        "long_term_average": 270502, 
        "date": "2013-08-31", 
        "operating_revenue": 699356, 
        "short_term_average": 390520
    }, 
    {
        "accumulated_operating_revenue_yoy": 246.97218170117927, 
        "accumulated_operating_revenue": 1838616, 
        "long_term_average": 315360, 
        "date": "2013-09-30", 
        "operating_revenue": 636846, 
        "short_term_average": 509710
    }, 
    {
        "accumulated_operating_revenue_yoy": 263.38313242233806, 
        "accumulated_operating_revenue": 1949754, 
        "long_term_average": 324067, 
        "date": "2013-10-31", 
        "operating_revenue": 111138, 
        "short_term_average": 482446
    }, 
    {
        "accumulated_operating_revenue_yoy": 278.8061192885165, 
        "accumulated_operating_revenue": 2054705, 
        "long_term_average": 332325, 
        "date": "2013-11-30", 
        "operating_revenue": 104951, 
        "short_term_average": 284311
    }, 
    {
        "accumulated_operating_revenue_yoy": 5.438361426666565, 
        "accumulated_operating_revenue": 2610250, 
        "long_term_average": 217520, 
        "date": "2013-12-31", 
        "operating_revenue": 555545, 
        "short_term_average": 257211
    }, 
    {
        "accumulated_operating_revenue_yoy": 123.8627889634601, 
        "accumulated_operating_revenue": 3002, 
        "long_term_average": 217659, 
        "date": "2014-01-31", 
        "operating_revenue": 3002, 
        "short_term_average": 221166
    }, 
    {
        "accumulated_operating_revenue_yoy": -55.55167597765364, 
        "accumulated_operating_revenue": 3819, 
        "long_term_average": 217123, 
        "date": "2014-02-28", 
        "operating_revenue": 817, 
        "short_term_average": 186454
    }, 
    {
        "accumulated_operating_revenue_yoy": 870.2957387542227, 
        "accumulated_operating_revenue": 163718, 
        "long_term_average": 229757, 
        "date": "2014-03-31", 
        "operating_revenue": 159899, 
        "short_term_average": 54572
    }, 
    {
        "accumulated_operating_revenue_yoy": 589.8864809081527, 
        "accumulated_operating_revenue": 200550, 
        "long_term_average": 231810, 
        "date": "2014-04-30", 
        "operating_revenue": 36832, 
        "short_term_average": 65849
    }, 
    {
        "accumulated_operating_revenue_yoy": 7007.672955974843, 
        "accumulated_operating_revenue": 2147228, 
        "long_term_average": 393939, 
        "date": "2014-05-31", 
        "operating_revenue": 1946678, 
        "short_term_average": 714469
    }, 
    {
        "accumulated_operating_revenue_yoy": 594.1625792442954, 
        "accumulated_operating_revenue": 2148336, 
        "long_term_average": 370758, 
        "date": "2014-06-30", 
        "operating_revenue": 1108, 
        "short_term_average": 661539
    }, 
    {
        "accumulated_operating_revenue_yoy": 327.83939141823276, 
        "accumulated_operating_revenue": 2149525, 
        "long_term_average": 354780, 
        "date": "2014-07-31", 
        "operating_revenue": 1189, 
        "short_term_average": 649658
    }, 
    {
        "accumulated_operating_revenue_yoy": 78.95387636569393, 
        "accumulated_operating_revenue": 2150614, 
        "long_term_average": 296591, 
        "date": "2014-08-31", 
        "operating_revenue": 1089, 
        "short_term_average": 1128
    }, 
    {
        "accumulated_operating_revenue_yoy": 17.030799253351432, 
        "accumulated_operating_revenue": 2151747, 
        "long_term_average": 243615, 
        "date": "2014-09-30", 
        "operating_revenue": 1133, 
        "short_term_average": 1137
    }, 
    {
        "accumulated_operating_revenue_yoy": 16.231483561515965, 
        "accumulated_operating_revenue": 2266228, 
        "long_term_average": 243893, 
        "date": "2014-10-31", 
        "operating_revenue": 114481, 
        "short_term_average": 38901
    }, 
    {
        "accumulated_operating_revenue_yoy": 10.35559849224098, 
        "accumulated_operating_revenue": 2267482, 
        "long_term_average": 235252, 
        "date": "2014-11-30", 
        "operating_revenue": 1254, 
        "short_term_average": 38956
    }, 
    {
        "accumulated_operating_revenue_yoy": -11.678459917632411, 
        "accumulated_operating_revenue": 2305413, 
        "long_term_average": 192117, 
        "date": "2014-12-31", 
        "operating_revenue": 37931, 
        "short_term_average": 51222
    }, 
    {
        "accumulated_operating_revenue_yoy": 39871.01932045303, 
        "accumulated_operating_revenue": 1199930, 
        "long_term_average": 291861, 
        "date": "2015-01-31", 
        "operating_revenue": 1199930, 
        "short_term_average": 413038
    }, 
    {
        "accumulated_operating_revenue_yoy": 41162.84367635506, 
        "accumulated_operating_revenue": 1575828, 
        "long_term_average": 323118, 
        "date": "2015-02-28", 
        "operating_revenue": 375898, 
        "short_term_average": 537919
    }, 
    {
        "accumulated_operating_revenue_yoy": 1253.0625832223702, 
        "accumulated_operating_revenue": 2215207, 
        "long_term_average": 363075, 
        "date": "2015-03-31", 
        "operating_revenue": 639379, 
        "short_term_average": 738402
    }, 
    {
        "accumulated_operating_revenue_yoy": 1196.2213911742708, 
        "accumulated_operating_revenue": 2599572, 
        "long_term_average": 392036, 
        "date": "2015-04-30", 
        "operating_revenue": 384365, 
        "short_term_average": 466547
    }, 
    {
        "accumulated_operating_revenue_yoy": 123.56405561030314, 
        "accumulated_operating_revenue": 4800430, 
        "long_term_average": 413217, 
        "date": "2015-05-31", 
        "operating_revenue": 2200858, 
        "short_term_average": 1074867
    }, 
    {
        "accumulated_operating_revenue_yoy": 137.7480524461723, 
        "accumulated_operating_revenue": 5107627, 
        "long_term_average": 438725, 
        "date": "2015-06-30", 
        "operating_revenue": 307197, 
        "short_term_average": 964140
    }, 
    {
        "accumulated_operating_revenue_yoy": 138.09269489770998, 
        "accumulated_operating_revenue": 5117862, 
        "long_term_average": 439479, 
        "date": "2015-07-31", 
        "operating_revenue": 10235, 
        "short_term_average": 839430
    }, 
    {
        "accumulated_operating_revenue_yoy": 138.44729923640412, 
        "accumulated_operating_revenue": 5128081, 
        "long_term_average": 440240, 
        "date": "2015-08-31", 
        "operating_revenue": 10219, 
        "short_term_average": 109217
    }, 
    {
        "accumulated_operating_revenue_yoy": 140.18125736901226, 
        "accumulated_operating_revenue": 5168093, 
        "long_term_average": 443479, 
        "date": "2015-09-30", 
        "operating_revenue": 40012, 
        "short_term_average": 20155
    }
]