[
    {
        "date": "2012-01-31", 
        "operating_revenue": 2057, 
        "accumulated_operating_revenue": 2057, 
        "long_term_average": 2057, 
        "short_term_average": 2057
    }, 
    {
        "date": "2012-02-29", 
        "operating_revenue": 11965, 
        "accumulated_operating_revenue": 14022, 
        "long_term_average": 7011, 
        "short_term_average": 7011
    }, 
    {
        "date": "2012-03-31", 
        "operating_revenue": 129963, 
        "accumulated_operating_revenue": 143985, 
        "long_term_average": 47995, 
        "short_term_average": 47995
    }, 
    {
        "date": "2012-04-30", 
        "operating_revenue": -571, 
        "accumulated_operating_revenue": 143414, 
        "long_term_average": 35853, 
        "short_term_average": 47119
    }, 
    {
        "date": "2012-05-31", 
        "operating_revenue": -373, 
        "accumulated_operating_revenue": 143041, 
        "long_term_average": 28608, 
        "short_term_average": 43006
    }, 
    {
        "date": "2012-06-30", 
        "operating_revenue": 238, 
        "accumulated_operating_revenue": 143279, 
        "long_term_average": 23879, 
        "short_term_average": -235
    }, 
    {
        "date": "2012-07-31", 
        "operating_revenue": 235, 
        "accumulated_operating_revenue": 143514, 
        "long_term_average": 20502, 
        "short_term_average": 33
    }, 
    {
        "date": "2012-08-31", 
        "operating_revenue": 270, 
        "accumulated_operating_revenue": 143784, 
        "long_term_average": 17973, 
        "short_term_average": 247
    }, 
    {
        "date": "2012-09-30", 
        "operating_revenue": 465829, 
        "accumulated_operating_revenue": 609613, 
        "long_term_average": 67734, 
        "short_term_average": 155444
    }, 
    {
        "date": "2012-10-31", 
        "operating_revenue": 17973, 
        "accumulated_operating_revenue": 627586, 
        "long_term_average": 62758, 
        "short_term_average": 161357
    }, 
    {
        "date": "2012-11-30", 
        "operating_revenue": 244, 
        "accumulated_operating_revenue": 627830, 
        "long_term_average": 57075, 
        "short_term_average": 161348
    }, 
    {
        "date": "2012-12-31", 
        "operating_revenue": 262, 
        "accumulated_operating_revenue": 628092, 
        "long_term_average": 52341, 
        "short_term_average": 6159
    }, 
    {
        "accumulated_operating_revenue_yoy": -87.84637822070978, 
        "accumulated_operating_revenue": 250, 
        "long_term_average": 52190, 
        "date": "2013-01-31", 
        "operating_revenue": 250, 
        "short_term_average": 252
    }, 
    {
        "accumulated_operating_revenue_yoy": -96.29154186278704, 
        "accumulated_operating_revenue": 520, 
        "long_term_average": 51215, 
        "date": "2013-02-28", 
        "operating_revenue": 270, 
        "short_term_average": 260
    }, 
    {
        "accumulated_operating_revenue_yoy": -99.45758238705422, 
        "accumulated_operating_revenue": 781, 
        "long_term_average": 40407, 
        "date": "2013-03-31", 
        "operating_revenue": 261, 
        "short_term_average": 260
    }, 
    {
        "accumulated_operating_revenue_yoy": -99.27343216143473, 
        "accumulated_operating_revenue": 1042, 
        "long_term_average": 40476, 
        "date": "2013-04-30", 
        "operating_revenue": 261, 
        "short_term_average": 264
    }, 
    {
        "accumulated_operating_revenue_yoy": 463.93901049349483, 
        "accumulated_operating_revenue": 806664, 
        "long_term_average": 107642, 
        "date": "2013-05-31", 
        "operating_revenue": 805622, 
        "short_term_average": 268714
    }, 
    {
        "accumulated_operating_revenue_yoy": 567.7203218894604, 
        "accumulated_operating_revenue": 956703, 
        "long_term_average": 120126, 
        "date": "2013-06-30", 
        "operating_revenue": 150039, 
        "short_term_average": 318640
    }, 
    {
        "accumulated_operating_revenue_yoy": 566.8004515238931, 
        "accumulated_operating_revenue": 956952, 
        "long_term_average": 120127, 
        "date": "2013-07-31", 
        "operating_revenue": 249, 
        "short_term_average": 318636
    }, 
    {
        "accumulated_operating_revenue_yoy": 565.7298447671507, 
        "accumulated_operating_revenue": 957213, 
        "long_term_average": 120126, 
        "date": "2013-08-31", 
        "operating_revenue": 261, 
        "short_term_average": 50183
    }, 
    {
        "accumulated_operating_revenue_yoy": 57.06571218133472, 
        "accumulated_operating_revenue": 957493, 
        "long_term_average": 81331, 
        "date": "2013-09-30", 
        "operating_revenue": 280, 
        "short_term_average": 263
    }, 
    {
        "accumulated_operating_revenue_yoy": 52.612231630406036, 
        "accumulated_operating_revenue": 957773, 
        "long_term_average": 79856, 
        "date": "2013-10-31", 
        "operating_revenue": 280, 
        "short_term_average": 273
    }, 
    {
        "accumulated_operating_revenue_yoy": 52.597518436519444, 
        "accumulated_operating_revenue": 958053, 
        "long_term_average": 79859, 
        "date": "2013-11-30", 
        "operating_revenue": 280, 
        "short_term_average": 280
    }, 
    {
        "accumulated_operating_revenue_yoy": 396.8257834839482, 
        "accumulated_operating_revenue": 3120523, 
        "long_term_average": 260043, 
        "date": "2013-12-31", 
        "operating_revenue": 2162470, 
        "short_term_average": 721010
    }, 
    {
        "accumulated_operating_revenue_yoy": 27230.399999999998, 
        "accumulated_operating_revenue": 68326, 
        "long_term_average": 265716, 
        "date": "2014-01-31", 
        "operating_revenue": 68326, 
        "short_term_average": 743692
    }, 
    {
        "accumulated_operating_revenue_yoy": 30593.26923076923, 
        "accumulated_operating_revenue": 159605, 
        "long_term_average": 273300, 
        "date": "2014-02-28", 
        "operating_revenue": 91279, 
        "short_term_average": 774025
    }, 
    {
        "accumulated_operating_revenue_yoy": 20352.752880921897, 
        "accumulated_operating_revenue": 159736, 
        "long_term_average": 273289, 
        "date": "2014-03-31", 
        "operating_revenue": 131, 
        "short_term_average": 53245
    }, 
    {
        "accumulated_operating_revenue_yoy": 102801.3435700576, 
        "accumulated_operating_revenue": 1072232, 
        "long_term_average": 349309, 
        "date": "2014-04-30", 
        "operating_revenue": 912496, 
        "short_term_average": 334635
    }, 
    {
        "accumulated_operating_revenue_yoy": 73.07627463231283, 
        "accumulated_operating_revenue": 1396144, 
        "long_term_average": 309166, 
        "date": "2014-05-31", 
        "operating_revenue": 323912, 
        "short_term_average": 412179
    }, 
    {
        "accumulated_operating_revenue_yoy": 98.3653234075779, 
        "accumulated_operating_revenue": 1897767, 
        "long_term_average": 338465, 
        "date": "2014-06-30", 
        "operating_revenue": 501623, 
        "short_term_average": 579343
    }, 
    {
        "accumulated_operating_revenue_yoy": 124.13328986197844, 
        "accumulated_operating_revenue": 2144848, 
        "long_term_average": 359034, 
        "date": "2014-07-31", 
        "operating_revenue": 247081, 
        "short_term_average": 357538
    }, 
    {
        "accumulated_operating_revenue_yoy": 183.68440462049722, 
        "accumulated_operating_revenue": 2715464, 
        "long_term_average": 406564, 
        "date": "2014-08-31", 
        "operating_revenue": 570616, 
        "short_term_average": 439773
    }, 
    {
        "accumulated_operating_revenue_yoy": 215.90330164293627, 
        "accumulated_operating_revenue": 3024752, 
        "long_term_average": 432315, 
        "date": "2014-09-30", 
        "operating_revenue": 309288, 
        "short_term_average": 375661
    }, 
    {
        "accumulated_operating_revenue_yoy": 227.60424442952555, 
        "accumulated_operating_revenue": 3137705, 
        "long_term_average": 441704, 
        "date": "2014-10-31", 
        "operating_revenue": 112953, 
        "short_term_average": 330952
    }, 
    {
        "accumulated_operating_revenue_yoy": 260.3065801161314, 
        "accumulated_operating_revenue": 3451928, 
        "long_term_average": 467866, 
        "date": "2014-11-30", 
        "operating_revenue": 314223, 
        "short_term_average": 245488
    }, 
    {
        "accumulated_operating_revenue_yoy": 18.774384934833037, 
        "accumulated_operating_revenue": 3706382, 
        "long_term_average": 308865, 
        "date": "2014-12-31", 
        "operating_revenue": 254454, 
        "short_term_average": 227210
    }, 
    {
        "accumulated_operating_revenue_yoy": -38.281181395076544, 
        "accumulated_operating_revenue": 42170, 
        "long_term_average": 306685, 
        "date": "2015-01-31", 
        "operating_revenue": 42170, 
        "short_term_average": 203615
    }, 
    {
        "accumulated_operating_revenue_yoy": -57.116631684471045, 
        "accumulated_operating_revenue": 68444, 
        "long_term_average": 301268, 
        "date": "2015-02-28", 
        "operating_revenue": 26274, 
        "short_term_average": 107632
    }, 
    {
        "accumulated_operating_revenue_yoy": -36.72434516952973, 
        "accumulated_operating_revenue": 101074, 
        "long_term_average": 303976, 
        "date": "2015-03-31", 
        "operating_revenue": 32630, 
        "short_term_average": 33691
    }, 
    {
        "accumulated_operating_revenue_yoy": 40.27057577091525, 
        "accumulated_operating_revenue": 1504026, 
        "long_term_average": 344848, 
        "date": "2015-04-30", 
        "operating_revenue": 1402952, 
        "short_term_average": 487285
    }, 
    {
        "accumulated_operating_revenue_yoy": 34.23185573980908, 
        "accumulated_operating_revenue": 1874070, 
        "long_term_average": 348692, 
        "date": "2015-05-31", 
        "operating_revenue": 370044, 
        "short_term_average": 601875
    }, 
    {
        "accumulated_operating_revenue_yoy": 2.491981365467942, 
        "accumulated_operating_revenue": 1945059, 
        "long_term_average": 312806, 
        "date": "2015-06-30", 
        "operating_revenue": 70989, 
        "short_term_average": 614661
    }, 
    {
        "accumulated_operating_revenue_yoy": -8.711293294443243, 
        "accumulated_operating_revenue": 1958004, 
        "long_term_average": 293294, 
        "date": "2015-07-31", 
        "operating_revenue": 12945, 
        "short_term_average": 151326
    }, 
    {
        "accumulated_operating_revenue_yoy": -26.757710652765056, 
        "accumulated_operating_revenue": 1988868, 
        "long_term_average": 248315, 
        "date": "2015-08-31", 
        "operating_revenue": 30864, 
        "short_term_average": 38266
    }, 
    {
        "accumulated_operating_revenue_yoy": -33.56423931614889, 
        "accumulated_operating_revenue": 2009517, 
        "long_term_average": 224262, 
        "date": "2015-09-30", 
        "operating_revenue": 20649, 
        "short_term_average": 21486
    }
]