[
    {
        "date": "2012-01-31", 
        "operating_revenue": 100, 
        "accumulated_operating_revenue": 100, 
        "long_term_average": 100, 
        "short_term_average": 100
    }, 
    {
        "date": "2012-05-31", 
        "operating_revenue": 2838, 
        "accumulated_operating_revenue": 2938, 
        "long_term_average": 1469, 
        "short_term_average": 1469
    }, 
    {
        "date": "2012-06-30", 
        "operating_revenue": 38, 
        "accumulated_operating_revenue": 2976, 
        "long_term_average": 992, 
        "short_term_average": 992
    }, 
    {
        "date": "2012-07-31", 
        "operating_revenue": 19, 
        "accumulated_operating_revenue": 2995, 
        "long_term_average": 748, 
        "short_term_average": 965
    }, 
    {
        "date": "2012-08-31", 
        "operating_revenue": 126, 
        "accumulated_operating_revenue": 3121, 
        "long_term_average": 624, 
        "short_term_average": 61
    }, 
    {
        "date": "2012-09-30", 
        "operating_revenue": 19, 
        "accumulated_operating_revenue": 3140, 
        "long_term_average": 523, 
        "short_term_average": 54
    }, 
    {
        "date": "2012-10-31", 
        "operating_revenue": 19, 
        "accumulated_operating_revenue": 3159, 
        "long_term_average": 451, 
        "short_term_average": 54
    }, 
    {
        "date": "2012-12-31", 
        "operating_revenue": 470, 
        "accumulated_operating_revenue": 3629, 
        "long_term_average": 453, 
        "short_term_average": 169
    }, 
    {
        "accumulated_operating_revenue_yoy": -81.0, 
        "accumulated_operating_revenue": 19, 
        "long_term_average": 405, 
        "date": "2013-01-31", 
        "operating_revenue": 19, 
        "short_term_average": 169
    }, 
    {
        "date": "2013-03-31", 
        "operating_revenue": 145, 
        "accumulated_operating_revenue": 164, 
        "long_term_average": 379, 
        "short_term_average": 211
    }, 
    {
        "date": "2013-04-30", 
        "operating_revenue": 19, 
        "accumulated_operating_revenue": 183, 
        "long_term_average": 346, 
        "short_term_average": 61
    }, 
    {
        "accumulated_operating_revenue_yoy": -90.45698924731182, 
        "accumulated_operating_revenue": 284, 
        "long_term_average": 326, 
        "date": "2013-06-30", 
        "operating_revenue": 101, 
        "short_term_average": 88
    }, 
    {
        "accumulated_operating_revenue_yoy": -29.86222364626722, 
        "accumulated_operating_revenue": 2189, 
        "long_term_average": 476, 
        "date": "2013-08-31", 
        "operating_revenue": 1905, 
        "short_term_average": 675
    }, 
    {
        "accumulated_operating_revenue_yoy": 1702.9617834394905, 
        "accumulated_operating_revenue": 56613, 
        "long_term_average": 4775, 
        "date": "2013-09-30", 
        "operating_revenue": 54424, 
        "short_term_average": 18810
    }, 
    {
        "accumulated_operating_revenue_yoy": 2347.9265590376704, 
        "accumulated_operating_revenue": 77330, 
        "long_term_average": 6498, 
        "date": "2013-10-31", 
        "operating_revenue": 20717, 
        "short_term_average": 25682
    }, 
    {
        "date": "2013-11-30", 
        "operating_revenue": 359679, 
        "accumulated_operating_revenue": 437009, 
        "long_term_average": 36470, 
        "short_term_average": 144940
    }, 
    {
        "accumulated_operating_revenue_yoy": 13872.113529898044, 
        "accumulated_operating_revenue": 507048, 
        "long_term_average": 42296, 
        "date": "2013-12-31", 
        "operating_revenue": 70039, 
        "short_term_average": 150145
    }, 
    {
        "accumulated_operating_revenue_yoy": 505710.5263157895, 
        "accumulated_operating_revenue": 96104, 
        "long_term_average": 50303, 
        "date": "2014-01-31", 
        "operating_revenue": 96104, 
        "short_term_average": 175274
    }, 
    {
        "date": "2014-02-28", 
        "operating_revenue": 45220, 
        "accumulated_operating_revenue": 141324, 
        "long_term_average": 54070, 
        "short_term_average": 70454
    }, 
    {
        "accumulated_operating_revenue_yoy": 121000.60975609756, 
        "accumulated_operating_revenue": 198605, 
        "long_term_average": 58804, 
        "date": "2014-03-31", 
        "operating_revenue": 57281, 
        "short_term_average": 66201
    }, 
    {
        "accumulated_operating_revenue_yoy": 127210.3825136612, 
        "accumulated_operating_revenue": 232978, 
        "long_term_average": 61667, 
        "date": "2014-04-30", 
        "operating_revenue": 34373, 
        "short_term_average": 45624
    }, 
    {
        "date": "2014-05-31", 
        "operating_revenue": 123025, 
        "accumulated_operating_revenue": 356003, 
        "long_term_average": 71907, 
        "short_term_average": 71559
    }, 
    {
        "accumulated_operating_revenue_yoy": 180801.05633802817, 
        "accumulated_operating_revenue": 513759, 
        "long_term_average": 85052, 
        "date": "2014-06-30", 
        "operating_revenue": 157756, 
        "short_term_average": 105051
    }, 
    {
        "date": "2014-07-31", 
        "operating_revenue": 62954, 
        "accumulated_operating_revenue": 576713, 
        "long_term_average": 90289, 
        "short_term_average": 114578
    }, 
    {
        "accumulated_operating_revenue_yoy": 27719.04979442668, 
        "accumulated_operating_revenue": 608959, 
        "long_term_average": 92818, 
        "date": "2014-08-31", 
        "operating_revenue": 32246, 
        "short_term_average": 84318
    }, 
    {
        "accumulated_operating_revenue_yoy": 1322.6838358680868, 
        "accumulated_operating_revenue": 805424, 
        "long_term_average": 104654, 
        "date": "2014-09-30", 
        "operating_revenue": 196465, 
        "short_term_average": 97221
    }, 
    {
        "accumulated_operating_revenue_yoy": 1083.5911030647874, 
        "accumulated_operating_revenue": 915271, 
        "long_term_average": 112082, 
        "date": "2014-10-31", 
        "operating_revenue": 109847, 
        "short_term_average": 112852
    }, 
    {
        "accumulated_operating_revenue_yoy": 146.75738943591548, 
        "accumulated_operating_revenue": 1078352, 
        "long_term_average": 95699, 
        "date": "2014-11-30", 
        "operating_revenue": 163081, 
        "short_term_average": 156464
    }, 
    {
        "accumulated_operating_revenue_yoy": 126.89962291538475, 
        "accumulated_operating_revenue": 1150490, 
        "long_term_average": 95874, 
        "date": "2014-12-31", 
        "operating_revenue": 72138, 
        "short_term_average": 115022
    }, 
    {
        "accumulated_operating_revenue_yoy": -68.17822359110963, 
        "accumulated_operating_revenue": 30582, 
        "long_term_average": 90414, 
        "date": "2015-01-31", 
        "operating_revenue": 30582, 
        "short_term_average": 88600
    }, 
    {
        "accumulated_operating_revenue_yoy": -14.778098553678074, 
        "accumulated_operating_revenue": 120439, 
        "long_term_average": 94133, 
        "date": "2015-02-28", 
        "operating_revenue": 89857, 
        "short_term_average": 64192
    }, 
    {
        "accumulated_operating_revenue_yoy": 4.668059716522746, 
        "accumulated_operating_revenue": 207876, 
        "long_term_average": 96646, 
        "date": "2015-03-31", 
        "operating_revenue": 87437, 
        "short_term_average": 69292
    }, 
    {
        "accumulated_operating_revenue_yoy": 10.844800796641744, 
        "accumulated_operating_revenue": 258244, 
        "long_term_average": 97979, 
        "date": "2015-04-30", 
        "operating_revenue": 50368, 
        "short_term_average": 75887
    }, 
    {
        "accumulated_operating_revenue_yoy": -4.1873242641213695, 
        "accumulated_operating_revenue": 341096, 
        "long_term_average": 94631, 
        "date": "2015-05-31", 
        "operating_revenue": 82852, 
        "short_term_average": 73552
    }, 
    {
        "accumulated_operating_revenue_yoy": -24.84005146381864, 
        "accumulated_operating_revenue": 386141, 
        "long_term_average": 85239, 
        "date": "2015-06-30", 
        "operating_revenue": 45045, 
        "short_term_average": 59421
    }, 
    {
        "accumulated_operating_revenue_yoy": -28.53152261176703, 
        "accumulated_operating_revenue": 412168, 
        "long_term_average": 82162, 
        "date": "2015-07-31", 
        "operating_revenue": 26027, 
        "short_term_average": 51308
    }, 
    {
        "accumulated_operating_revenue_yoy": -23.435403697129033, 
        "accumulated_operating_revenue": 466247, 
        "long_term_average": 83981, 
        "date": "2015-08-31", 
        "operating_revenue": 54079, 
        "short_term_average": 41717
    }, 
    {
        "accumulated_operating_revenue_yoy": -32.537272293847714, 
        "accumulated_operating_revenue": 543361, 
        "long_term_average": 74035, 
        "date": "2015-09-30", 
        "operating_revenue": 77114, 
        "short_term_average": 52406
    }
]