[
    {
        "date": "2012-01-31", 
        "operating_revenue": 268223, 
        "accumulated_operating_revenue": 268223, 
        "long_term_average": 268223, 
        "short_term_average": 268223
    }, 
    {
        "date": "2012-02-29", 
        "operating_revenue": 1740992, 
        "accumulated_operating_revenue": 2009215, 
        "long_term_average": 1004607, 
        "short_term_average": 1004607
    }, 
    {
        "date": "2012-03-31", 
        "operating_revenue": 768594, 
        "accumulated_operating_revenue": 2777809, 
        "long_term_average": 925936, 
        "short_term_average": 925936
    }, 
    {
        "date": "2012-04-30", 
        "operating_revenue": 462209, 
        "accumulated_operating_revenue": 3240018, 
        "long_term_average": 810004, 
        "short_term_average": 990598
    }, 
    {
        "date": "2012-05-31", 
        "operating_revenue": 245511, 
        "accumulated_operating_revenue": 3485529, 
        "long_term_average": 697105, 
        "short_term_average": 492104
    }, 
    {
        "date": "2012-06-30", 
        "operating_revenue": 319582, 
        "accumulated_operating_revenue": 3805111, 
        "long_term_average": 634185, 
        "short_term_average": 342434
    }, 
    {
        "date": "2012-07-31", 
        "operating_revenue": 34049, 
        "accumulated_operating_revenue": 3839160, 
        "long_term_average": 548451, 
        "short_term_average": 199714
    }, 
    {
        "date": "2012-08-31", 
        "operating_revenue": 211132, 
        "accumulated_operating_revenue": 4050292, 
        "long_term_average": 506286, 
        "short_term_average": 188254
    }, 
    {
        "date": "2012-09-30", 
        "operating_revenue": 2047151, 
        "accumulated_operating_revenue": 6097443, 
        "long_term_average": 677493, 
        "short_term_average": 764110
    }, 
    {
        "date": "2012-10-31", 
        "operating_revenue": 3003841, 
        "accumulated_operating_revenue": 9101284, 
        "long_term_average": 910128, 
        "short_term_average": 1754041
    }, 
    {
        "date": "2012-11-30", 
        "operating_revenue": 5697583, 
        "accumulated_operating_revenue": 14798867, 
        "long_term_average": 1345351, 
        "short_term_average": 3582858
    }, 
    {
        "date": "2012-12-31", 
        "operating_revenue": 3930015, 
        "accumulated_operating_revenue": 18728882, 
        "long_term_average": 1560740, 
        "short_term_average": 4210479
    }, 
    {
        "accumulated_operating_revenue_yoy": 1017.9015222408219, 
        "accumulated_operating_revenue": 2998469, 
        "long_term_average": 1788260, 
        "date": "2013-01-31", 
        "operating_revenue": 2998469, 
        "short_term_average": 4208689
    }, 
    {
        "accumulated_operating_revenue_yoy": 155.4185589894561, 
        "accumulated_operating_revenue": 5131908, 
        "long_term_average": 1820964, 
        "date": "2013-02-28", 
        "operating_revenue": 2133439, 
        "short_term_average": 3020641
    }, 
    {
        "accumulated_operating_revenue_yoy": 417.45083985256, 
        "accumulated_operating_revenue": 14373796, 
        "long_term_average": 2527072, 
        "date": "2013-03-31", 
        "operating_revenue": 9241888, 
        "short_term_average": 4791265
    }, 
    {
        "accumulated_operating_revenue_yoy": 383.4543511795305, 
        "accumulated_operating_revenue": 15664008, 
        "long_term_average": 2596072, 
        "date": "2013-04-30", 
        "operating_revenue": 1290212, 
        "short_term_average": 4221846
    }, 
    {
        "accumulated_operating_revenue_yoy": 398.26112478191976, 
        "accumulated_operating_revenue": 17367036, 
        "long_term_average": 2717532, 
        "date": "2013-05-31", 
        "operating_revenue": 1703028, 
        "short_term_average": 4078376
    }, 
    {
        "accumulated_operating_revenue_yoy": 403.2464493151448, 
        "accumulated_operating_revenue": 19149086, 
        "long_term_average": 2839404, 
        "date": "2013-06-30", 
        "operating_revenue": 1782050, 
        "short_term_average": 1591763
    }, 
    {
        "accumulated_operating_revenue_yoy": 478.5839089800894, 
        "accumulated_operating_revenue": 22212762, 
        "long_term_average": 3091873, 
        "date": "2013-07-31", 
        "operating_revenue": 3063676, 
        "short_term_average": 2182918
    }, 
    {
        "accumulated_operating_revenue_yoy": 478.88883073121644, 
        "accumulated_operating_revenue": 23446688, 
        "long_term_average": 3177106, 
        "date": "2013-08-31", 
        "operating_revenue": 1233926, 
        "short_term_average": 2026550
    }, 
    {
        "accumulated_operating_revenue_yoy": 291.1633942293515, 
        "accumulated_operating_revenue": 23850965, 
        "long_term_average": 3040200, 
        "date": "2013-09-30", 
        "operating_revenue": 404277, 
        "short_term_average": 1567293
    }, 
    {
        "accumulated_operating_revenue_yoy": 170.1902281040785, 
        "accumulated_operating_revenue": 24590780, 
        "long_term_average": 2851531, 
        "date": "2013-10-31", 
        "operating_revenue": 739815, 
        "short_term_average": 792672
    }, 
    {
        "accumulated_operating_revenue_yoy": 69.4741225797894, 
        "accumulated_operating_revenue": 25080250, 
        "long_term_average": 2417522, 
        "date": "2013-11-30", 
        "operating_revenue": 489470, 
        "short_term_average": 544520
    }, 
    {
        "accumulated_operating_revenue_yoy": 51.15849413755716, 
        "accumulated_operating_revenue": 28310296, 
        "long_term_average": 2359191, 
        "date": "2013-12-31", 
        "operating_revenue": 3230046, 
        "short_term_average": 1486443
    }, 
    {
        "accumulated_operating_revenue_yoy": -75.84540643908608, 
        "accumulated_operating_revenue": 724268, 
        "long_term_average": 2169674, 
        "date": "2014-01-31", 
        "operating_revenue": 724268, 
        "short_term_average": 1481261
    }, 
    {
        "accumulated_operating_revenue_yoy": -75.30020023741658, 
        "accumulated_operating_revenue": 1267571, 
        "long_term_average": 2037163, 
        "date": "2014-02-28", 
        "operating_revenue": 543303, 
        "short_term_average": 1499205
    }, 
    {
        "accumulated_operating_revenue_yoy": -79.67978674526897, 
        "accumulated_operating_revenue": 2920786, 
        "long_term_average": 1404773, 
        "date": "2014-03-31", 
        "operating_revenue": 1653215, 
        "short_term_average": 973595
    }, 
    {
        "accumulated_operating_revenue_yoy": -78.22085509660107, 
        "accumulated_operating_revenue": 3411487, 
        "long_term_average": 1338147, 
        "date": "2014-04-30", 
        "operating_revenue": 490701, 
        "short_term_average": 895739
    }, 
    {
        "accumulated_operating_revenue_yoy": -77.25718424260765, 
        "accumulated_operating_revenue": 3949753, 
        "long_term_average": 1241084, 
        "date": "2014-05-31", 
        "operating_revenue": 538266, 
        "short_term_average": 894060
    }, 
    {
        "accumulated_operating_revenue_yoy": -42.510660822140544, 
        "accumulated_operating_revenue": 11008683, 
        "long_term_average": 1680824, 
        "date": "2014-06-30", 
        "operating_revenue": 7058930, 
        "short_term_average": 2695965
    }, 
    {
        "accumulated_operating_revenue_yoy": -26.215605245308982, 
        "accumulated_operating_revenue": 16389552, 
        "long_term_average": 1873923, 
        "date": "2014-07-31", 
        "operating_revenue": 5380869, 
        "short_term_average": 4326021
    }, 
    {
        "accumulated_operating_revenue_yoy": 7.214878280463322, 
        "accumulated_operating_revenue": 25138338, 
        "long_term_average": 2500162, 
        "date": "2014-08-31", 
        "operating_revenue": 8748786, 
        "short_term_average": 7062861
    }, 
    {
        "accumulated_operating_revenue_yoy": 24.37103488265569, 
        "accumulated_operating_revenue": 29663692, 
        "long_term_average": 2843585, 
        "date": "2014-09-30", 
        "operating_revenue": 4525354, 
        "short_term_average": 6218336
    }, 
    {
        "accumulated_operating_revenue_yoy": 25.107361376906308, 
        "accumulated_operating_revenue": 30764876, 
        "long_term_average": 2873699, 
        "date": "2014-10-31", 
        "operating_revenue": 1101184, 
        "short_term_average": 4791774
    }, 
    {
        "accumulated_operating_revenue_yoy": 28.763150287576877, 
        "accumulated_operating_revenue": 32294120, 
        "long_term_average": 2960347, 
        "date": "2014-11-30", 
        "operating_revenue": 1529244, 
        "short_term_average": 2385260
    }, 
    {
        "accumulated_operating_revenue_yoy": 32.51423086498283, 
        "accumulated_operating_revenue": 37515171, 
        "long_term_average": 3126264, 
        "date": "2014-12-31", 
        "operating_revenue": 5221051, 
        "short_term_average": 2617159
    }, 
    {
        "accumulated_operating_revenue_yoy": 74.02743183462476, 
        "accumulated_operating_revenue": 1260425, 
        "long_term_average": 3170944, 
        "date": "2015-01-31", 
        "operating_revenue": 1260425, 
        "short_term_average": 2670240
    }, 
    {
        "accumulated_operating_revenue_yoy": 550.9726871315295, 
        "accumulated_operating_revenue": 8251541, 
        "long_term_average": 3708261, 
        "date": "2015-02-28", 
        "operating_revenue": 6991116, 
        "short_term_average": 4490864
    }, 
    {
        "accumulated_operating_revenue_yoy": 222.2765721281874, 
        "accumulated_operating_revenue": 9413009, 
        "long_term_average": 3667282, 
        "date": "2015-03-31", 
        "operating_revenue": 1161468, 
        "short_term_average": 3137669
    }, 
    {
        "accumulated_operating_revenue_yoy": 187.15009026855444, 
        "accumulated_operating_revenue": 9796088, 
        "long_term_average": 3658314, 
        "date": "2015-04-30", 
        "operating_revenue": 383079, 
        "short_term_average": 2845221
    }, 
    {
        "accumulated_operating_revenue_yoy": 161.89331332870688, 
        "accumulated_operating_revenue": 10344139, 
        "long_term_average": 3659129, 
        "date": "2015-05-31", 
        "operating_revenue": 548051, 
        "short_term_average": 697532
    }, 
    {
        "accumulated_operating_revenue_yoy": -1.1461952351611906, 
        "accumulated_operating_revenue": 10882502, 
        "long_term_average": 3115749, 
        "date": "2015-06-30", 
        "operating_revenue": 538363, 
        "short_term_average": 489831
    }, 
    {
        "accumulated_operating_revenue_yoy": -31.192872141959704, 
        "accumulated_operating_revenue": 11277180, 
        "long_term_average": 2700233, 
        "date": "2015-07-31", 
        "operating_revenue": 394678, 
        "short_term_average": 493697
    }, 
    {
        "accumulated_operating_revenue_yoy": -45.74555008370084, 
        "accumulated_operating_revenue": 13638667, 
        "long_term_average": 2167958, 
        "date": "2015-08-31", 
        "operating_revenue": 2361487, 
        "short_term_average": 1098176
    }, 
    {
        "accumulated_operating_revenue_yoy": -49.32804048801477, 
        "accumulated_operating_revenue": 15031174, 
        "long_term_average": 1906887, 
        "date": "2015-09-30", 
        "operating_revenue": 1392507, 
        "short_term_average": 1382890
    }
]