[
    {
        "date": "2012-01-31", 
        "operating_revenue": 251791, 
        "accumulated_operating_revenue": 251791, 
        "long_term_average": 251791, 
        "short_term_average": 251791
    }, 
    {
        "date": "2012-02-29", 
        "operating_revenue": 284173, 
        "accumulated_operating_revenue": 535964, 
        "long_term_average": 267982, 
        "short_term_average": 267982
    }, 
    {
        "date": "2012-03-31", 
        "operating_revenue": 340441, 
        "accumulated_operating_revenue": 876405, 
        "long_term_average": 292135, 
        "short_term_average": 292135
    }, 
    {
        "date": "2012-04-30", 
        "operating_revenue": 316677, 
        "accumulated_operating_revenue": 1193082, 
        "long_term_average": 298270, 
        "short_term_average": 313763
    }, 
    {
        "date": "2012-05-31", 
        "operating_revenue": 408120, 
        "accumulated_operating_revenue": 1601202, 
        "long_term_average": 320240, 
        "short_term_average": 355079
    }, 
    {
        "date": "2012-06-30", 
        "operating_revenue": 298928, 
        "accumulated_operating_revenue": 1900130, 
        "long_term_average": 316688, 
        "short_term_average": 341241
    }, 
    {
        "date": "2012-07-31", 
        "operating_revenue": 266666, 
        "accumulated_operating_revenue": 2166796, 
        "long_term_average": 309542, 
        "short_term_average": 324571
    }, 
    {
        "date": "2012-08-31", 
        "operating_revenue": 275080, 
        "accumulated_operating_revenue": 2441876, 
        "long_term_average": 305234, 
        "short_term_average": 280224
    }, 
    {
        "date": "2012-09-30", 
        "operating_revenue": 266289, 
        "accumulated_operating_revenue": 2708165, 
        "long_term_average": 300907, 
        "short_term_average": 269345
    }, 
    {
        "date": "2012-10-31", 
        "operating_revenue": 375627, 
        "accumulated_operating_revenue": 3083792, 
        "long_term_average": 308379, 
        "short_term_average": 305665
    }, 
    {
        "date": "2012-11-30", 
        "operating_revenue": 382836, 
        "accumulated_operating_revenue": 3466628, 
        "long_term_average": 315148, 
        "short_term_average": 341584
    }, 
    {
        "date": "2012-12-31", 
        "operating_revenue": 250984, 
        "accumulated_operating_revenue": 3717612, 
        "long_term_average": 309801, 
        "short_term_average": 336482
    }, 
    {
        "accumulated_operating_revenue_yoy": 25.092636353165922, 
        "accumulated_operating_revenue": 314972, 
        "long_term_average": 315066, 
        "date": "2013-01-31", 
        "operating_revenue": 314972, 
        "short_term_average": 316264
    }, 
    {
        "accumulated_operating_revenue_yoy": -4.05512310528319, 
        "accumulated_operating_revenue": 514230, 
        "long_term_average": 307989, 
        "date": "2013-02-28", 
        "operating_revenue": 199258, 
        "short_term_average": 255071
    }, 
    {
        "accumulated_operating_revenue_yoy": -12.430782571984414, 
        "accumulated_operating_revenue": 767461, 
        "long_term_average": 300722, 
        "date": "2013-03-31", 
        "operating_revenue": 253231, 
        "short_term_average": 255820
    }, 
    {
        "accumulated_operating_revenue_yoy": -9.523737681064672, 
        "accumulated_operating_revenue": 1079456, 
        "long_term_average": 300332, 
        "date": "2013-04-30", 
        "operating_revenue": 311995, 
        "short_term_average": 254828
    }, 
    {
        "accumulated_operating_revenue_yoy": -15.733555166681032, 
        "accumulated_operating_revenue": 1349276, 
        "long_term_average": 288807, 
        "date": "2013-05-31", 
        "operating_revenue": 269820, 
        "short_term_average": 278348
    }, 
    {
        "accumulated_operating_revenue_yoy": -17.98408529942688, 
        "accumulated_operating_revenue": 1558409, 
        "long_term_average": 281324, 
        "date": "2013-06-30", 
        "operating_revenue": 209133, 
        "short_term_average": 263649
    }, 
    {
        "accumulated_operating_revenue_yoy": -17.64974644590446, 
        "accumulated_operating_revenue": 1784362, 
        "long_term_average": 277931, 
        "date": "2013-07-31", 
        "operating_revenue": 225953, 
        "short_term_average": 234968
    }, 
    {
        "accumulated_operating_revenue_yoy": -16.414674619022424, 
        "accumulated_operating_revenue": 2041050, 
        "long_term_average": 276398, 
        "date": "2013-08-31", 
        "operating_revenue": 256688, 
        "short_term_average": 230591
    }, 
    {
        "accumulated_operating_revenue_yoy": -13.63820151283249, 
        "accumulated_operating_revenue": 2338820, 
        "long_term_average": 279022, 
        "date": "2013-09-30", 
        "operating_revenue": 297770, 
        "short_term_average": 260137
    }, 
    {
        "accumulated_operating_revenue_yoy": -12.140734524248069, 
        "accumulated_operating_revenue": 2709397, 
        "long_term_average": 278601, 
        "date": "2013-10-31", 
        "operating_revenue": 370577, 
        "short_term_average": 308345
    }, 
    {
        "accumulated_operating_revenue_yoy": -10.464982109415836, 
        "accumulated_operating_revenue": 3103846, 
        "long_term_average": 279569, 
        "date": "2013-11-30", 
        "operating_revenue": 394449, 
        "short_term_average": 354265
    }, 
    {
        "accumulated_operating_revenue_yoy": -3.1485534262316777, 
        "accumulated_operating_revenue": 3600561, 
        "long_term_average": 300046, 
        "date": "2013-12-31", 
        "operating_revenue": 496715, 
        "short_term_average": 420580
    }, 
    {
        "accumulated_operating_revenue_yoy": 10.113279910595226, 
        "accumulated_operating_revenue": 346826, 
        "long_term_average": 302701, 
        "date": "2014-01-31", 
        "operating_revenue": 346826, 
        "short_term_average": 412663
    }, 
    {
        "accumulated_operating_revenue_yoy": 2.7596600742858253, 
        "accumulated_operating_revenue": 528421, 
        "long_term_average": 301229, 
        "date": "2014-02-28", 
        "operating_revenue": 181595, 
        "short_term_average": 341712
    }, 
    {
        "accumulated_operating_revenue_yoy": 18.451751945701474, 
        "accumulated_operating_revenue": 909071, 
        "long_term_average": 311847, 
        "date": "2014-03-31", 
        "operating_revenue": 380650, 
        "short_term_average": 303023
    }, 
    {
        "accumulated_operating_revenue_yoy": 16.30747339400587, 
        "accumulated_operating_revenue": 1255488, 
        "long_term_average": 314716, 
        "date": "2014-04-30", 
        "operating_revenue": 346417, 
        "short_term_average": 302887
    }, 
    {
        "accumulated_operating_revenue_yoy": 17.38858469282786, 
        "accumulated_operating_revenue": 1583896, 
        "long_term_average": 319598, 
        "date": "2014-05-31", 
        "operating_revenue": 328408, 
        "short_term_average": 351825
    }, 
    {
        "accumulated_operating_revenue_yoy": 28.525502611958736, 
        "accumulated_operating_revenue": 2002953, 
        "long_term_average": 337092, 
        "date": "2014-06-30", 
        "operating_revenue": 419057, 
        "short_term_average": 364627
    }, 
    {
        "accumulated_operating_revenue_yoy": 34.74558413595447, 
        "accumulated_operating_revenue": 2404349, 
        "long_term_average": 351712, 
        "date": "2014-07-31", 
        "operating_revenue": 401396, 
        "short_term_average": 382953
    }, 
    {
        "accumulated_operating_revenue_yoy": 49.155287719556114, 
        "accumulated_operating_revenue": 3044334, 
        "long_term_average": 383653, 
        "date": "2014-08-31", 
        "operating_revenue": 639985, 
        "short_term_average": 486812
    }, 
    {
        "accumulated_operating_revenue_yoy": 56.30416192780975, 
        "accumulated_operating_revenue": 3655673, 
        "long_term_average": 409784, 
        "date": "2014-09-30", 
        "operating_revenue": 611339, 
        "short_term_average": 550906
    }, 
    {
        "accumulated_operating_revenue_yoy": 57.314930222481244, 
        "accumulated_operating_revenue": 4262286, 
        "long_term_average": 429454, 
        "date": "2014-10-31", 
        "operating_revenue": 606613, 
        "short_term_average": 619312
    }, 
    {
        "accumulated_operating_revenue_yoy": 56.50782931885151, 
        "accumulated_operating_revenue": 4857762, 
        "long_term_average": 446206, 
        "date": "2014-11-30", 
        "operating_revenue": 595476, 
        "short_term_average": 604476
    }, 
    {
        "accumulated_operating_revenue_yoy": 52.05391604252782, 
        "accumulated_operating_revenue": 5474794, 
        "long_term_average": 456232, 
        "date": "2014-12-31", 
        "operating_revenue": 617032, 
        "short_term_average": 606373
    }, 
    {
        "accumulated_operating_revenue_yoy": 50.58819119673842, 
        "accumulated_operating_revenue": 522279, 
        "long_term_average": 470853, 
        "date": "2015-01-31", 
        "operating_revenue": 522279, 
        "short_term_average": 578262
    }, 
    {
        "accumulated_operating_revenue_yoy": 67.38112224911576, 
        "accumulated_operating_revenue": 884477, 
        "long_term_average": 485904, 
        "date": "2015-02-28", 
        "operating_revenue": 362198, 
        "short_term_average": 500503
    }, 
    {
        "accumulated_operating_revenue_yoy": 57.57471088616841, 
        "accumulated_operating_revenue": 1432466, 
        "long_term_average": 499849, 
        "date": "2015-03-31", 
        "operating_revenue": 547989, 
        "short_term_average": 477488
    }, 
    {
        "accumulated_operating_revenue_yoy": 56.02865180710608, 
        "accumulated_operating_revenue": 1958921, 
        "long_term_average": 514852, 
        "date": "2015-04-30", 
        "operating_revenue": 526455, 
        "short_term_average": 478880
    }, 
    {
        "accumulated_operating_revenue_yoy": 54.719880598221096, 
        "accumulated_operating_revenue": 2450602, 
        "long_term_average": 528458, 
        "date": "2015-05-31", 
        "operating_revenue": 491681, 
        "short_term_average": 522041
    }, 
    {
        "accumulated_operating_revenue_yoy": 45.81250783218578, 
        "accumulated_operating_revenue": 2920556, 
        "long_term_average": 532699, 
        "date": "2015-06-30", 
        "operating_revenue": 469954, 
        "short_term_average": 496030
    }, 
    {
        "accumulated_operating_revenue_yoy": 43.32153942709648, 
        "accumulated_operating_revenue": 3445950, 
        "long_term_average": 543032, 
        "date": "2015-07-31", 
        "operating_revenue": 525394, 
        "short_term_average": 495676
    }, 
    {
        "accumulated_operating_revenue_yoy": 25.89597593430944, 
        "accumulated_operating_revenue": 3832694, 
        "long_term_average": 521929, 
        "date": "2015-08-31", 
        "operating_revenue": 386744, 
        "short_term_average": 460697
    }, 
    {
        "accumulated_operating_revenue_yoy": 17.23493868297301, 
        "accumulated_operating_revenue": 4285726, 
        "long_term_average": 508737, 
        "date": "2015-09-30", 
        "operating_revenue": 453032, 
        "short_term_average": 455056
    }
]