[
    {
        "date": "2012-01-31", 
        "operating_revenue": 26408, 
        "accumulated_operating_revenue": 26408, 
        "long_term_average": 26408, 
        "short_term_average": 26408
    }, 
    {
        "date": "2012-02-29", 
        "operating_revenue": 34007, 
        "accumulated_operating_revenue": 60415, 
        "long_term_average": 30207, 
        "short_term_average": 30207
    }, 
    {
        "date": "2012-03-31", 
        "operating_revenue": 887019, 
        "accumulated_operating_revenue": 947434, 
        "long_term_average": 315811, 
        "short_term_average": 315811
    }, 
    {
        "date": "2012-04-30", 
        "operating_revenue": 25817, 
        "accumulated_operating_revenue": 973251, 
        "long_term_average": 243312, 
        "short_term_average": 315614
    }, 
    {
        "date": "2012-05-31", 
        "operating_revenue": 60765, 
        "accumulated_operating_revenue": 1034016, 
        "long_term_average": 206803, 
        "short_term_average": 324533
    }, 
    {
        "date": "2012-06-30", 
        "operating_revenue": 44936, 
        "accumulated_operating_revenue": 1078952, 
        "long_term_average": 179825, 
        "short_term_average": 43839
    }, 
    {
        "date": "2012-07-31", 
        "operating_revenue": 24819, 
        "accumulated_operating_revenue": 1103771, 
        "long_term_average": 157681, 
        "short_term_average": 43506
    }, 
    {
        "date": "2012-08-31", 
        "operating_revenue": 2874927, 
        "accumulated_operating_revenue": 3978698, 
        "long_term_average": 497337, 
        "short_term_average": 981560
    }, 
    {
        "date": "2012-09-30", 
        "operating_revenue": 1881936, 
        "accumulated_operating_revenue": 5860634, 
        "long_term_average": 651181, 
        "short_term_average": 1593894
    }, 
    {
        "date": "2012-10-31", 
        "operating_revenue": 4161009, 
        "accumulated_operating_revenue": 10021643, 
        "long_term_average": 1002164, 
        "short_term_average": 2972624
    }, 
    {
        "date": "2012-11-30", 
        "operating_revenue": 815441, 
        "accumulated_operating_revenue": 10837084, 
        "long_term_average": 985189, 
        "short_term_average": 2286128
    }, 
    {
        "date": "2012-12-31", 
        "operating_revenue": 603905, 
        "accumulated_operating_revenue": 11440989, 
        "long_term_average": 953415, 
        "short_term_average": 1860118
    }, 
    {
        "accumulated_operating_revenue_yoy": 2188.552711299606, 
        "accumulated_operating_revenue": 604361, 
        "long_term_average": 1001578, 
        "date": "2013-01-31", 
        "operating_revenue": 604361, 
        "short_term_average": 674569
    }, 
    {
        "accumulated_operating_revenue_yoy": 1654.3954315981132, 
        "accumulated_operating_revenue": 1059918, 
        "long_term_average": 1036707, 
        "date": "2013-02-28", 
        "operating_revenue": 455557, 
        "short_term_average": 554607
    }, 
    {
        "accumulated_operating_revenue_yoy": 52.61253026596048, 
        "accumulated_operating_revenue": 1445903, 
        "long_term_average": 994954, 
        "date": "2013-03-31", 
        "operating_revenue": 385985, 
        "short_term_average": 481967
    }, 
    {
        "accumulated_operating_revenue_yoy": 164.10206616792584, 
        "accumulated_operating_revenue": 2570376, 
        "long_term_average": 1086509, 
        "date": "2013-04-30", 
        "operating_revenue": 1124473, 
        "short_term_average": 655338
    }, 
    {
        "accumulated_operating_revenue_yoy": 196.04474205428156, 
        "accumulated_operating_revenue": 3061150, 
        "long_term_average": 1122343, 
        "date": "2013-05-31", 
        "operating_revenue": 490774, 
        "short_term_average": 667077
    }, 
    {
        "accumulated_operating_revenue_yoy": 239.34336281873522, 
        "accumulated_operating_revenue": 3661352, 
        "long_term_average": 1168615, 
        "date": "2013-06-30", 
        "operating_revenue": 600202, 
        "short_term_average": 738483
    }, 
    {
        "accumulated_operating_revenue_yoy": 332.71004583378254, 
        "accumulated_operating_revenue": 4776128, 
        "long_term_average": 1259445, 
        "date": "2013-07-31", 
        "operating_revenue": 1114776, 
        "short_term_average": 735250
    }, 
    {
        "accumulated_operating_revenue_yoy": 23.13978090319999, 
        "accumulated_operating_revenue": 4899360, 
        "long_term_average": 1030137, 
        "date": "2013-08-31", 
        "operating_revenue": 123232, 
        "short_term_average": 612736
    }, 
    {
        "accumulated_operating_revenue_yoy": -15.72345244558865, 
        "accumulated_operating_revenue": 4939140, 
        "long_term_average": 876624, 
        "date": "2013-09-30", 
        "operating_revenue": 39780, 
        "short_term_average": 425929
    }, 
    {
        "accumulated_operating_revenue_yoy": -50.03854158444878, 
        "accumulated_operating_revenue": 5006959, 
        "long_term_average": 535525, 
        "date": "2013-10-31", 
        "operating_revenue": 67819, 
        "short_term_average": 76943
    }, 
    {
        "accumulated_operating_revenue_yoy": -53.3066736402523, 
        "accumulated_operating_revenue": 5060195, 
        "long_term_average": 472008, 
        "date": "2013-11-30", 
        "operating_revenue": 53236, 
        "short_term_average": 53611
    }, 
    {
        "accumulated_operating_revenue_yoy": -55.087125772081414, 
        "accumulated_operating_revenue": 5138477, 
        "long_term_average": 428206, 
        "date": "2013-12-31", 
        "operating_revenue": 78282, 
        "short_term_average": 66445
    }, 
    {
        "accumulated_operating_revenue_yoy": -89.6096869255296, 
        "accumulated_operating_revenue": 62795, 
        "long_term_average": 383075, 
        "date": "2014-01-31", 
        "operating_revenue": 62795, 
        "short_term_average": 64771
    }, 
    {
        "accumulated_operating_revenue_yoy": -93.53251855332205, 
        "accumulated_operating_revenue": 68550, 
        "long_term_average": 345592, 
        "date": "2014-02-28", 
        "operating_revenue": 5755, 
        "short_term_average": 48944
    }, 
    {
        "accumulated_operating_revenue_yoy": -93.97137982285119, 
        "accumulated_operating_revenue": 87168, 
        "long_term_average": 314978, 
        "date": "2014-03-31", 
        "operating_revenue": 18618, 
        "short_term_average": 29056
    }, 
    {
        "accumulated_operating_revenue_yoy": -64.08237549681446, 
        "accumulated_operating_revenue": 923218, 
        "long_term_average": 290943, 
        "date": "2014-04-30", 
        "operating_revenue": 836050, 
        "short_term_average": 286807
    }, 
    {
        "accumulated_operating_revenue_yoy": -50.72391094849975, 
        "accumulated_operating_revenue": 1508415, 
        "long_term_average": 298811, 
        "date": "2014-05-31", 
        "operating_revenue": 585197, 
        "short_term_average": 479955
    }, 
    {
        "accumulated_operating_revenue_yoy": -57.76808676139306, 
        "accumulated_operating_revenue": 1546259, 
        "long_term_average": 251948, 
        "date": "2014-06-30", 
        "operating_revenue": 37844, 
        "short_term_average": 486363
    }, 
    {
        "accumulated_operating_revenue_yoy": -64.5982687231163, 
        "accumulated_operating_revenue": 1690832, 
        "long_term_average": 171098, 
        "date": "2014-07-31", 
        "operating_revenue": 144573, 
        "short_term_average": 255871
    }, 
    {
        "accumulated_operating_revenue_yoy": -64.76247918095424, 
        "accumulated_operating_revenue": 1726413, 
        "long_term_average": 163794, 
        "date": "2014-08-31", 
        "operating_revenue": 35581, 
        "short_term_average": 72666
    }, 
    {
        "accumulated_operating_revenue_yoy": -47.5507881938961, 
        "accumulated_operating_revenue": 2590540, 
        "long_term_average": 232489, 
        "date": "2014-09-30", 
        "operating_revenue": 864127, 
        "short_term_average": 348093
    }, 
    {
        "accumulated_operating_revenue_yoy": -44.98506977988036, 
        "accumulated_operating_revenue": 2754575, 
        "long_term_average": 240507, 
        "date": "2014-10-31", 
        "operating_revenue": 164035, 
        "short_term_average": 354581
    }, 
    {
        "accumulated_operating_revenue_yoy": -44.924849734051755, 
        "accumulated_operating_revenue": 2786910, 
        "long_term_average": 238766, 
        "date": "2014-11-30", 
        "operating_revenue": 32335, 
        "short_term_average": 353499
    }, 
    {
        "accumulated_operating_revenue_yoy": -9.431413237813462, 
        "accumulated_operating_revenue": 4653846, 
        "long_term_average": 387820, 
        "date": "2014-12-31", 
        "operating_revenue": 1866936, 
        "short_term_average": 687768
    }, 
    {
        "accumulated_operating_revenue_yoy": 345.19308862170556, 
        "accumulated_operating_revenue": 279559, 
        "long_term_average": 405884, 
        "date": "2015-01-31", 
        "operating_revenue": 279559, 
        "short_term_average": 726276
    }, 
    {
        "accumulated_operating_revenue_yoy": 432.67833698030637, 
        "accumulated_operating_revenue": 365151, 
        "long_term_average": 412537, 
        "date": "2015-02-28", 
        "operating_revenue": 85592, 
        "short_term_average": 744029
    }, 
    {
        "accumulated_operating_revenue_yoy": 498.53845447870776, 
        "accumulated_operating_revenue": 521734, 
        "long_term_average": 424034, 
        "date": "2015-03-31", 
        "operating_revenue": 156583, 
        "short_term_average": 173911
    }, 
    {
        "accumulated_operating_revenue_yoy": -28.142973815501865, 
        "accumulated_operating_revenue": 663397, 
        "long_term_average": 366168, 
        "date": "2015-04-30", 
        "operating_revenue": 141663, 
        "short_term_average": 127946
    }, 
    {
        "accumulated_operating_revenue_yoy": -52.164888309914716, 
        "accumulated_operating_revenue": 721552, 
        "long_term_average": 322248, 
        "date": "2015-05-31", 
        "operating_revenue": 58155, 
        "short_term_average": 118800
    }, 
    {
        "accumulated_operating_revenue_yoy": -49.119908113711865, 
        "accumulated_operating_revenue": 786738, 
        "long_term_average": 324527, 
        "date": "2015-06-30", 
        "operating_revenue": 65186, 
        "short_term_average": 88334
    }, 
    {
        "accumulated_operating_revenue_yoy": -49.890645552012266, 
        "accumulated_operating_revenue": 847265, 
        "long_term_average": 317523, 
        "date": "2015-07-31", 
        "operating_revenue": 60527, 
        "short_term_average": 61289
    }, 
    {
        "accumulated_operating_revenue_yoy": -49.051588466954314, 
        "accumulated_operating_revenue": 879580, 
        "long_term_average": 317251, 
        "date": "2015-08-31", 
        "operating_revenue": 32315, 
        "short_term_average": 52676
    }, 
    {
        "accumulated_operating_revenue_yoy": -65.26295675805045, 
        "accumulated_operating_revenue": 899877, 
        "long_term_average": 246931, 
        "date": "2015-09-30", 
        "operating_revenue": 20297, 
        "short_term_average": 37713
    }
]