[
    {
        "date": "2012-01-31", 
        "operating_revenue": 505083, 
        "accumulated_operating_revenue": 505083, 
        "long_term_average": 505083, 
        "short_term_average": 505083
    }, 
    {
        "date": "2012-02-29", 
        "operating_revenue": 475809, 
        "accumulated_operating_revenue": 980892, 
        "long_term_average": 490446, 
        "short_term_average": 490446
    }, 
    {
        "date": "2012-03-31", 
        "operating_revenue": 610134, 
        "accumulated_operating_revenue": 1591026, 
        "long_term_average": 530342, 
        "short_term_average": 530342
    }, 
    {
        "date": "2012-04-30", 
        "operating_revenue": 466017, 
        "accumulated_operating_revenue": 2057043, 
        "long_term_average": 514260, 
        "short_term_average": 517320
    }, 
    {
        "date": "2012-05-31", 
        "operating_revenue": 519819, 
        "accumulated_operating_revenue": 2576862, 
        "long_term_average": 515372, 
        "short_term_average": 531990
    }, 
    {
        "date": "2012-06-30", 
        "operating_revenue": 524808, 
        "accumulated_operating_revenue": 3101670, 
        "long_term_average": 516945, 
        "short_term_average": 503548
    }, 
    {
        "date": "2012-07-31", 
        "operating_revenue": 517930, 
        "accumulated_operating_revenue": 3619600, 
        "long_term_average": 517085, 
        "short_term_average": 520852
    }, 
    {
        "date": "2012-08-31", 
        "operating_revenue": 535098, 
        "accumulated_operating_revenue": 4154698, 
        "long_term_average": 519337, 
        "short_term_average": 525945
    }, 
    {
        "date": "2012-09-30", 
        "operating_revenue": 641997, 
        "accumulated_operating_revenue": 4796695, 
        "long_term_average": 532966, 
        "short_term_average": 565008
    }, 
    {
        "date": "2012-10-31", 
        "operating_revenue": 486585, 
        "accumulated_operating_revenue": 5283280, 
        "long_term_average": 528328, 
        "short_term_average": 554560
    }, 
    {
        "date": "2012-11-30", 
        "operating_revenue": 635685, 
        "accumulated_operating_revenue": 5918965, 
        "long_term_average": 538087, 
        "short_term_average": 588089
    }, 
    {
        "date": "2012-12-31", 
        "operating_revenue": 609784, 
        "accumulated_operating_revenue": 6528749, 
        "long_term_average": 544062, 
        "short_term_average": 577351
    }, 
    {
        "accumulated_operating_revenue_yoy": 25.0358851911468, 
        "accumulated_operating_revenue": 631535, 
        "long_term_average": 554600, 
        "date": "2013-01-31", 
        "operating_revenue": 631535, 
        "short_term_average": 625668
    }, 
    {
        "accumulated_operating_revenue_yoy": -7.0526622706679225, 
        "accumulated_operating_revenue": 911713, 
        "long_term_average": 538297, 
        "date": "2013-02-28", 
        "operating_revenue": 280178, 
        "short_term_average": 507165
    }, 
    {
        "accumulated_operating_revenue_yoy": -14.286190169111002, 
        "accumulated_operating_revenue": 1363729, 
        "long_term_average": 525121, 
        "date": "2013-03-31", 
        "operating_revenue": 452016, 
        "short_term_average": 454576
    }, 
    {
        "accumulated_operating_revenue_yoy": -14.432561691709896, 
        "accumulated_operating_revenue": 1760159, 
        "long_term_average": 519322, 
        "date": "2013-04-30", 
        "operating_revenue": 396430, 
        "short_term_average": 376208
    }, 
    {
        "accumulated_operating_revenue_yoy": -17.293126290814175, 
        "accumulated_operating_revenue": 2131242, 
        "long_term_average": 506927, 
        "date": "2013-05-31", 
        "operating_revenue": 371083, 
        "short_term_average": 406509
    }, 
    {
        "accumulated_operating_revenue_yoy": -15.163895578833339, 
        "accumulated_operating_revenue": 2631336, 
        "long_term_average": 504867, 
        "date": "2013-06-30", 
        "operating_revenue": 500094, 
        "short_term_average": 422535
    }, 
    {
        "accumulated_operating_revenue_yoy": -16.408056138799868, 
        "accumulated_operating_revenue": 3025694, 
        "long_term_average": 494570, 
        "date": "2013-07-31", 
        "operating_revenue": 394358, 
        "short_term_average": 421845
    }, 
    {
        "accumulated_operating_revenue_yoy": -17.33981627545492, 
        "accumulated_operating_revenue": 3434281, 
        "long_term_average": 484027, 
        "date": "2013-08-31", 
        "operating_revenue": 408587, 
        "short_term_average": 434346
    }, 
    {
        "accumulated_operating_revenue_yoy": -15.183391897963078, 
        "accumulated_operating_revenue": 4068394, 
        "long_term_average": 483370, 
        "date": "2013-09-30", 
        "operating_revenue": 634113, 
        "short_term_average": 479019
    }, 
    {
        "accumulated_operating_revenue_yoy": -12.249417028815433, 
        "accumulated_operating_revenue": 4636109, 
        "long_term_average": 490131, 
        "date": "2013-10-31", 
        "operating_revenue": 567715, 
        "short_term_average": 536805
    }, 
    {
        "accumulated_operating_revenue_yoy": -11.649401542330457, 
        "accumulated_operating_revenue": 5229441, 
        "long_term_average": 486602, 
        "date": "2013-11-30", 
        "operating_revenue": 593332, 
        "short_term_average": 598386
    }, 
    {
        "accumulated_operating_revenue_yoy": -8.508904232648552, 
        "accumulated_operating_revenue": 5973224, 
        "long_term_average": 497768, 
        "date": "2013-12-31", 
        "operating_revenue": 743783, 
        "short_term_average": 634943
    }, 
    {
        "accumulated_operating_revenue_yoy": -21.326925665244207, 
        "accumulated_operating_revenue": 496848, 
        "long_term_average": 486544, 
        "date": "2014-01-31", 
        "operating_revenue": 496848, 
        "short_term_average": 611321
    }, 
    {
        "accumulated_operating_revenue_yoy": -0.13776265118518657, 
        "accumulated_operating_revenue": 910457, 
        "long_term_average": 497664, 
        "date": "2014-02-28", 
        "operating_revenue": 413609, 
        "short_term_average": 551413
    }, 
    {
        "accumulated_operating_revenue_yoy": 20.285041969482208, 
        "accumulated_operating_revenue": 1640362, 
        "long_term_average": 520821, 
        "date": "2014-03-31", 
        "operating_revenue": 729905, 
        "short_term_average": 546787
    }, 
    {
        "accumulated_operating_revenue_yoy": 15.311003153692365, 
        "accumulated_operating_revenue": 2029657, 
        "long_term_average": 520226, 
        "date": "2014-04-30", 
        "operating_revenue": 389295, 
        "short_term_average": 510936
    }, 
    {
        "accumulated_operating_revenue_yoy": 17.832090396116442, 
        "accumulated_operating_revenue": 2511287, 
        "long_term_average": 529439, 
        "date": "2014-05-31", 
        "operating_revenue": 481630, 
        "short_term_average": 533610
    }, 
    {
        "accumulated_operating_revenue_yoy": 11.559489172040363, 
        "accumulated_operating_revenue": 2935505, 
        "long_term_average": 523116, 
        "date": "2014-06-30", 
        "operating_revenue": 424218, 
        "short_term_average": 431714
    }, 
    {
        "accumulated_operating_revenue_yoy": 8.018490964387013, 
        "accumulated_operating_revenue": 3268309, 
        "long_term_average": 517986, 
        "date": "2014-07-31", 
        "operating_revenue": 332804, 
        "short_term_average": 412884
    }, 
    {
        "accumulated_operating_revenue_yoy": 6.23376479676532, 
        "accumulated_operating_revenue": 3648366, 
        "long_term_average": 515609, 
        "date": "2014-08-31", 
        "operating_revenue": 380057, 
        "short_term_average": 379026
    }, 
    {
        "accumulated_operating_revenue_yoy": -2.6005593361901527, 
        "accumulated_operating_revenue": 3962593, 
        "long_term_average": 488951, 
        "date": "2014-09-30", 
        "operating_revenue": 314227, 
        "short_term_average": 342362
    }, 
    {
        "accumulated_operating_revenue_yoy": -6.845675975262877, 
        "accumulated_operating_revenue": 4318736, 
        "long_term_average": 471320, 
        "date": "2014-10-31", 
        "operating_revenue": 356143, 
        "short_term_average": 350142
    }, 
    {
        "accumulated_operating_revenue_yoy": -5.806605333151287, 
        "accumulated_operating_revenue": 4925788, 
        "long_term_average": 472464, 
        "date": "2014-11-30", 
        "operating_revenue": 607052, 
        "short_term_average": 425807
    }, 
    {
        "accumulated_operating_revenue_yoy": -7.50621439945999, 
        "accumulated_operating_revenue": 5524861, 
        "long_term_average": 460405, 
        "date": "2014-12-31", 
        "operating_revenue": 599073, 
        "short_term_average": 520756
    }, 
    {
        "accumulated_operating_revenue_yoy": -24.400218980452774, 
        "accumulated_operating_revenue": 375616, 
        "long_term_average": 450302, 
        "date": "2015-01-31", 
        "operating_revenue": 375616, 
        "short_term_average": 527247
    }, 
    {
        "accumulated_operating_revenue_yoy": -27.5812037251622, 
        "accumulated_operating_revenue": 659342, 
        "long_term_average": 439478, 
        "date": "2015-02-28", 
        "operating_revenue": 283726, 
        "short_term_average": 419471
    }, 
    {
        "accumulated_operating_revenue_yoy": -29.019448146201874, 
        "accumulated_operating_revenue": 1164338, 
        "long_term_average": 420736, 
        "date": "2015-03-31", 
        "operating_revenue": 504996, 
        "short_term_average": 388112
    }, 
    {
        "accumulated_operating_revenue_yoy": -27.96300064493656, 
        "accumulated_operating_revenue": 1462104, 
        "long_term_average": 413109, 
        "date": "2015-04-30", 
        "operating_revenue": 297766, 
        "short_term_average": 362162
    }, 
    {
        "accumulated_operating_revenue_yoy": -24.4519642717061, 
        "accumulated_operating_revenue": 1897228, 
        "long_term_average": 409233, 
        "date": "2015-05-31", 
        "operating_revenue": 435124, 
        "short_term_average": 412628
    }, 
    {
        "accumulated_operating_revenue_yoy": -18.89242225783979, 
        "accumulated_operating_revenue": 2380917, 
        "long_term_average": 414189, 
        "date": "2015-06-30", 
        "operating_revenue": 483689, 
        "short_term_average": 405526
    }, 
    {
        "accumulated_operating_revenue_yoy": -12.139182678259614, 
        "accumulated_operating_revenue": 2871563, 
        "long_term_average": 427342, 
        "date": "2015-07-31", 
        "operating_revenue": 490646, 
        "short_term_average": 469819
    }, 
    {
        "accumulated_operating_revenue_yoy": -7.315823028720255, 
        "accumulated_operating_revenue": 3381458, 
        "long_term_average": 438162, 
        "date": "2015-08-31", 
        "operating_revenue": 509895, 
        "short_term_average": 494743
    }
]