[
    {
        "date": "2011-09-30", 
        "operating_revenue": 804931, 
        "accumulated_operating_revenue": 804931, 
        "long_term_average": 804931, 
        "short_term_average": 804931
    }, 
    {
        "date": "2011-10-31", 
        "operating_revenue": 845924, 
        "accumulated_operating_revenue": 1650855, 
        "long_term_average": 825427, 
        "short_term_average": 825427
    }, 
    {
        "date": "2011-11-30", 
        "operating_revenue": 392137, 
        "accumulated_operating_revenue": 2042992, 
        "long_term_average": 680997, 
        "short_term_average": 680997
    }, 
    {
        "date": "2011-12-31", 
        "operating_revenue": 988454, 
        "accumulated_operating_revenue": 3031446, 
        "long_term_average": 757861, 
        "short_term_average": 742171
    }, 
    {
        "date": "2012-01-31", 
        "operating_revenue": 142057, 
        "accumulated_operating_revenue": 142057, 
        "long_term_average": 634700, 
        "short_term_average": 507549
    }, 
    {
        "date": "2012-02-29", 
        "operating_revenue": 133762, 
        "accumulated_operating_revenue": 275819, 
        "long_term_average": 551210, 
        "short_term_average": 421424
    }, 
    {
        "date": "2012-03-31", 
        "operating_revenue": 107314, 
        "accumulated_operating_revenue": 383133, 
        "long_term_average": 487797, 
        "short_term_average": 127711
    }, 
    {
        "date": "2012-04-30", 
        "operating_revenue": 120303, 
        "accumulated_operating_revenue": 503436, 
        "long_term_average": 441860, 
        "short_term_average": 120459
    }, 
    {
        "date": "2012-05-31", 
        "operating_revenue": 119984, 
        "accumulated_operating_revenue": 623420, 
        "long_term_average": 406096, 
        "short_term_average": 115867
    }, 
    {
        "date": "2012-06-30", 
        "operating_revenue": 118842, 
        "accumulated_operating_revenue": 742262, 
        "long_term_average": 377370, 
        "short_term_average": 119709
    }, 
    {
        "date": "2012-07-31", 
        "operating_revenue": 122503, 
        "accumulated_operating_revenue": 864765, 
        "long_term_average": 354201, 
        "short_term_average": 120443
    }, 
    {
        "date": "2012-08-31", 
        "operating_revenue": 131480, 
        "accumulated_operating_revenue": 996245, 
        "long_term_average": 335640, 
        "short_term_average": 124275
    }, 
    {
        "accumulated_operating_revenue_yoy": 40.087162750596015, 
        "accumulated_operating_revenue": 1127605, 
        "long_term_average": 279510, 
        "date": "2012-09-30", 
        "operating_revenue": 131360, 
        "short_term_average": 128447
    }, 
    {
        "accumulated_operating_revenue_yoy": -25.136308155470953, 
        "accumulated_operating_revenue": 1235891, 
        "long_term_average": 218040, 
        "date": "2012-10-31", 
        "operating_revenue": 108286, 
        "short_term_average": 123708
    }, 
    {
        "accumulated_operating_revenue_yoy": -30.37721146240416, 
        "accumulated_operating_revenue": 1422388, 
        "long_term_average": 200903, 
        "date": "2012-11-30", 
        "operating_revenue": 186497, 
        "short_term_average": 142047
    }, 
    {
        "accumulated_operating_revenue_yoy": -45.30412219119192, 
        "accumulated_operating_revenue": 1658076, 
        "long_term_average": 138173, 
        "date": "2012-12-31", 
        "operating_revenue": 235688, 
        "short_term_average": 176823
    }, 
    {
        "accumulated_operating_revenue_yoy": -2.9220664944353323, 
        "accumulated_operating_revenue": 137906, 
        "long_term_average": 137827, 
        "date": "2013-01-31", 
        "operating_revenue": 137906, 
        "short_term_average": 186697
    }, 
    {
        "accumulated_operating_revenue_yoy": 8.216982876451585, 
        "accumulated_operating_revenue": 298483, 
        "long_term_average": 140061, 
        "date": "2013-02-28", 
        "operating_revenue": 160577, 
        "short_term_average": 178057
    }, 
    {
        "accumulated_operating_revenue_yoy": 17.3529818626952, 
        "accumulated_operating_revenue": 449618, 
        "long_term_average": 143713, 
        "date": "2013-03-31", 
        "operating_revenue": 151135, 
        "short_term_average": 149872
    }, 
    {
        "accumulated_operating_revenue_yoy": 20.266727051700713, 
        "accumulated_operating_revenue": 605466, 
        "long_term_average": 146675, 
        "date": "2013-04-30", 
        "operating_revenue": 155848, 
        "short_term_average": 155853
    }, 
    {
        "accumulated_operating_revenue_yoy": 18.85470469346508, 
        "accumulated_operating_revenue": 740964, 
        "long_term_average": 147968, 
        "date": "2013-05-31", 
        "operating_revenue": 135498, 
        "short_term_average": 147493
    }, 
    {
        "accumulated_operating_revenue_yoy": 20.19138794657412, 
        "accumulated_operating_revenue": 892135, 
        "long_term_average": 150662, 
        "date": "2013-06-30", 
        "operating_revenue": 151171, 
        "short_term_average": 147505
    }, 
    {
        "accumulated_operating_revenue_yoy": 19.255520285858008, 
        "accumulated_operating_revenue": 1031280, 
        "long_term_average": 152049, 
        "date": "2013-07-31", 
        "operating_revenue": 139145, 
        "short_term_average": 141938
    }, 
    {
        "accumulated_operating_revenue_yoy": 563.2985861911478, 
        "accumulated_operating_revenue": 6608079, 
        "long_term_average": 605825, 
        "date": "2013-08-31", 
        "operating_revenue": 5576799, 
        "short_term_average": 1955705
    }, 
    {
        "accumulated_operating_revenue_yoy": 2051.8665667498813, 
        "accumulated_operating_revenue": 24264555, 
        "long_term_average": 2066252, 
        "date": "2013-09-30", 
        "operating_revenue": 17656476, 
        "short_term_average": 7790806
    }, 
    {
        "accumulated_operating_revenue_yoy": 2177.0313077771425, 
        "accumulated_operating_revenue": 28141625, 
        "long_term_average": 2380317, 
        "date": "2013-10-31", 
        "operating_revenue": 3877070, 
        "short_term_average": 9036781
    }, 
    {
        "accumulated_operating_revenue_yoy": 1938.709761330945, 
        "accumulated_operating_revenue": 28998363, 
        "long_term_average": 2436170, 
        "date": "2013-11-30", 
        "operating_revenue": 856738, 
        "short_term_average": 7463428
    }, 
    {
        "accumulated_operating_revenue_yoy": 1728.8913174064398, 
        "accumulated_operating_revenue": 30324408, 
        "long_term_average": 2527034, 
        "date": "2013-12-31", 
        "operating_revenue": 1326045, 
        "short_term_average": 2019951
    }, 
    {
        "accumulated_operating_revenue_yoy": 127.91901730164025, 
        "accumulated_operating_revenue": 314314, 
        "long_term_average": 2541734, 
        "date": "2014-01-31", 
        "operating_revenue": 314314, 
        "short_term_average": 832365
    }, 
    {
        "accumulated_operating_revenue_yoy": 80.74396196768325, 
        "accumulated_operating_revenue": 539490, 
        "long_term_average": 2547117, 
        "date": "2014-02-28", 
        "operating_revenue": 225176, 
        "short_term_average": 621845
    }, 
    {
        "accumulated_operating_revenue_yoy": 63.61199951959219, 
        "accumulated_operating_revenue": 735629, 
        "long_term_average": 2550868, 
        "date": "2014-03-31", 
        "operating_revenue": 196139, 
        "short_term_average": 245209
    }, 
    {
        "accumulated_operating_revenue_yoy": 63.39464148275874, 
        "accumulated_operating_revenue": 989299, 
        "long_term_average": 2559020, 
        "date": "2014-04-30", 
        "operating_revenue": 253670, 
        "short_term_average": 224995
    }, 
    {
        "accumulated_operating_revenue_yoy": 75.95146322898279, 
        "accumulated_operating_revenue": 1303737, 
        "long_term_average": 2573931, 
        "date": "2014-05-31", 
        "operating_revenue": 314438, 
        "short_term_average": 254749
    }, 
    {
        "accumulated_operating_revenue_yoy": 74.37327310328594, 
        "accumulated_operating_revenue": 1555645, 
        "long_term_average": 2582326, 
        "date": "2014-06-30", 
        "operating_revenue": 251908, 
        "short_term_average": 273338
    }, 
    {
        "accumulated_operating_revenue_yoy": 78.55994492281437, 
        "accumulated_operating_revenue": 1841453, 
        "long_term_average": 2594548, 
        "date": "2014-07-31", 
        "operating_revenue": 285808, 
        "short_term_average": 284051
    }, 
    {
        "accumulated_operating_revenue_yoy": -66.59109250963859, 
        "accumulated_operating_revenue": 2207687, 
        "long_term_average": 2160334, 
        "date": "2014-08-31", 
        "operating_revenue": 366234, 
        "short_term_average": 301316
    }, 
    {
        "accumulated_operating_revenue_yoy": -89.61488475679855, 
        "accumulated_operating_revenue": 2519902, 
        "long_term_average": 714979, 
        "date": "2014-09-30", 
        "operating_revenue": 312215, 
        "short_term_average": 321419
    }, 
    {
        "accumulated_operating_revenue_yoy": -90.02470894982078, 
        "accumulated_operating_revenue": 2807209, 
        "long_term_average": 415832, 
        "date": "2014-10-31", 
        "operating_revenue": 287307, 
        "short_term_average": 321918
    }, 
    {
        "accumulated_operating_revenue_yoy": -88.71593199933389, 
        "accumulated_operating_revenue": 3272195, 
        "long_term_average": 383186, 
        "date": "2014-11-30", 
        "operating_revenue": 464986, 
        "short_term_average": 354836
    }, 
    {
        "accumulated_operating_revenue_yoy": -87.49318700632178, 
        "accumulated_operating_revenue": 3792617, 
        "long_term_average": 316051, 
        "date": "2014-12-31", 
        "operating_revenue": 520422, 
        "short_term_average": 424238
    }, 
    {
        "accumulated_operating_revenue_yoy": 6.372290130251914, 
        "accumulated_operating_revenue": 334343, 
        "long_term_average": 317720, 
        "date": "2015-01-31", 
        "operating_revenue": 334343, 
        "short_term_average": 439917
    }, 
    {
        "accumulated_operating_revenue_yoy": 12.322934623440657, 
        "accumulated_operating_revenue": 605971, 
        "long_term_average": 321591, 
        "date": "2015-02-28", 
        "operating_revenue": 271628, 
        "short_term_average": 375464
    }, 
    {
        "accumulated_operating_revenue_yoy": 25.757141167626617, 
        "accumulated_operating_revenue": 925106, 
        "long_term_average": 331841, 
        "date": "2015-03-31", 
        "operating_revenue": 319135, 
        "short_term_average": 308368
    }, 
    {
        "accumulated_operating_revenue_yoy": 24.800388962285417, 
        "accumulated_operating_revenue": 1234649, 
        "long_term_average": 336497, 
        "date": "2015-04-30", 
        "operating_revenue": 309543, 
        "short_term_average": 300102
    }, 
    {
        "accumulated_operating_revenue_yoy": 19.323605911314935, 
        "accumulated_operating_revenue": 1555666, 
        "long_term_average": 337045, 
        "date": "2015-05-31", 
        "operating_revenue": 321017, 
        "short_term_average": 316565
    }, 
    {
        "accumulated_operating_revenue_yoy": 16.789820299618484, 
        "accumulated_operating_revenue": 1816835, 
        "long_term_average": 337817, 
        "date": "2015-06-30", 
        "operating_revenue": 261169, 
        "short_term_average": 297243
    }, 
    {
        "accumulated_operating_revenue_yoy": 16.45874209116388, 
        "accumulated_operating_revenue": 2144533, 
        "long_term_average": 341308, 
        "date": "2015-07-31", 
        "operating_revenue": 327698, 
        "short_term_average": 303294
    }, 
    {
        "accumulated_operating_revenue_yoy": 11.395773042102435, 
        "accumulated_operating_revenue": 2459270, 
        "long_term_average": 337016, 
        "date": "2015-08-31", 
        "operating_revenue": 314737, 
        "short_term_average": 301201
    }
]