[
    {
        "date": "2012-06-30", 
        "operating_revenue": 5723, 
        "accumulated_operating_revenue": 5723, 
        "long_term_average": 5723, 
        "short_term_average": 5723
    }, 
    {
        "date": "2012-07-31", 
        "operating_revenue": 1298, 
        "accumulated_operating_revenue": 7021, 
        "long_term_average": 3510, 
        "short_term_average": 3510
    }, 
    {
        "date": "2012-08-31", 
        "operating_revenue": 1193, 
        "accumulated_operating_revenue": 8214, 
        "long_term_average": 2738, 
        "short_term_average": 2738
    }, 
    {
        "date": "2012-09-30", 
        "operating_revenue": 330288, 
        "accumulated_operating_revenue": 338502, 
        "long_term_average": 84625, 
        "short_term_average": 110926
    }, 
    {
        "date": "2012-10-31", 
        "operating_revenue": 2106287, 
        "accumulated_operating_revenue": 2444789, 
        "long_term_average": 488957, 
        "short_term_average": 812589
    }, 
    {
        "date": "2012-11-30", 
        "operating_revenue": 4810060, 
        "accumulated_operating_revenue": 7254849, 
        "long_term_average": 1209141, 
        "short_term_average": 2415545
    }, 
    {
        "date": "2012-12-31", 
        "operating_revenue": 528873, 
        "accumulated_operating_revenue": 7783722, 
        "long_term_average": 1111960, 
        "short_term_average": 2481740
    }, 
    {
        "date": "2013-01-31", 
        "operating_revenue": 5777025, 
        "accumulated_operating_revenue": 5777025, 
        "long_term_average": 1695093, 
        "short_term_average": 3705319
    }, 
    {
        "date": "2013-02-28", 
        "operating_revenue": 2030467, 
        "accumulated_operating_revenue": 7807492, 
        "long_term_average": 1732357, 
        "short_term_average": 2778788
    }, 
    {
        "date": "2013-03-31", 
        "operating_revenue": 407387, 
        "accumulated_operating_revenue": 8214879, 
        "long_term_average": 1599860, 
        "short_term_average": 2738293
    }, 
    {
        "date": "2013-04-30", 
        "operating_revenue": 97675, 
        "accumulated_operating_revenue": 8312554, 
        "long_term_average": 1463297, 
        "short_term_average": 845176
    }, 
    {
        "date": "2013-05-31", 
        "operating_revenue": 52626, 
        "accumulated_operating_revenue": 8365180, 
        "long_term_average": 1345741, 
        "short_term_average": 185896
    }, 
    {
        "accumulated_operating_revenue_yoy": 147034.77197274158, 
        "accumulated_operating_revenue": 8420523, 
        "long_term_average": 1349876, 
        "date": "2013-06-30", 
        "operating_revenue": 55343, 
        "short_term_average": 68548
    }, 
    {
        "accumulated_operating_revenue_yoy": 120567.24113374164, 
        "accumulated_operating_revenue": 8472047, 
        "long_term_average": 1354062, 
        "date": "2013-07-31", 
        "operating_revenue": 51524, 
        "short_term_average": 53164
    }, 
    {
        "accumulated_operating_revenue_yoy": 103717.3240808376, 
        "accumulated_operating_revenue": 8527555, 
        "long_term_average": 1358588, 
        "date": "2013-08-31", 
        "operating_revenue": 55508, 
        "short_term_average": 54125
    }, 
    {
        "accumulated_operating_revenue_yoy": 2419.571523949637, 
        "accumulated_operating_revenue": 8528800, 
        "long_term_average": 1331168, 
        "date": "2013-09-30", 
        "operating_revenue": 1245, 
        "short_term_average": 36092
    }, 
    {
        "accumulated_operating_revenue_yoy": 248.90651095043376, 
        "accumulated_operating_revenue": 8530028, 
        "long_term_average": 1155746, 
        "date": "2013-10-31", 
        "operating_revenue": 1228, 
        "short_term_average": 19327
    }, 
    {
        "accumulated_operating_revenue_yoy": 18.14156297395025, 
        "accumulated_operating_revenue": 8570992, 
        "long_term_average": 758322, 
        "date": "2013-11-30", 
        "operating_revenue": 40964, 
        "short_term_average": 14479
    }, 
    {
        "accumulated_operating_revenue_yoy": 31.965273168800223, 
        "accumulated_operating_revenue": 10271810, 
        "long_term_average": 855984, 
        "date": "2013-12-31", 
        "operating_revenue": 1700818, 
        "short_term_average": 581003
    }, 
    {
        "accumulated_operating_revenue_yoy": -98.23417762602725, 
        "accumulated_operating_revenue": 102012, 
        "long_term_average": 383066, 
        "date": "2014-01-31", 
        "operating_revenue": 102012, 
        "short_term_average": 614598
    }, 
    {
        "accumulated_operating_revenue_yoy": -97.4985437064809, 
        "accumulated_operating_revenue": 195301, 
        "long_term_average": 221634, 
        "date": "2014-02-28", 
        "operating_revenue": 93289, 
        "short_term_average": 632039
    }, 
    {
        "accumulated_operating_revenue_yoy": -95.21803060032899, 
        "accumulated_operating_revenue": 392833, 
        "long_term_average": 204147, 
        "date": "2014-03-31", 
        "operating_revenue": 197532, 
        "short_term_average": 130944
    }, 
    {
        "accumulated_operating_revenue_yoy": -93.31757724521248, 
        "accumulated_operating_revenue": 555480, 
        "long_term_average": 209561, 
        "date": "2014-04-30", 
        "operating_revenue": 162647, 
        "short_term_average": 151156
    }, 
    {
        "accumulated_operating_revenue_yoy": -91.81121027879854, 
        "accumulated_operating_revenue": 685007, 
        "long_term_average": 215969, 
        "date": "2014-05-31", 
        "operating_revenue": 129527, 
        "short_term_average": 163235
    }, 
    {
        "accumulated_operating_revenue_yoy": -91.42138795891894, 
        "accumulated_operating_revenue": 722364, 
        "long_term_average": 214470, 
        "date": "2014-06-30", 
        "operating_revenue": 37357, 
        "short_term_average": 109843
    }, 
    {
        "accumulated_operating_revenue_yoy": -90.11139810721069, 
        "accumulated_operating_revenue": 837767, 
        "long_term_average": 219794, 
        "date": "2014-07-31", 
        "operating_revenue": 115403, 
        "short_term_average": 94095
    }, 
    {
        "accumulated_operating_revenue_yoy": -89.43859054559015, 
        "accumulated_operating_revenue": 900630, 
        "long_term_average": 220407, 
        "date": "2014-08-31", 
        "operating_revenue": 62863, 
        "short_term_average": 71874
    }, 
    {
        "accumulated_operating_revenue_yoy": -83.19438842510084, 
        "accumulated_operating_revenue": 1433317, 
        "long_term_average": 264693, 
        "date": "2014-09-30", 
        "operating_revenue": 532687, 
        "short_term_average": 236984
    }, 
    {
        "accumulated_operating_revenue_yoy": -82.88447587745316, 
        "accumulated_operating_revenue": 1459959, 
        "long_term_average": 266811, 
        "date": "2014-10-31", 
        "operating_revenue": 26642, 
        "short_term_average": 207397
    }, 
    {
        "accumulated_operating_revenue_yoy": -79.78922393113889, 
        "accumulated_operating_revenue": 1732264, 
        "long_term_average": 286090, 
        "date": "2014-11-30", 
        "operating_revenue": 272305, 
        "short_term_average": 277211
    }, 
    {
        "accumulated_operating_revenue_yoy": -37.28633999265952, 
        "accumulated_operating_revenue": 6441828, 
        "long_term_average": 536819, 
        "date": "2014-12-31", 
        "operating_revenue": 4709564, 
        "short_term_average": 1669503
    }, 
    {
        "accumulated_operating_revenue_yoy": 266.51374348115905, 
        "accumulated_operating_revenue": 373888, 
        "long_term_average": 559475, 
        "date": "2015-01-31", 
        "operating_revenue": 373888, 
        "short_term_average": 1785252
    }, 
    {
        "accumulated_operating_revenue_yoy": 512.1525235405861, 
        "accumulated_operating_revenue": 1195540, 
        "long_term_average": 620172, 
        "date": "2015-02-28", 
        "operating_revenue": 821652, 
        "short_term_average": 1968368
    }, 
    {
        "accumulated_operating_revenue_yoy": 558.0699686635287, 
        "accumulated_operating_revenue": 2585116, 
        "long_term_average": 719509, 
        "date": "2015-03-31", 
        "operating_revenue": 1389576, 
        "short_term_average": 861705
    }, 
    {
        "accumulated_operating_revenue_yoy": 562.799200691294, 
        "accumulated_operating_revenue": 3681717, 
        "long_term_average": 797338, 
        "date": "2015-04-30", 
        "operating_revenue": 1096601, 
        "short_term_average": 1102609
    }, 
    {
        "accumulated_operating_revenue_yoy": 483.59228445840705, 
        "accumulated_operating_revenue": 3997648, 
        "long_term_average": 812872, 
        "date": "2015-05-31", 
        "operating_revenue": 315931, 
        "short_term_average": 934036
    }, 
    {
        "accumulated_operating_revenue_yoy": 491.9013129114961, 
        "accumulated_operating_revenue": 4275682, 
        "long_term_average": 832928, 
        "date": "2015-06-30", 
        "operating_revenue": 278034, 
        "short_term_average": 563522
    }, 
    {
        "accumulated_operating_revenue_yoy": 498.94636575563374, 
        "accumulated_operating_revenue": 5017775, 
        "long_term_average": 885153, 
        "date": "2015-07-31", 
        "operating_revenue": 742093, 
        "short_term_average": 445352
    }, 
    {
        "accumulated_operating_revenue_yoy": 478.49827343082063, 
        "accumulated_operating_revenue": 5210129, 
        "long_term_average": 895943, 
        "date": "2015-08-31", 
        "operating_revenue": 192354, 
        "short_term_average": 404160
    }
]