[
    {
        "date": "2012-01-31", 
        "operating_revenue": 18410, 
        "accumulated_operating_revenue": 18410, 
        "long_term_average": 18410, 
        "short_term_average": 18410
    }, 
    {
        "date": "2012-02-29", 
        "operating_revenue": 32738, 
        "accumulated_operating_revenue": 51148, 
        "long_term_average": 25574, 
        "short_term_average": 25574
    }, 
    {
        "date": "2012-03-31", 
        "operating_revenue": 88123, 
        "accumulated_operating_revenue": 139271, 
        "long_term_average": 46423, 
        "short_term_average": 46423
    }, 
    {
        "date": "2012-04-30", 
        "operating_revenue": 61681, 
        "accumulated_operating_revenue": 200952, 
        "long_term_average": 50238, 
        "short_term_average": 60847
    }, 
    {
        "date": "2012-05-31", 
        "operating_revenue": 20354, 
        "accumulated_operating_revenue": 221306, 
        "long_term_average": 44261, 
        "short_term_average": 56719
    }, 
    {
        "date": "2012-06-30", 
        "operating_revenue": 2765, 
        "accumulated_operating_revenue": 224071, 
        "long_term_average": 37345, 
        "short_term_average": 28266
    }, 
    {
        "date": "2012-07-31", 
        "operating_revenue": 27470, 
        "accumulated_operating_revenue": 251541, 
        "long_term_average": 35934, 
        "short_term_average": 16863
    }, 
    {
        "date": "2012-08-31", 
        "operating_revenue": 27912, 
        "accumulated_operating_revenue": 279453, 
        "long_term_average": 34931, 
        "short_term_average": 19382
    }, 
    {
        "date": "2012-09-30", 
        "operating_revenue": 22857, 
        "accumulated_operating_revenue": 302310, 
        "long_term_average": 33590, 
        "short_term_average": 26079
    }, 
    {
        "date": "2012-10-31", 
        "operating_revenue": 109853, 
        "accumulated_operating_revenue": 412163, 
        "long_term_average": 41216, 
        "short_term_average": 53540
    }, 
    {
        "date": "2012-11-30", 
        "operating_revenue": 84909, 
        "accumulated_operating_revenue": 497072, 
        "long_term_average": 45188, 
        "short_term_average": 72539
    }, 
    {
        "date": "2012-12-31", 
        "operating_revenue": 100314, 
        "accumulated_operating_revenue": 597386, 
        "long_term_average": 49782, 
        "short_term_average": 98358
    }, 
    {
        "accumulated_operating_revenue_yoy": 369.88049972840844, 
        "accumulated_operating_revenue": 86505, 
        "long_term_average": 55456, 
        "date": "2013-01-31", 
        "operating_revenue": 86505, 
        "short_term_average": 90576
    }, 
    {
        "accumulated_operating_revenue_yoy": 367.55884883084383, 
        "accumulated_operating_revenue": 239147, 
        "long_term_average": 65448, 
        "date": "2013-02-28", 
        "operating_revenue": 152642, 
        "short_term_average": 113153
    }, 
    {
        "accumulated_operating_revenue_yoy": 123.21014425113628, 
        "accumulated_operating_revenue": 310867, 
        "long_term_average": 64081, 
        "date": "2013-03-31", 
        "operating_revenue": 71720, 
        "short_term_average": 103622
    }, 
    {
        "accumulated_operating_revenue_yoy": 60.55923802699152, 
        "accumulated_operating_revenue": 322647, 
        "long_term_average": 59923, 
        "date": "2013-04-30", 
        "operating_revenue": 11780, 
        "short_term_average": 78714
    }, 
    {
        "accumulated_operating_revenue_yoy": 55.34418407092442, 
        "accumulated_operating_revenue": 343786, 
        "long_term_average": 59988, 
        "date": "2013-05-31", 
        "operating_revenue": 21139, 
        "short_term_average": 34879
    }, 
    {
        "accumulated_operating_revenue_yoy": 61.53049702995925, 
        "accumulated_operating_revenue": 361943, 
        "long_term_average": 61271, 
        "date": "2013-06-30", 
        "operating_revenue": 18157, 
        "short_term_average": 17025
    }, 
    {
        "accumulated_operating_revenue_yoy": 43.99799635049554, 
        "accumulated_operating_revenue": 362214, 
        "long_term_average": 59004, 
        "date": "2013-07-31", 
        "operating_revenue": 271, 
        "short_term_average": 13189
    }, 
    {
        "accumulated_operating_revenue_yoy": 32.935413110612515, 
        "accumulated_operating_revenue": 371492, 
        "long_term_average": 57452, 
        "date": "2013-08-31", 
        "operating_revenue": 9278, 
        "short_term_average": 9235
    }, 
    {
        "accumulated_operating_revenue_yoy": 23.15636267407628, 
        "accumulated_operating_revenue": 372314, 
        "long_term_average": 55615, 
        "date": "2013-09-30", 
        "operating_revenue": 822, 
        "short_term_average": 3457
    }, 
    {
        "accumulated_operating_revenue_yoy": -9.397738273450067, 
        "accumulated_operating_revenue": 373429, 
        "long_term_average": 46554, 
        "date": "2013-10-31", 
        "operating_revenue": 1115, 
        "short_term_average": 3738
    }, 
    {
        "accumulated_operating_revenue_yoy": -24.556804648018797, 
        "accumulated_operating_revenue": 375007, 
        "long_term_average": 39610, 
        "date": "2013-11-30", 
        "operating_revenue": 1578, 
        "short_term_average": 1171
    }, 
    {
        "accumulated_operating_revenue_yoy": 5.532101522298815, 
        "accumulated_operating_revenue": 630434, 
        "long_term_average": 52536, 
        "date": "2013-12-31", 
        "operating_revenue": 255427, 
        "short_term_average": 86040
    }, 
    {
        "accumulated_operating_revenue_yoy": -34.70319634703196, 
        "accumulated_operating_revenue": 56485, 
        "long_term_average": 50034, 
        "date": "2014-01-31", 
        "operating_revenue": 56485, 
        "short_term_average": 104496
    }, 
    {
        "accumulated_operating_revenue_yoy": -52.251544029404506, 
        "accumulated_operating_revenue": 114189, 
        "long_term_average": 42123, 
        "date": "2014-02-28", 
        "operating_revenue": 57704, 
        "short_term_average": 123205
    }, 
    {
        "accumulated_operating_revenue_yoy": -45.09677772166232, 
        "accumulated_operating_revenue": 170676, 
        "long_term_average": 40853, 
        "date": "2014-03-31", 
        "operating_revenue": 56487, 
        "short_term_average": 56892
    }, 
    {
        "accumulated_operating_revenue_yoy": -30.672530660443147, 
        "accumulated_operating_revenue": 223683, 
        "long_term_average": 44289, 
        "date": "2014-04-30", 
        "operating_revenue": 53007, 
        "short_term_average": 55732
    }, 
    {
        "accumulated_operating_revenue_yoy": -12.392883945245007, 
        "accumulated_operating_revenue": 301181, 
        "long_term_average": 48985, 
        "date": "2014-05-31", 
        "operating_revenue": 77498, 
        "short_term_average": 62330
    }, 
    {
        "accumulated_operating_revenue_yoy": 15.531451084839325, 
        "accumulated_operating_revenue": 418158, 
        "long_term_average": 57220, 
        "date": "2014-06-30", 
        "operating_revenue": 116977, 
        "short_term_average": 82494
    }, 
    {
        "accumulated_operating_revenue_yoy": 28.861667412082358, 
        "accumulated_operating_revenue": 466755, 
        "long_term_average": 61247, 
        "date": "2014-07-31", 
        "operating_revenue": 48597, 
        "short_term_average": 81024
    }, 
    {
        "accumulated_operating_revenue_yoy": 37.202685387572274, 
        "accumulated_operating_revenue": 509697, 
        "long_term_average": 64053, 
        "date": "2014-08-31", 
        "operating_revenue": 42942, 
        "short_term_average": 69505
    }, 
    {
        "accumulated_operating_revenue_yoy": 70.1150104481701, 
        "accumulated_operating_revenue": 633362, 
        "long_term_average": 74290, 
        "date": "2014-09-30", 
        "operating_revenue": 123665, 
        "short_term_average": 71734
    }, 
    {
        "accumulated_operating_revenue_yoy": 84.75399607422027, 
        "accumulated_operating_revenue": 689925, 
        "long_term_average": 78910, 
        "date": "2014-10-31", 
        "operating_revenue": 56563, 
        "short_term_average": 74390
    }, 
    {
        "accumulated_operating_revenue_yoy": 87.78636132125534, 
        "accumulated_operating_revenue": 704212, 
        "long_term_average": 79969, 
        "date": "2014-11-30", 
        "operating_revenue": 14287, 
        "short_term_average": 64838
    }, 
    {
        "accumulated_operating_revenue_yoy": 13.317016531468798, 
        "accumulated_operating_revenue": 714389, 
        "long_term_average": 59532, 
        "date": "2014-12-31", 
        "operating_revenue": 10177, 
        "short_term_average": 27009
    }, 
    {
        "accumulated_operating_revenue_yoy": 120.28680180578914, 
        "accumulated_operating_revenue": 124429, 
        "long_term_average": 65194, 
        "date": "2015-01-31", 
        "operating_revenue": 124429, 
        "short_term_average": 49631
    }, 
    {
        "accumulated_operating_revenue_yoy": 67.34799323927874, 
        "accumulated_operating_revenue": 191093, 
        "long_term_average": 65941, 
        "date": "2015-02-28", 
        "operating_revenue": 66664, 
        "short_term_average": 67090
    }, 
    {
        "accumulated_operating_revenue_yoy": 37.10304905200496, 
        "accumulated_operating_revenue": 234002, 
        "long_term_average": 64809, 
        "date": "2015-03-31", 
        "operating_revenue": 42909, 
        "short_term_average": 78000
    }, 
    {
        "accumulated_operating_revenue_yoy": 20.24025071194503, 
        "accumulated_operating_revenue": 268957, 
        "long_term_average": 63305, 
        "date": "2015-04-30", 
        "operating_revenue": 34955, 
        "short_term_average": 48176
    }, 
    {
        "accumulated_operating_revenue_yoy": -10.603922558195903, 
        "accumulated_operating_revenue": 269244, 
        "long_term_average": 56871, 
        "date": "2015-05-31", 
        "operating_revenue": 287, 
        "short_term_average": 26050
    }, 
    {
        "accumulated_operating_revenue_yoy": -35.56526480421276, 
        "accumulated_operating_revenue": 269439, 
        "long_term_average": 47139, 
        "date": "2015-06-30", 
        "operating_revenue": 195, 
        "short_term_average": 11812
    }, 
    {
        "accumulated_operating_revenue_yoy": -38.11271437906396, 
        "accumulated_operating_revenue": 288862, 
        "long_term_average": 44708, 
        "date": "2015-07-31", 
        "operating_revenue": 19423, 
        "short_term_average": 6635
    }, 
    {
        "accumulated_operating_revenue_yoy": -43.24942073427939, 
        "accumulated_operating_revenue": 289256, 
        "long_term_average": 41162, 
        "date": "2015-08-31", 
        "operating_revenue": 394, 
        "short_term_average": 6670
    }, 
    {
        "accumulated_operating_revenue_yoy": -54.318857146466, 
        "accumulated_operating_revenue": 289327, 
        "long_term_average": 30862, 
        "date": "2015-09-30", 
        "operating_revenue": 71, 
        "short_term_average": 6629
    }
]