[
    {
        "date": "2012-01-31", 
        "operating_revenue": 542999, 
        "accumulated_operating_revenue": 542999, 
        "long_term_average": 542999, 
        "short_term_average": 542999
    }, 
    {
        "date": "2012-02-29", 
        "operating_revenue": 431294, 
        "accumulated_operating_revenue": 974293, 
        "long_term_average": 487146, 
        "short_term_average": 487146
    }, 
    {
        "date": "2012-03-31", 
        "operating_revenue": 556560, 
        "accumulated_operating_revenue": 1530853, 
        "long_term_average": 510284, 
        "short_term_average": 510284
    }, 
    {
        "date": "2012-04-30", 
        "operating_revenue": 473898, 
        "accumulated_operating_revenue": 2004751, 
        "long_term_average": 501187, 
        "short_term_average": 487250
    }, 
    {
        "date": "2012-05-31", 
        "operating_revenue": 630479, 
        "accumulated_operating_revenue": 2635230, 
        "long_term_average": 527046, 
        "short_term_average": 553645
    }, 
    {
        "date": "2012-06-30", 
        "operating_revenue": 500889, 
        "accumulated_operating_revenue": 3136119, 
        "long_term_average": 522686, 
        "short_term_average": 535088
    }, 
    {
        "date": "2012-07-31", 
        "operating_revenue": 547504, 
        "accumulated_operating_revenue": 3683623, 
        "long_term_average": 526231, 
        "short_term_average": 559624
    }, 
    {
        "date": "2012-08-31", 
        "operating_revenue": 497481, 
        "accumulated_operating_revenue": 4181104, 
        "long_term_average": 522638, 
        "short_term_average": 515291
    }, 
    {
        "date": "2012-09-30", 
        "operating_revenue": 590729, 
        "accumulated_operating_revenue": 4771833, 
        "long_term_average": 530203, 
        "short_term_average": 545238
    }, 
    {
        "date": "2012-10-31", 
        "operating_revenue": 744572, 
        "accumulated_operating_revenue": 5516405, 
        "long_term_average": 551640, 
        "short_term_average": 610927
    }, 
    {
        "date": "2012-11-30", 
        "operating_revenue": 727570, 
        "accumulated_operating_revenue": 6243975, 
        "long_term_average": 567634, 
        "short_term_average": 687623
    }, 
    {
        "date": "2012-12-31", 
        "operating_revenue": 968194, 
        "accumulated_operating_revenue": 7212169, 
        "long_term_average": 601014, 
        "short_term_average": 813445
    }, 
    {
        "accumulated_operating_revenue_yoy": 98.56555905259495, 
        "accumulated_operating_revenue": 1078209, 
        "long_term_average": 645614, 
        "date": "2013-01-31", 
        "operating_revenue": 1078209, 
        "short_term_average": 924657
    }, 
    {
        "accumulated_operating_revenue_yoy": 78.25294854833197, 
        "accumulated_operating_revenue": 1736706, 
        "long_term_average": 664548, 
        "date": "2013-02-28", 
        "operating_revenue": 658497, 
        "short_term_average": 901633
    }, 
    {
        "accumulated_operating_revenue_yoy": 91.4462067879803, 
        "accumulated_operating_revenue": 2930760, 
        "long_term_average": 717673, 
        "date": "2013-03-31", 
        "operating_revenue": 1194054, 
        "short_term_average": 976920
    }, 
    {
        "accumulated_operating_revenue_yoy": 106.79361177522794, 
        "accumulated_operating_revenue": 4145697, 
        "long_term_average": 779426, 
        "date": "2013-04-30", 
        "operating_revenue": 1214937, 
        "short_term_average": 1022496
    }, 
    {
        "accumulated_operating_revenue_yoy": 112.05181331420786, 
        "accumulated_operating_revenue": 5588053, 
        "long_term_average": 847082, 
        "date": "2013-05-31", 
        "operating_revenue": 1442356, 
        "short_term_average": 1283782
    }, 
    {
        "accumulated_operating_revenue_yoy": 114.8423577039009, 
        "accumulated_operating_revenue": 6737712, 
        "long_term_average": 901146, 
        "date": "2013-06-30", 
        "operating_revenue": 1149659, 
        "short_term_average": 1268984
    }, 
    {
        "accumulated_operating_revenue_yoy": 116.19823744177947, 
        "accumulated_operating_revenue": 7963928, 
        "long_term_average": 957706, 
        "date": "2013-07-31", 
        "operating_revenue": 1226216, 
        "short_term_average": 1272743
    }, 
    {
        "accumulated_operating_revenue_yoy": 120.96274094114857, 
        "accumulated_operating_revenue": 9238682, 
        "long_term_average": 1022478, 
        "date": "2013-08-31", 
        "operating_revenue": 1274754, 
        "short_term_average": 1216876
    }, 
    {
        "accumulated_operating_revenue_yoy": 118.55425367987522, 
        "accumulated_operating_revenue": 10429044, 
        "long_term_average": 1072448, 
        "date": "2013-09-30", 
        "operating_revenue": 1190362, 
        "short_term_average": 1230444
    }, 
    {
        "accumulated_operating_revenue_yoy": 115.22792470821123, 
        "accumulated_operating_revenue": 11872844, 
        "long_term_average": 1130717, 
        "date": "2013-10-31", 
        "operating_revenue": 1443800, 
        "short_term_average": 1302972
    }, 
    {
        "accumulated_operating_revenue_yoy": 115.10257488218643, 
        "accumulated_operating_revenue": 13430951, 
        "long_term_average": 1199928, 
        "date": "2013-11-30", 
        "operating_revenue": 1558107, 
        "short_term_average": 1397423
    }, 
    {
        "accumulated_operating_revenue_yoy": 107.57684685425424, 
        "accumulated_operating_revenue": 14970793, 
        "long_term_average": 1247566, 
        "date": "2013-12-31", 
        "operating_revenue": 1539842, 
        "short_term_average": 1513916
    }, 
    {
        "accumulated_operating_revenue_yoy": 1.6443008730218354, 
        "accumulated_operating_revenue": 1095938, 
        "long_term_average": 1249043, 
        "date": "2014-01-31", 
        "operating_revenue": 1095938, 
        "short_term_average": 1397962
    }, 
    {
        "accumulated_operating_revenue_yoy": 8.697672490335153, 
        "accumulated_operating_revenue": 1887759, 
        "long_term_average": 1260153, 
        "date": "2014-02-28", 
        "operating_revenue": 791821, 
        "short_term_average": 1142533
    }, 
    {
        "accumulated_operating_revenue_yoy": 4.6372954455499595, 
        "accumulated_operating_revenue": 3066668, 
        "long_term_average": 1258891, 
        "date": "2014-03-31", 
        "operating_revenue": 1178909, 
        "short_term_average": 1022222
    }, 
    {
        "accumulated_operating_revenue_yoy": 3.318645815166907, 
        "accumulated_operating_revenue": 4283278, 
        "long_term_average": 1259031, 
        "date": "2014-04-30", 
        "operating_revenue": 1216610, 
        "short_term_average": 1062446
    }, 
    {
        "accumulated_operating_revenue_yoy": -0.9291787318409471, 
        "accumulated_operating_revenue": 5536130, 
        "long_term_average": 1243239, 
        "date": "2014-05-31", 
        "operating_revenue": 1252852, 
        "short_term_average": 1216123
    }, 
    {
        "accumulated_operating_revenue_yoy": 0.3470020683579233, 
        "accumulated_operating_revenue": 6761092, 
        "long_term_average": 1249514, 
        "date": "2014-06-30", 
        "operating_revenue": 1224962, 
        "short_term_average": 1231474
    }, 
    {
        "accumulated_operating_revenue_yoy": 1.6200297139803372, 
        "accumulated_operating_revenue": 8092946, 
        "long_term_average": 1258317, 
        "date": "2014-07-31", 
        "operating_revenue": 1331854, 
        "short_term_average": 1269889
    }, 
    {
        "accumulated_operating_revenue_yoy": 1.3164323655690282, 
        "accumulated_operating_revenue": 9360303, 
        "long_term_average": 1257701, 
        "date": "2014-08-31", 
        "operating_revenue": 1267357, 
        "short_term_average": 1274724
    }, 
    {
        "accumulated_operating_revenue_yoy": 0.8415057027278818, 
        "accumulated_operating_revenue": 10516805, 
        "long_term_average": 1254879, 
        "date": "2014-09-30", 
        "operating_revenue": 1156502, 
        "short_term_average": 1251904
    }, 
    {
        "accumulated_operating_revenue_yoy": -0.3328688560213543, 
        "accumulated_operating_revenue": 11833323, 
        "long_term_average": 1244272, 
        "date": "2014-10-31", 
        "operating_revenue": 1316518, 
        "short_term_average": 1246792
    }, 
    {
        "accumulated_operating_revenue_yoy": -3.2747197126994214, 
        "accumulated_operating_revenue": 12991125, 
        "long_term_average": 1210913, 
        "date": "2014-11-30", 
        "operating_revenue": 1157802, 
        "short_term_average": 1210274
    }, 
    {
        "accumulated_operating_revenue_yoy": -5.0234279506770285, 
        "accumulated_operating_revenue": 14218746, 
        "long_term_average": 1184895, 
        "date": "2014-12-31", 
        "operating_revenue": 1227621, 
        "short_term_average": 1233980
    }, 
    {
        "accumulated_operating_revenue_yoy": 24.932523555164618, 
        "accumulated_operating_revenue": 1369183, 
        "long_term_average": 1207665, 
        "date": "2015-01-31", 
        "operating_revenue": 1369183, 
        "short_term_average": 1251535
    }, 
    {
        "accumulated_operating_revenue_yoy": 2.1006389057077732, 
        "accumulated_operating_revenue": 1927414, 
        "long_term_average": 1188200, 
        "date": "2015-02-28", 
        "operating_revenue": 558231, 
        "short_term_average": 1051678
    }, 
    {
        "accumulated_operating_revenue_yoy": -5.025878249618152, 
        "accumulated_operating_revenue": 2912541, 
        "long_term_average": 1172051, 
        "date": "2015-03-31", 
        "operating_revenue": 985127, 
        "short_term_average": 970847
    }, 
    {
        "accumulated_operating_revenue_yoy": -13.123873818136483, 
        "accumulated_operating_revenue": 3721146, 
        "long_term_average": 1138051, 
        "date": "2015-04-30", 
        "operating_revenue": 808605, 
        "short_term_average": 783987
    }, 
    {
        "accumulated_operating_revenue_yoy": -17.28281308423032, 
        "accumulated_operating_revenue": 4579331, 
        "long_term_average": 1105162, 
        "date": "2015-05-31", 
        "operating_revenue": 858185, 
        "short_term_average": 883972
    }, 
    {
        "accumulated_operating_revenue_yoy": -21.037237771649906, 
        "accumulated_operating_revenue": 5338745, 
        "long_term_average": 1066366, 
        "date": "2015-06-30", 
        "operating_revenue": 759414, 
        "short_term_average": 808734
    }, 
    {
        "accumulated_operating_revenue_yoy": -24.674364563905407, 
        "accumulated_operating_revenue": 6096063, 
        "long_term_average": 1018488, 
        "date": "2015-07-31", 
        "operating_revenue": 757318, 
        "short_term_average": 791639
    }, 
    {
        "accumulated_operating_revenue_yoy": -28.55894729048835, 
        "accumulated_operating_revenue": 6687099, 
        "long_term_average": 962128, 
        "date": "2015-08-31", 
        "operating_revenue": 591036, 
        "short_term_average": 702589
    }
]