[
    {
        "date": "2011-09-30", 
        "operating_revenue": 2198200, 
        "accumulated_operating_revenue": 2198200, 
        "long_term_average": 2198200, 
        "short_term_average": 2198200
    }, 
    {
        "date": "2011-10-31", 
        "operating_revenue": 2579777, 
        "accumulated_operating_revenue": 4777977, 
        "long_term_average": 2388988, 
        "short_term_average": 2388988
    }, 
    {
        "date": "2011-11-30", 
        "operating_revenue": 3070110, 
        "accumulated_operating_revenue": 7848087, 
        "long_term_average": 2616029, 
        "short_term_average": 2616029
    }, 
    {
        "date": "2011-12-31", 
        "operating_revenue": 3036224, 
        "accumulated_operating_revenue": 10884311, 
        "long_term_average": 2721077, 
        "short_term_average": 2895370
    }, 
    {
        "date": "2012-01-31", 
        "operating_revenue": 879595, 
        "accumulated_operating_revenue": 879595, 
        "long_term_average": 2352781, 
        "short_term_average": 2328643
    }, 
    {
        "date": "2012-02-29", 
        "operating_revenue": 580204, 
        "accumulated_operating_revenue": 1459799, 
        "long_term_average": 2057351, 
        "short_term_average": 1498674
    }, 
    {
        "date": "2012-03-31", 
        "operating_revenue": 660962, 
        "accumulated_operating_revenue": 2120761, 
        "long_term_average": 1857867, 
        "short_term_average": 706920
    }, 
    {
        "date": "2012-04-30", 
        "operating_revenue": 614767, 
        "accumulated_operating_revenue": 2735528, 
        "long_term_average": 1702479, 
        "short_term_average": 618644
    }, 
    {
        "date": "2012-05-31", 
        "operating_revenue": 601421, 
        "accumulated_operating_revenue": 3336949, 
        "long_term_average": 1580140, 
        "short_term_average": 625716
    }, 
    {
        "date": "2012-06-30", 
        "operating_revenue": 651090, 
        "accumulated_operating_revenue": 3988039, 
        "long_term_average": 1487235, 
        "short_term_average": 622426
    }, 
    {
        "date": "2012-07-31", 
        "operating_revenue": 537589, 
        "accumulated_operating_revenue": 4525628, 
        "long_term_average": 1400903, 
        "short_term_average": 596700
    }, 
    {
        "date": "2012-08-31", 
        "operating_revenue": 637948, 
        "accumulated_operating_revenue": 5163576, 
        "long_term_average": 1337323, 
        "short_term_average": 608875
    }, 
    {
        "accumulated_operating_revenue_yoy": 165.91115458102084, 
        "accumulated_operating_revenue": 5845259, 
        "long_term_average": 1210947, 
        "date": "2012-09-30", 
        "operating_revenue": 681683, 
        "short_term_average": 619073
    }, 
    {
        "accumulated_operating_revenue_yoy": 37.28454532116835, 
        "accumulated_operating_revenue": 6559424, 
        "long_term_average": 1055479, 
        "date": "2012-10-31", 
        "operating_revenue": 714165, 
        "short_term_average": 677932
    }, 
    {
        "accumulated_operating_revenue_yoy": -5.1014087891737185, 
        "accumulated_operating_revenue": 7447724, 
        "long_term_average": 873662, 
        "date": "2012-11-30", 
        "operating_revenue": 888300, 
        "short_term_average": 761382
    }, 
    {
        "accumulated_operating_revenue_yoy": -24.432194192172567, 
        "accumulated_operating_revenue": 8225035, 
        "long_term_average": 685419, 
        "date": "2012-12-31", 
        "operating_revenue": 777311, 
        "short_term_average": 793258
    }, 
    {
        "accumulated_operating_revenue_yoy": -14.533734275433579, 
        "accumulated_operating_revenue": 751757, 
        "long_term_average": 674766, 
        "date": "2013-01-31", 
        "operating_revenue": 751757, 
        "short_term_average": 805789
    }, 
    {
        "accumulated_operating_revenue_yoy": -0.21174147947765412, 
        "accumulated_operating_revenue": 1456708, 
        "long_term_average": 685162, 
        "date": "2013-02-28", 
        "operating_revenue": 704951, 
        "short_term_average": 744673
    }, 
    {
        "accumulated_operating_revenue_yoy": -2.1409296002708462, 
        "accumulated_operating_revenue": 2075357, 
        "long_term_average": 681635, 
        "date": "2013-03-31", 
        "operating_revenue": 618649, 
        "short_term_average": 691785
    }, 
    {
        "accumulated_operating_revenue_yoy": -1.190373485484338, 
        "accumulated_operating_revenue": 2702965, 
        "long_term_average": 682706, 
        "date": "2013-04-30", 
        "operating_revenue": 627608, 
        "short_term_average": 650402
    }, 
    {
        "accumulated_operating_revenue_yoy": -1.2116756953732286, 
        "accumulated_operating_revenue": 3296516, 
        "long_term_average": 682050, 
        "date": "2013-05-31", 
        "operating_revenue": 593551, 
        "short_term_average": 613269
    }, 
    {
        "accumulated_operating_revenue_yoy": -1.6125970683837345, 
        "accumulated_operating_revenue": 3923728, 
        "long_term_average": 680060, 
        "date": "2013-06-30", 
        "operating_revenue": 627212, 
        "short_term_average": 616123
    }, 
    {
        "accumulated_operating_revenue_yoy": -1.5006978037081262, 
        "accumulated_operating_revenue": 4457712, 
        "long_term_average": 679759, 
        "date": "2013-07-31", 
        "operating_revenue": 533984, 
        "short_term_average": 584915
    }, 
    {
        "accumulated_operating_revenue_yoy": -1.6514136714555958, 
        "accumulated_operating_revenue": 5078304, 
        "long_term_average": 678313, 
        "date": "2013-08-31", 
        "operating_revenue": 620592, 
        "short_term_average": 593929
    }, 
    {
        "accumulated_operating_revenue_yoy": -3.0849787836603992, 
        "accumulated_operating_revenue": 5664934, 
        "long_term_average": 670392, 
        "date": "2013-09-30", 
        "operating_revenue": 586630, 
        "short_term_average": 580402
    }, 
    {
        "accumulated_operating_revenue_yoy": -2.1458591486081704, 
        "accumulated_operating_revenue": 6418668, 
        "long_term_average": 673689, 
        "date": "2013-10-31", 
        "operating_revenue": 753734, 
        "short_term_average": 653652
    }, 
    {
        "accumulated_operating_revenue_yoy": -2.7985596673560944, 
        "accumulated_operating_revenue": 7239295, 
        "long_term_average": 668050, 
        "date": "2013-11-30", 
        "operating_revenue": 820627, 
        "short_term_average": 720330
    }, 
    {
        "accumulated_operating_revenue_yoy": -2.6432957428144683, 
        "accumulated_operating_revenue": 8007623, 
        "long_term_average": 667301, 
        "date": "2013-12-31", 
        "operating_revenue": 768328, 
        "short_term_average": 780896
    }, 
    {
        "accumulated_operating_revenue_yoy": 21.55723192467779, 
        "accumulated_operating_revenue": 913815, 
        "long_term_average": 680806, 
        "date": "2014-01-31", 
        "operating_revenue": 913815, 
        "short_term_average": 834256
    }, 
    {
        "accumulated_operating_revenue_yoy": 5.167542156698528, 
        "accumulated_operating_revenue": 1531984, 
        "long_term_average": 673574, 
        "date": "2014-02-28", 
        "operating_revenue": 618169, 
        "short_term_average": 766770
    }, 
    {
        "accumulated_operating_revenue_yoy": 8.497959628150722, 
        "accumulated_operating_revenue": 2251720, 
        "long_term_average": 681998, 
        "date": "2014-03-31", 
        "operating_revenue": 719736, 
        "short_term_average": 750573
    }, 
    {
        "accumulated_operating_revenue_yoy": 7.703725353454447, 
        "accumulated_operating_revenue": 2911194, 
        "long_term_average": 684654, 
        "date": "2014-04-30", 
        "operating_revenue": 659474, 
        "short_term_average": 665793
    }, 
    {
        "accumulated_operating_revenue_yoy": 9.154149411075208, 
        "accumulated_operating_revenue": 3598284, 
        "long_term_average": 692449, 
        "date": "2014-05-31", 
        "operating_revenue": 687090, 
        "short_term_average": 688766
    }, 
    {
        "accumulated_operating_revenue_yoy": 9.10149735149837, 
        "accumulated_operating_revenue": 4280846, 
        "long_term_average": 697061, 
        "date": "2014-06-30", 
        "operating_revenue": 682562, 
        "short_term_average": 676375
    }, 
    {
        "accumulated_operating_revenue_yoy": 8.792133722411856, 
        "accumulated_operating_revenue": 4849640, 
        "long_term_average": 699962, 
        "date": "2014-07-31", 
        "operating_revenue": 568794, 
        "short_term_average": 646148
    }, 
    {
        "accumulated_operating_revenue_yoy": 8.640404355469858, 
        "accumulated_operating_revenue": 5517090, 
        "long_term_average": 703867, 
        "date": "2014-08-31", 
        "operating_revenue": 667450, 
        "short_term_average": 639602
    }, 
    {
        "accumulated_operating_revenue_yoy": 9.3806035516036, 
        "accumulated_operating_revenue": 6196339, 
        "long_term_average": 711585, 
        "date": "2014-09-30", 
        "operating_revenue": 679249, 
        "short_term_average": 638497
    }, 
    {
        "accumulated_operating_revenue_yoy": 8.551525020455959, 
        "accumulated_operating_revenue": 6967562, 
        "long_term_average": 713043, 
        "date": "2014-10-31", 
        "operating_revenue": 771223, 
        "short_term_average": 705974
    }, 
    {
        "accumulated_operating_revenue_yoy": 8.806423829944766, 
        "accumulated_operating_revenue": 7876818, 
        "long_term_average": 720428, 
        "date": "2014-11-30", 
        "operating_revenue": 909256, 
        "short_term_average": 786576
    }, 
    {
        "accumulated_operating_revenue_yoy": 9.492542293761831, 
        "accumulated_operating_revenue": 8767750, 
        "long_term_average": 730645, 
        "date": "2014-12-31", 
        "operating_revenue": 890932, 
        "short_term_average": 857137
    }, 
    {
        "accumulated_operating_revenue_yoy": -15.126584702592977, 
        "accumulated_operating_revenue": 775586, 
        "long_term_average": 719126, 
        "date": "2015-01-31", 
        "operating_revenue": 775586, 
        "short_term_average": 858591
    }, 
    {
        "accumulated_operating_revenue_yoy": 8.631095363920249, 
        "accumulated_operating_revenue": 1664211, 
        "long_term_average": 741664, 
        "date": "2015-02-28", 
        "operating_revenue": 888625, 
        "short_term_average": 851714
    }, 
    {
        "accumulated_operating_revenue_yoy": 8.746202902669959, 
        "accumulated_operating_revenue": 2448660, 
        "long_term_average": 747057, 
        "date": "2015-03-31", 
        "operating_revenue": 784449, 
        "short_term_average": 816220
    }, 
    {
        "accumulated_operating_revenue_yoy": 6.2871797619808225, 
        "accumulated_operating_revenue": 3094226, 
        "long_term_average": 745898, 
        "date": "2015-04-30", 
        "operating_revenue": 645566, 
        "short_term_average": 772880
    }, 
    {
        "accumulated_operating_revenue_yoy": 5.8559580066498365, 
        "accumulated_operating_revenue": 3808998, 
        "long_term_average": 748205, 
        "date": "2015-05-31", 
        "operating_revenue": 714772, 
        "short_term_average": 714929
    }, 
    {
        "accumulated_operating_revenue_yoy": 4.4267651767898215, 
        "accumulated_operating_revenue": 4470349, 
        "long_term_average": 746437, 
        "date": "2015-06-30", 
        "operating_revenue": 661351, 
        "short_term_average": 673896
    }, 
    {
        "accumulated_operating_revenue_yoy": 3.700068458689717, 
        "accumulated_operating_revenue": 5029080, 
        "long_term_average": 745599, 
        "date": "2015-07-31", 
        "operating_revenue": 558731, 
        "short_term_average": 644951
    }, 
    {
        "accumulated_operating_revenue_yoy": 2.1092459974370548, 
        "accumulated_operating_revenue": 5633459, 
        "long_term_average": 740343, 
        "date": "2015-08-31", 
        "operating_revenue": 604379, 
        "short_term_average": 608153
    }
]