[
    {
        "date": "2011-09-30", 
        "operating_revenue": 8701623, 
        "accumulated_operating_revenue": 8701623, 
        "long_term_average": 8701623, 
        "short_term_average": 8701623
    }, 
    {
        "date": "2011-10-31", 
        "operating_revenue": 8930318, 
        "accumulated_operating_revenue": 17631941, 
        "long_term_average": 8815970, 
        "short_term_average": 8815970
    }, 
    {
        "date": "2011-11-30", 
        "operating_revenue": 9311699, 
        "accumulated_operating_revenue": 26943640, 
        "long_term_average": 8981213, 
        "short_term_average": 8981213
    }, 
    {
        "date": "2011-12-31", 
        "operating_revenue": 8872011, 
        "accumulated_operating_revenue": 35815651, 
        "long_term_average": 8953912, 
        "short_term_average": 9038009
    }, 
    {
        "date": "2012-01-31", 
        "operating_revenue": 8824158, 
        "accumulated_operating_revenue": 8824158, 
        "long_term_average": 8927961, 
        "short_term_average": 9002622
    }, 
    {
        "date": "2012-02-29", 
        "operating_revenue": 7716126, 
        "accumulated_operating_revenue": 16540284, 
        "long_term_average": 8725989, 
        "short_term_average": 8470765
    }, 
    {
        "date": "2012-03-31", 
        "operating_revenue": 9796325, 
        "accumulated_operating_revenue": 26336609, 
        "long_term_average": 8878894, 
        "short_term_average": 8778869
    }, 
    {
        "date": "2012-04-30", 
        "operating_revenue": 10997819, 
        "accumulated_operating_revenue": 37334428, 
        "long_term_average": 9143759, 
        "short_term_average": 9503423
    }, 
    {
        "date": "2012-05-31", 
        "operating_revenue": 12872562, 
        "accumulated_operating_revenue": 50206990, 
        "long_term_average": 9558071, 
        "short_term_average": 11222235
    }, 
    {
        "date": "2012-06-30", 
        "operating_revenue": 13277191, 
        "accumulated_operating_revenue": 63484181, 
        "long_term_average": 9929983, 
        "short_term_average": 12382524
    }, 
    {
        "date": "2012-07-31", 
        "operating_revenue": 13149133, 
        "accumulated_operating_revenue": 76633314, 
        "long_term_average": 10222633, 
        "short_term_average": 13099628
    }, 
    {
        "date": "2012-08-31", 
        "operating_revenue": 13853131, 
        "accumulated_operating_revenue": 90486445, 
        "long_term_average": 10525174, 
        "short_term_average": 13426485
    }, 
    {
        "accumulated_operating_revenue_yoy": 1091.7927264833238, 
        "accumulated_operating_revenue": 103705310, 
        "long_term_average": 10901611, 
        "date": "2012-09-30", 
        "operating_revenue": 13218865, 
        "short_term_average": 13407043
    }, 
    {
        "accumulated_operating_revenue_yoy": 559.2720790070703, 
        "accumulated_operating_revenue": 116242464, 
        "long_term_average": 11202181, 
        "date": "2012-10-31", 
        "operating_revenue": 12537154, 
        "short_term_average": 13203050
    }, 
    {
        "accumulated_operating_revenue_yoy": 377.6899706201538, 
        "accumulated_operating_revenue": 128707066, 
        "long_term_average": 11464923, 
        "date": "2012-11-30", 
        "operating_revenue": 12464602, 
        "short_term_average": 12740207
    }, 
    {
        "accumulated_operating_revenue_yoy": 293.6982019397051, 
        "accumulated_operating_revenue": 141005574, 
        "long_term_average": 11750464, 
        "date": "2012-12-31", 
        "operating_revenue": 12298508, 
        "short_term_average": 12433421
    }, 
    {
        "accumulated_operating_revenue_yoy": 34.129148639450925, 
        "accumulated_operating_revenue": 11835768, 
        "long_term_average": 12001432, 
        "date": "2013-01-31", 
        "operating_revenue": 11835768, 
        "short_term_average": 12199626
    }, 
    {
        "accumulated_operating_revenue_yoy": 34.894830100861626, 
        "accumulated_operating_revenue": 22311988, 
        "long_term_average": 12231439, 
        "date": "2013-02-28", 
        "operating_revenue": 10476220, 
        "short_term_average": 11536832
    }, 
    {
        "accumulated_operating_revenue_yoy": 26.382204330101878, 
        "accumulated_operating_revenue": 33284787, 
        "long_term_average": 12329479, 
        "date": "2013-03-31", 
        "operating_revenue": 10972799, 
        "short_term_average": 11094929
    }, 
    {
        "accumulated_operating_revenue_yoy": 21.299171906423744, 
        "accumulated_operating_revenue": 45286352, 
        "long_term_average": 12413124, 
        "date": "2013-04-30", 
        "operating_revenue": 12001565, 
        "short_term_average": 11150194
    }, 
    {
        "accumulated_operating_revenue_yoy": 14.445548319068719, 
        "accumulated_operating_revenue": 57459665, 
        "long_term_average": 12354854, 
        "date": "2013-05-31", 
        "operating_revenue": 12173313, 
        "short_term_average": 11715892
    }, 
    {
        "accumulated_operating_revenue_yoy": 10.047851133182297, 
        "accumulated_operating_revenue": 69862977, 
        "long_term_average": 12282030, 
        "date": "2013-06-30", 
        "operating_revenue": 12403312, 
        "short_term_average": 12192730
    }, 
    {
        "accumulated_operating_revenue_yoy": 6.215860637320213, 
        "accumulated_operating_revenue": 81396734, 
        "long_term_average": 12147416, 
        "date": "2013-07-31", 
        "operating_revenue": 11533757, 
        "short_term_average": 12036794
    }, 
    {
        "accumulated_operating_revenue_yoy": 3.5572897133929837, 
        "accumulated_operating_revenue": 93705310, 
        "long_term_average": 12018703, 
        "date": "2013-08-31", 
        "operating_revenue": 12308576, 
        "short_term_average": 12081881
    }, 
    {
        "accumulated_operating_revenue_yoy": 2.0665045984627017, 
        "accumulated_operating_revenue": 105848385, 
        "long_term_average": 11929054, 
        "date": "2013-09-30", 
        "operating_revenue": 12143075, 
        "short_term_average": 11995136
    }, 
    {
        "accumulated_operating_revenue_yoy": 0.6411426378573668, 
        "accumulated_operating_revenue": 116987744, 
        "long_term_average": 11812571, 
        "date": "2013-10-31", 
        "operating_revenue": 11139359, 
        "short_term_average": 11863670
    }, 
    {
        "accumulated_operating_revenue_yoy": -0.6714821702174456, 
        "accumulated_operating_revenue": 127842821, 
        "long_term_average": 11678444, 
        "date": "2013-11-30", 
        "operating_revenue": 10855077, 
        "short_term_average": 11379170
    }, 
    {
        "accumulated_operating_revenue_yoy": -1.2773161719124664, 
        "accumulated_operating_revenue": 139204487, 
        "long_term_average": 11600373, 
        "date": "2013-12-31", 
        "operating_revenue": 11361666, 
        "short_term_average": 11118700
    }, 
    {
        "accumulated_operating_revenue_yoy": 3.709104470449235, 
        "accumulated_operating_revenue": 12274769, 
        "long_term_average": 11636957, 
        "date": "2014-01-31", 
        "operating_revenue": 12274769, 
        "short_term_average": 11497170
    }, 
    {
        "accumulated_operating_revenue_yoy": 2.477856298596073, 
        "accumulated_operating_revenue": 22864847, 
        "long_term_average": 11646445, 
        "date": "2014-02-28", 
        "operating_revenue": 10590078, 
        "short_term_average": 11408837
    }, 
    {
        "accumulated_operating_revenue_yoy": 3.1089308157507514, 
        "accumulated_operating_revenue": 34319588, 
        "long_term_average": 11686607, 
        "date": "2014-03-31", 
        "operating_revenue": 11454741, 
        "short_term_average": 11439862
    }, 
    {
        "accumulated_operating_revenue_yoy": 1.9337768694638948, 
        "accumulated_operating_revenue": 46162089, 
        "long_term_average": 11673352, 
        "date": "2014-04-30", 
        "operating_revenue": 11842501, 
        "short_term_average": 11295773
    }, 
    {
        "accumulated_operating_revenue_yoy": 1.4556367497095573, 
        "accumulated_operating_revenue": 58296069, 
        "long_term_average": 11670074, 
        "date": "2014-05-31", 
        "operating_revenue": 12133980, 
        "short_term_average": 11810407
    }, 
    {
        "accumulated_operating_revenue_yoy": -0.47416244515317457, 
        "accumulated_operating_revenue": 69531713, 
        "long_term_average": 11572768, 
        "date": "2014-06-30", 
        "operating_revenue": 11235644, 
        "short_term_average": 11737375
    }, 
    {
        "accumulated_operating_revenue_yoy": 0.6134742457848493, 
        "accumulated_operating_revenue": 81896082, 
        "long_term_average": 11641986, 
        "date": "2014-07-31", 
        "operating_revenue": 12364369, 
        "short_term_average": 11911331
    }, 
    {
        "accumulated_operating_revenue_yoy": 0.7040209354197751, 
        "accumulated_operating_revenue": 94365015, 
        "long_term_average": 11655349, 
        "date": "2014-08-31", 
        "operating_revenue": 12468933, 
        "short_term_average": 12022982
    }, 
    {
        "accumulated_operating_revenue_yoy": 1.1722030525076033, 
        "accumulated_operating_revenue": 107089143, 
        "long_term_average": 11703770, 
        "date": "2014-09-30", 
        "operating_revenue": 12724128, 
        "short_term_average": 12519143
    }, 
    {
        "accumulated_operating_revenue_yoy": 2.4824737196402387, 
        "accumulated_operating_revenue": 119891934, 
        "long_term_average": 11842389, 
        "date": "2014-10-31", 
        "operating_revenue": 12802791, 
        "short_term_average": 12665284
    }, 
    {
        "accumulated_operating_revenue_yoy": 2.8138443534502415, 
        "accumulated_operating_revenue": 131440119, 
        "long_term_average": 11900148, 
        "date": "2014-11-30", 
        "operating_revenue": 11548185, 
        "short_term_average": 12358368
    }, 
    {
        "accumulated_operating_revenue_yoy": 3.631177492145063, 
        "accumulated_operating_revenue": 144259249, 
        "long_term_average": 12021604, 
        "date": "2014-12-31", 
        "operating_revenue": 12819130, 
        "short_term_average": 12390035
    }, 
    {
        "accumulated_operating_revenue_yoy": -6.273722951527643, 
        "accumulated_operating_revenue": 11504684, 
        "long_term_average": 11957430, 
        "date": "2015-01-31", 
        "operating_revenue": 11504684, 
        "short_term_average": 11957333
    }, 
    {
        "accumulated_operating_revenue_yoy": 1.2310994252443501, 
        "accumulated_operating_revenue": 23146336, 
        "long_term_average": 12045061, 
        "date": "2015-02-28", 
        "operating_revenue": 11641652, 
        "short_term_average": 11988488
    }, 
    {
        "accumulated_operating_revenue_yoy": 2.8191393206701667, 
        "accumulated_operating_revenue": 35287105, 
        "long_term_average": 12102230, 
        "date": "2015-03-31", 
        "operating_revenue": 12140769, 
        "short_term_average": 11762368
    }, 
    {
        "accumulated_operating_revenue_yoy": 0.7919333979881196, 
        "accumulated_operating_revenue": 46527662, 
        "long_term_average": 12052068, 
        "date": "2015-04-30", 
        "operating_revenue": 11240557, 
        "short_term_average": 11674326
    }, 
    {
        "accumulated_operating_revenue_yoy": 0.4005124256319924, 
        "accumulated_operating_revenue": 58529552, 
        "long_term_average": 12041061, 
        "date": "2015-05-31", 
        "operating_revenue": 12001890, 
        "short_term_average": 11794405
    }, 
    {
        "accumulated_operating_revenue_yoy": 0.887656830775908, 
        "accumulated_operating_revenue": 70148916, 
        "long_term_average": 12073037, 
        "date": "2015-06-30", 
        "operating_revenue": 11619364, 
        "short_term_average": 11620603
    }, 
    {
        "accumulated_operating_revenue_yoy": -0.9271811073941242, 
        "accumulated_operating_revenue": 81136757, 
        "long_term_average": 11958327, 
        "date": "2015-07-31", 
        "operating_revenue": 10987841, 
        "short_term_average": 11536365
    }, 
    {
        "accumulated_operating_revenue_yoy": -1.9130543242111497, 
        "accumulated_operating_revenue": 92559761, 
        "long_term_average": 11871166, 
        "date": "2015-08-31", 
        "operating_revenue": 11423004, 
        "short_term_average": 11343403
    }
]