[
    {
        "date": "2011-09-30", 
        "operating_revenue": 498810, 
        "accumulated_operating_revenue": 498810, 
        "long_term_average": 498810, 
        "short_term_average": 498810
    }, 
    {
        "date": "2011-10-31", 
        "operating_revenue": 467536, 
        "accumulated_operating_revenue": 966346, 
        "long_term_average": 483173, 
        "short_term_average": 483173
    }, 
    {
        "date": "2011-11-30", 
        "operating_revenue": 458142, 
        "accumulated_operating_revenue": 1424488, 
        "long_term_average": 474829, 
        "short_term_average": 474829
    }, 
    {
        "date": "2011-12-31", 
        "operating_revenue": 551278, 
        "accumulated_operating_revenue": 1975766, 
        "long_term_average": 493941, 
        "short_term_average": 492318
    }, 
    {
        "date": "2012-01-31", 
        "operating_revenue": 498685, 
        "accumulated_operating_revenue": 498685, 
        "long_term_average": 494890, 
        "short_term_average": 502701
    }, 
    {
        "date": "2012-02-29", 
        "operating_revenue": 477094, 
        "accumulated_operating_revenue": 975779, 
        "long_term_average": 491924, 
        "short_term_average": 509019
    }, 
    {
        "date": "2012-03-31", 
        "operating_revenue": 598642, 
        "accumulated_operating_revenue": 1574421, 
        "long_term_average": 507169, 
        "short_term_average": 524807
    }, 
    {
        "date": "2012-04-30", 
        "operating_revenue": 557941, 
        "accumulated_operating_revenue": 2132362, 
        "long_term_average": 513516, 
        "short_term_average": 544559
    }, 
    {
        "date": "2012-05-31", 
        "operating_revenue": 530470, 
        "accumulated_operating_revenue": 2662832, 
        "long_term_average": 515399, 
        "short_term_average": 562351
    }, 
    {
        "date": "2012-06-30", 
        "operating_revenue": 549032, 
        "accumulated_operating_revenue": 3211864, 
        "long_term_average": 518763, 
        "short_term_average": 545814
    }, 
    {
        "date": "2012-07-31", 
        "operating_revenue": 497993, 
        "accumulated_operating_revenue": 3709857, 
        "long_term_average": 516874, 
        "short_term_average": 525831
    }, 
    {
        "date": "2012-08-31", 
        "operating_revenue": 442798, 
        "accumulated_operating_revenue": 4152655, 
        "long_term_average": 510701, 
        "short_term_average": 496607
    }, 
    {
        "accumulated_operating_revenue_yoy": 831.7293157715362, 
        "accumulated_operating_revenue": 4647559, 
        "long_term_average": 510376, 
        "date": "2012-09-30", 
        "operating_revenue": 494904, 
        "short_term_average": 478565
    }, 
    {
        "accumulated_operating_revenue_yoy": 425.46251549651987, 
        "accumulated_operating_revenue": 5077786, 
        "long_term_average": 507267, 
        "date": "2012-10-31", 
        "operating_revenue": 430227, 
        "short_term_average": 455976
    }, 
    {
        "accumulated_operating_revenue_yoy": 289.23978299571496, 
        "accumulated_operating_revenue": 5544674, 
        "long_term_average": 507996, 
        "date": "2012-11-30", 
        "operating_revenue": 466888, 
        "short_term_average": 464006
    }, 
    {
        "accumulated_operating_revenue_yoy": 206.44302007423957, 
        "accumulated_operating_revenue": 6054597, 
        "long_term_average": 504549, 
        "date": "2012-12-31", 
        "operating_revenue": 509923, 
        "short_term_average": 469012
    }, 
    {
        "accumulated_operating_revenue_yoy": 4.969670232712033, 
        "accumulated_operating_revenue": 523468, 
        "long_term_average": 506615, 
        "date": "2013-01-31", 
        "operating_revenue": 523468, 
        "short_term_average": 500093
    }, 
    {
        "accumulated_operating_revenue_yoy": -0.5857883803607169, 
        "accumulated_operating_revenue": 970063, 
        "long_term_average": 504073, 
        "date": "2013-02-28", 
        "operating_revenue": 446595, 
        "short_term_average": 493328
    }, 
    {
        "accumulated_operating_revenue_yoy": -17.545370647368145, 
        "accumulated_operating_revenue": 1298183, 
        "long_term_average": 481529, 
        "date": "2013-03-31", 
        "operating_revenue": 328120, 
        "short_term_average": 432727
    }, 
    {
        "accumulated_operating_revenue_yoy": -19.56135965656863, 
        "accumulated_operating_revenue": 1715243, 
        "long_term_average": 469789, 
        "date": "2013-04-30", 
        "operating_revenue": 417060, 
        "short_term_average": 397258
    }, 
    {
        "accumulated_operating_revenue_yoy": -19.111795261586163, 
        "accumulated_operating_revenue": 2153917, 
        "long_term_average": 462140, 
        "date": "2013-05-31", 
        "operating_revenue": 438674, 
        "short_term_average": 394618
    }, 
    {
        "accumulated_operating_revenue_yoy": -20.11249542321842, 
        "accumulated_operating_revenue": 2565878, 
        "long_term_average": 450717, 
        "date": "2013-06-30", 
        "operating_revenue": 411961, 
        "short_term_average": 422565
    }, 
    {
        "accumulated_operating_revenue_yoy": -17.99384720219674, 
        "accumulated_operating_revenue": 3042311, 
        "long_term_average": 448920, 
        "date": "2013-07-31", 
        "operating_revenue": 476433, 
        "short_term_average": 442356
    }, 
    {
        "accumulated_operating_revenue_yoy": -17.0935461770843, 
        "accumulated_operating_revenue": 3442819, 
        "long_term_average": 445396, 
        "date": "2013-08-31", 
        "operating_revenue": 400508, 
        "short_term_average": 429634
    }, 
    {
        "accumulated_operating_revenue_yoy": -18.433031189060753, 
        "accumulated_operating_revenue": 3790873, 
        "long_term_average": 433159, 
        "date": "2013-09-30", 
        "operating_revenue": 348054, 
        "short_term_average": 408331
    }, 
    {
        "accumulated_operating_revenue_yoy": -18.726941229898227, 
        "accumulated_operating_revenue": 4126872, 
        "long_term_average": 425306, 
        "date": "2013-10-31", 
        "operating_revenue": 335999, 
        "short_term_average": 361520
    }, 
    {
        "accumulated_operating_revenue_yoy": -17.21515097190565, 
        "accumulated_operating_revenue": 4590150, 
        "long_term_average": 425006, 
        "date": "2013-11-30", 
        "operating_revenue": 463278, 
        "short_term_average": 382443
    }, 
    {
        "accumulated_operating_revenue_yoy": -16.61902518037121, 
        "accumulated_operating_revenue": 5048382, 
        "long_term_average": 420698, 
        "date": "2013-12-31", 
        "operating_revenue": 458232, 
        "short_term_average": 419169
    }, 
    {
        "accumulated_operating_revenue_yoy": -16.666348277258592, 
        "accumulated_operating_revenue": 436225, 
        "long_term_average": 413428, 
        "date": "2014-01-31", 
        "operating_revenue": 436225, 
        "short_term_average": 452578
    }, 
    {
        "accumulated_operating_revenue_yoy": -14.750588363848532, 
        "accumulated_operating_revenue": 826973, 
        "long_term_average": 408774, 
        "date": "2014-02-28", 
        "operating_revenue": 390748, 
        "short_term_average": 428401
    }, 
    {
        "accumulated_operating_revenue_yoy": -1.3749987482504393, 
        "accumulated_operating_revenue": 1280333, 
        "long_term_average": 419211, 
        "date": "2014-03-31", 
        "operating_revenue": 453360, 
        "short_term_average": 426777
    }, 
    {
        "accumulated_operating_revenue_yoy": -1.5018280208693462, 
        "accumulated_operating_revenue": 1689483, 
        "long_term_average": 418551, 
        "date": "2014-04-30", 
        "operating_revenue": 409150, 
        "short_term_average": 417752
    }, 
    {
        "accumulated_operating_revenue_yoy": -3.9447666739247613, 
        "accumulated_operating_revenue": 2068950, 
        "long_term_average": 413617, 
        "date": "2014-05-31", 
        "operating_revenue": 379467, 
        "short_term_average": 413992
    }, 
    {
        "accumulated_operating_revenue_yoy": -5.134187985555042, 
        "accumulated_operating_revenue": 2434141, 
        "long_term_average": 409720, 
        "date": "2014-06-30", 
        "operating_revenue": 365191, 
        "short_term_average": 384602
    }, 
    {
        "accumulated_operating_revenue_yoy": -7.420411654166849, 
        "accumulated_operating_revenue": 2816559, 
        "long_term_average": 401885, 
        "date": "2014-07-31", 
        "operating_revenue": 382418, 
        "short_term_average": 375692
    }, 
    {
        "accumulated_operating_revenue_yoy": -5.790022652948064, 
        "accumulated_operating_revenue": 3243479, 
        "long_term_average": 404086, 
        "date": "2014-08-31", 
        "operating_revenue": 426920, 
        "short_term_average": 391509
    }, 
    {
        "accumulated_operating_revenue_yoy": -3.2223184474921744, 
        "accumulated_operating_revenue": 3668719, 
        "long_term_average": 410519, 
        "date": "2014-09-30", 
        "operating_revenue": 425240, 
        "short_term_average": 411526
    }, 
    {
        "accumulated_operating_revenue_yoy": -1.8760455861000775, 
        "accumulated_operating_revenue": 4049450, 
        "long_term_average": 414246, 
        "date": "2014-10-31", 
        "operating_revenue": 380731, 
        "short_term_average": 410963
    }, 
    {
        "accumulated_operating_revenue_yoy": -2.0977527967495613, 
        "accumulated_operating_revenue": 4493860, 
        "long_term_average": 412674, 
        "date": "2014-11-30", 
        "operating_revenue": 444410, 
        "short_term_average": 416793
    }, 
    {
        "accumulated_operating_revenue_yoy": -1.900509905946103, 
        "accumulated_operating_revenue": 4952437, 
        "long_term_average": 412703, 
        "date": "2014-12-31", 
        "operating_revenue": 458577, 
        "short_term_average": 427906
    }, 
    {
        "accumulated_operating_revenue_yoy": -0.7553441457963207, 
        "accumulated_operating_revenue": 432930, 
        "long_term_average": 412428, 
        "date": "2015-01-31", 
        "operating_revenue": 432930, 
        "short_term_average": 445305
    }, 
    {
        "accumulated_operating_revenue_yoy": -1.101607912229299, 
        "accumulated_operating_revenue": 817863, 
        "long_term_average": 411943, 
        "date": "2015-02-28", 
        "operating_revenue": 384933, 
        "short_term_average": 425480
    }, 
    {
        "accumulated_operating_revenue_yoy": -3.964906004922157, 
        "accumulated_operating_revenue": 1229569, 
        "long_term_average": 408472, 
        "date": "2015-03-31", 
        "operating_revenue": 411706, 
        "short_term_average": 409856
    }, 
    {
        "accumulated_operating_revenue_yoy": -5.436041676654929, 
        "accumulated_operating_revenue": 1597642, 
        "long_term_average": 405049, 
        "date": "2015-04-30", 
        "operating_revenue": 368073, 
        "short_term_average": 388237
    }, 
    {
        "accumulated_operating_revenue_yoy": -4.2453901737596365, 
        "accumulated_operating_revenue": 1981115, 
        "long_term_average": 405383, 
        "date": "2015-05-31", 
        "operating_revenue": 383473, 
        "short_term_average": 387750
    }, 
    {
        "accumulated_operating_revenue_yoy": -0.2586949564548644, 
        "accumulated_operating_revenue": 2427844, 
        "long_term_average": 412178, 
        "date": "2015-06-30", 
        "operating_revenue": 446729, 
        "short_term_average": 399425
    }, 
    {
        "accumulated_operating_revenue_yoy": 1.6511992115201564, 
        "accumulated_operating_revenue": 2863066, 
        "long_term_average": 416578, 
        "date": "2015-07-31", 
        "operating_revenue": 435222, 
        "short_term_average": 421808
    }, 
    {
        "accumulated_operating_revenue_yoy": 1.4714755359908296, 
        "accumulated_operating_revenue": 3291206, 
        "long_term_average": 416680, 
        "date": "2015-08-31", 
        "operating_revenue": 428140, 
        "short_term_average": 436697
    }, 
    {
        "accumulated_operating_revenue_yoy": 1.8991370012257685, 
        "accumulated_operating_revenue": 3738393, 
        "long_term_average": 418509, 
        "date": "2015-09-30", 
        "operating_revenue": 447187, 
        "short_term_average": 436849
    }, 
    {
        "accumulated_operating_revenue_yoy": 2.738816382471694, 
        "accumulated_operating_revenue": 4160357, 
        "long_term_average": 421945, 
        "date": "2015-10-31", 
        "operating_revenue": 421964, 
        "short_term_average": 432430
    }
]