[
    {
        "date": "2011-09-30", 
        "operating_revenue": 763254, 
        "accumulated_operating_revenue": 763254, 
        "long_term_average": 763254, 
        "short_term_average": 763254
    }, 
    {
        "date": "2011-10-31", 
        "operating_revenue": 761330, 
        "accumulated_operating_revenue": 1524584, 
        "long_term_average": 762292, 
        "short_term_average": 762292
    }, 
    {
        "date": "2011-11-30", 
        "operating_revenue": 787932, 
        "accumulated_operating_revenue": 2312516, 
        "long_term_average": 770838, 
        "short_term_average": 770838
    }, 
    {
        "date": "2011-12-31", 
        "operating_revenue": 787838, 
        "accumulated_operating_revenue": 3100354, 
        "long_term_average": 775088, 
        "short_term_average": 779033
    }, 
    {
        "date": "2012-01-31", 
        "operating_revenue": 678456, 
        "accumulated_operating_revenue": 678456, 
        "long_term_average": 755762, 
        "short_term_average": 751408
    }, 
    {
        "date": "2012-02-29", 
        "operating_revenue": 672776, 
        "accumulated_operating_revenue": 1351232, 
        "long_term_average": 741931, 
        "short_term_average": 713023
    }, 
    {
        "date": "2012-03-31", 
        "operating_revenue": 736075, 
        "accumulated_operating_revenue": 2087307, 
        "long_term_average": 741094, 
        "short_term_average": 695769
    }, 
    {
        "date": "2012-04-30", 
        "operating_revenue": 734809, 
        "accumulated_operating_revenue": 2822116, 
        "long_term_average": 740308, 
        "short_term_average": 714553
    }, 
    {
        "date": "2012-05-31", 
        "operating_revenue": 736027, 
        "accumulated_operating_revenue": 3558143, 
        "long_term_average": 739833, 
        "short_term_average": 735637
    }, 
    {
        "date": "2012-06-30", 
        "operating_revenue": 645526, 
        "accumulated_operating_revenue": 4203669, 
        "long_term_average": 730402, 
        "short_term_average": 705454
    }, 
    {
        "date": "2012-07-31", 
        "operating_revenue": 622083, 
        "accumulated_operating_revenue": 4825752, 
        "long_term_average": 720555, 
        "short_term_average": 667878
    }, 
    {
        "date": "2012-08-31", 
        "operating_revenue": 612973, 
        "accumulated_operating_revenue": 5438725, 
        "long_term_average": 711589, 
        "short_term_average": 626860
    }, 
    {
        "accumulated_operating_revenue_yoy": 724.2699022867879, 
        "accumulated_operating_revenue": 6291273, 
        "long_term_average": 719031, 
        "date": "2012-09-30", 
        "operating_revenue": 852548, 
        "short_term_average": 695868
    }, 
    {
        "accumulated_operating_revenue_yoy": 348.350500857939, 
        "accumulated_operating_revenue": 6835480, 
        "long_term_average": 700937, 
        "date": "2012-10-31", 
        "operating_revenue": 544207, 
        "short_term_average": 669909
    }, 
    {
        "accumulated_operating_revenue_yoy": 216.06120779272447, 
        "accumulated_operating_revenue": 7308966, 
        "long_term_average": 674733, 
        "date": "2012-11-30", 
        "operating_revenue": 473486, 
        "short_term_average": 623413
    }, 
    {
        "accumulated_operating_revenue_yoy": 156.86176481782402, 
        "accumulated_operating_revenue": 7963624, 
        "long_term_average": 663635, 
        "date": "2012-12-31", 
        "operating_revenue": 654658, 
        "short_term_average": 557450
    }, 
    {
        "accumulated_operating_revenue_yoy": -7.490389944226301, 
        "accumulated_operating_revenue": 627637, 
        "long_term_average": 659400, 
        "date": "2013-01-31", 
        "operating_revenue": 627637, 
        "short_term_average": 585260
    }, 
    {
        "accumulated_operating_revenue_yoy": -14.548426917065315, 
        "accumulated_operating_revenue": 1154649, 
        "long_term_average": 647253, 
        "date": "2013-02-28", 
        "operating_revenue": 527012, 
        "short_term_average": 603102
    }, 
    {
        "accumulated_operating_revenue_yoy": -18.92907943105638, 
        "accumulated_operating_revenue": 1692199, 
        "long_term_average": 630709, 
        "date": "2013-03-31", 
        "operating_revenue": 537550, 
        "short_term_average": 564066
    }, 
    {
        "accumulated_operating_revenue_yoy": -22.092784279597293, 
        "accumulated_operating_revenue": 2198632, 
        "long_term_average": 611678, 
        "date": "2013-04-30", 
        "operating_revenue": 506433, 
        "short_term_average": 523665
    }, 
    {
        "accumulated_operating_revenue_yoy": -21.884308753189515, 
        "accumulated_operating_revenue": 2779468, 
        "long_term_average": 598745, 
        "date": "2013-05-31", 
        "operating_revenue": 580836, 
        "short_term_average": 541606
    }, 
    {
        "accumulated_operating_revenue_yoy": -21.56656482705941, 
        "accumulated_operating_revenue": 3297082, 
        "long_term_average": 588086, 
        "date": "2013-06-30", 
        "operating_revenue": 517614, 
        "short_term_average": 534961
    }, 
    {
        "accumulated_operating_revenue_yoy": -19.632090501128115, 
        "accumulated_operating_revenue": 3878356, 
        "long_term_average": 584685, 
        "date": "2013-07-31", 
        "operating_revenue": 581274, 
        "short_term_average": 559908
    }, 
    {
        "accumulated_operating_revenue_yoy": -18.088540972378635, 
        "accumulated_operating_revenue": 4454939, 
        "long_term_average": 581653, 
        "date": "2013-08-31", 
        "operating_revenue": 576583, 
        "short_term_average": 558490
    }, 
    {
        "accumulated_operating_revenue_yoy": -18.08575148463594, 
        "accumulated_operating_revenue": 5153449, 
        "long_term_average": 568816, 
        "date": "2013-09-30", 
        "operating_revenue": 698510, 
        "short_term_average": 618789
    }, 
    {
        "accumulated_operating_revenue_yoy": -14.914782868211157, 
        "accumulated_operating_revenue": 5815983, 
        "long_term_average": 578677, 
        "date": "2013-10-31", 
        "operating_revenue": 662534, 
        "short_term_average": 645875
    }, 
    {
        "accumulated_operating_revenue_yoy": -9.58121846510163, 
        "accumulated_operating_revenue": 6608678, 
        "long_term_average": 605278, 
        "date": "2013-11-30", 
        "operating_revenue": 792695, 
        "short_term_average": 717913
    }, 
    {
        "accumulated_operating_revenue_yoy": -6.977664942493518, 
        "accumulated_operating_revenue": 7407949, 
        "long_term_average": 617329, 
        "date": "2013-12-31", 
        "operating_revenue": 799271, 
        "short_term_average": 751500
    }, 
    {
        "accumulated_operating_revenue_yoy": 21.954091297995497, 
        "accumulated_operating_revenue": 765429, 
        "long_term_average": 628811, 
        "date": "2014-01-31", 
        "operating_revenue": 765429, 
        "short_term_average": 785798
    }, 
    {
        "accumulated_operating_revenue_yoy": 24.482331860158368, 
        "accumulated_operating_revenue": 1437334, 
        "long_term_average": 640886, 
        "date": "2014-02-28", 
        "operating_revenue": 671905, 
        "short_term_average": 745535
    }, 
    {
        "accumulated_operating_revenue_yoy": 25.06572808517202, 
        "accumulated_operating_revenue": 2116361, 
        "long_term_average": 652675, 
        "date": "2014-03-31", 
        "operating_revenue": 679027, 
        "short_term_average": 705453
    }, 
    {
        "accumulated_operating_revenue_yoy": 32.473829181054406, 
        "accumulated_operating_revenue": 2912612, 
        "long_term_average": 676827, 
        "date": "2014-04-30", 
        "operating_revenue": 796251, 
        "short_term_average": 715727
    }, 
    {
        "accumulated_operating_revenue_yoy": 32.63340322680455, 
        "accumulated_operating_revenue": 3686503, 
        "long_term_average": 692915, 
        "date": "2014-05-31", 
        "operating_revenue": 773891, 
        "short_term_average": 749723
    }, 
    {
        "accumulated_operating_revenue_yoy": 33.47623747301402, 
        "accumulated_operating_revenue": 4400821, 
        "long_term_average": 709307, 
        "date": "2014-06-30", 
        "operating_revenue": 714318, 
        "short_term_average": 761486
    }, 
    {
        "accumulated_operating_revenue_yoy": 33.53168198071554, 
        "accumulated_operating_revenue": 5178834, 
        "long_term_average": 725702, 
        "date": "2014-07-31", 
        "operating_revenue": 778013, 
        "short_term_average": 755407
    }, 
    {
        "accumulated_operating_revenue_yoy": 36.03052701731718, 
        "accumulated_operating_revenue": 6060077, 
        "long_term_average": 751090, 
        "date": "2014-08-31", 
        "operating_revenue": 881243, 
        "short_term_average": 791191
    }, 
    {
        "accumulated_operating_revenue_yoy": 32.1459084973966, 
        "accumulated_operating_revenue": 6810072, 
        "long_term_average": 755381, 
        "date": "2014-09-30", 
        "operating_revenue": 749995, 
        "short_term_average": 803083
    }, 
    {
        "accumulated_operating_revenue_yoy": 30.30395721583093, 
        "accumulated_operating_revenue": 7578456, 
        "long_term_average": 764201, 
        "date": "2014-10-31", 
        "operating_revenue": 768384, 
        "short_term_average": 799874
    }, 
    {
        "accumulated_operating_revenue_yoy": 26.46971149146622, 
        "accumulated_operating_revenue": 8357976, 
        "long_term_average": 763103, 
        "date": "2014-11-30", 
        "operating_revenue": 779520, 
        "short_term_average": 765966
    }, 
    {
        "accumulated_operating_revenue_yoy": 23.393857058141194, 
        "accumulated_operating_revenue": 9140954, 
        "long_term_average": 761746, 
        "date": "2014-12-31", 
        "operating_revenue": 782978, 
        "short_term_average": 776960
    }, 
    {
        "accumulated_operating_revenue_yoy": -5.992717809228551, 
        "accumulated_operating_revenue": 719559, 
        "long_term_average": 757923, 
        "date": "2015-01-31", 
        "operating_revenue": 719559, 
        "short_term_average": 760685
    }, 
    {
        "accumulated_operating_revenue_yoy": -12.280583357799927, 
        "accumulated_operating_revenue": 1260821, 
        "long_term_average": 747036, 
        "date": "2015-02-28", 
        "operating_revenue": 541262, 
        "short_term_average": 681266
    }, 
    {
        "accumulated_operating_revenue_yoy": -10.319269727612634, 
        "accumulated_operating_revenue": 1897968, 
        "long_term_average": 743546, 
        "date": "2015-03-31", 
        "operating_revenue": 637147, 
        "short_term_average": 632656
    }, 
    {
        "accumulated_operating_revenue_yoy": -16.596683664010172, 
        "accumulated_operating_revenue": 2429215, 
        "long_term_average": 721463, 
        "date": "2015-04-30", 
        "operating_revenue": 531247, 
        "short_term_average": 569885
    }, 
    {
        "accumulated_operating_revenue_yoy": -17.694139947804192, 
        "accumulated_operating_revenue": 3034208, 
        "long_term_average": 707388, 
        "date": "2015-05-31", 
        "operating_revenue": 604993, 
        "short_term_average": 591129
    }, 
    {
        "accumulated_operating_revenue_yoy": -15.350044912074361, 
        "accumulated_operating_revenue": 3725293, 
        "long_term_average": 705452, 
        "date": "2015-06-30", 
        "operating_revenue": 691085, 
        "short_term_average": 609108
    }, 
    {
        "accumulated_operating_revenue_yoy": -14.142816703528247, 
        "accumulated_operating_revenue": 4446401, 
        "long_term_average": 700710, 
        "date": "2015-07-31", 
        "operating_revenue": 721108, 
        "short_term_average": 672395
    }, 
    {
        "accumulated_operating_revenue_yoy": -14.976030832611533, 
        "accumulated_operating_revenue": 5152518, 
        "long_term_average": 686116, 
        "date": "2015-08-31", 
        "operating_revenue": 706117, 
        "short_term_average": 706103
    }, 
    {
        "accumulated_operating_revenue_yoy": -13.313412839100675, 
        "accumulated_operating_revenue": 5903419, 
        "long_term_average": 686191, 
        "date": "2015-09-30", 
        "operating_revenue": 750901, 
        "short_term_average": 726042
    }, 
    {
        "accumulated_operating_revenue_yoy": -12.517892826718265, 
        "accumulated_operating_revenue": 6629793, 
        "long_term_average": 682690, 
        "date": "2015-10-31", 
        "operating_revenue": 726374, 
        "short_term_average": 727797
    }
]