[
    {
        "date": "2012-01-31", 
        "operating_revenue": 471420, 
        "accumulated_operating_revenue": 471420, 
        "long_term_average": 471420, 
        "short_term_average": 471420
    }, 
    {
        "date": "2012-02-29", 
        "operating_revenue": 463397, 
        "accumulated_operating_revenue": 934817, 
        "long_term_average": 467408, 
        "short_term_average": 467408
    }, 
    {
        "date": "2012-03-31", 
        "operating_revenue": 530717, 
        "accumulated_operating_revenue": 1465534, 
        "long_term_average": 488511, 
        "short_term_average": 488511
    }, 
    {
        "date": "2012-04-30", 
        "operating_revenue": 498274, 
        "accumulated_operating_revenue": 1963808, 
        "long_term_average": 490952, 
        "short_term_average": 497462
    }, 
    {
        "date": "2012-05-31", 
        "operating_revenue": 535814, 
        "accumulated_operating_revenue": 2499622, 
        "long_term_average": 499924, 
        "short_term_average": 521601
    }, 
    {
        "date": "2012-06-30", 
        "operating_revenue": 496765, 
        "accumulated_operating_revenue": 2996387, 
        "long_term_average": 499397, 
        "short_term_average": 510284
    }, 
    {
        "date": "2012-07-31", 
        "operating_revenue": 536329, 
        "accumulated_operating_revenue": 3532716, 
        "long_term_average": 504673, 
        "short_term_average": 522969
    }, 
    {
        "date": "2012-08-31", 
        "operating_revenue": 526812, 
        "accumulated_operating_revenue": 4059528, 
        "long_term_average": 507441, 
        "short_term_average": 519968
    }, 
    {
        "date": "2012-09-30", 
        "operating_revenue": 512885, 
        "accumulated_operating_revenue": 4572413, 
        "long_term_average": 508045, 
        "short_term_average": 525342
    }, 
    {
        "date": "2012-10-31", 
        "operating_revenue": 516296, 
        "accumulated_operating_revenue": 5088709, 
        "long_term_average": 508870, 
        "short_term_average": 518664
    }, 
    {
        "date": "2012-11-30", 
        "operating_revenue": 500751, 
        "accumulated_operating_revenue": 5589460, 
        "long_term_average": 508132, 
        "short_term_average": 509977
    }, 
    {
        "date": "2012-12-31", 
        "operating_revenue": 515027, 
        "accumulated_operating_revenue": 6104487, 
        "long_term_average": 508707, 
        "short_term_average": 510691
    }, 
    {
        "accumulated_operating_revenue_yoy": 11.810911713546307, 
        "accumulated_operating_revenue": 527099, 
        "long_term_average": 513347, 
        "date": "2013-01-31", 
        "operating_revenue": 527099, 
        "short_term_average": 514292
    }, 
    {
        "accumulated_operating_revenue_yoy": 1.9432680406967353, 
        "accumulated_operating_revenue": 952983, 
        "long_term_average": 510221, 
        "date": "2013-02-28", 
        "operating_revenue": 425884, 
        "short_term_average": 489336
    }, 
    {
        "accumulated_operating_revenue_yoy": 1.6385836152555997, 
        "accumulated_operating_revenue": 1489548, 
        "long_term_average": 510708, 
        "date": "2013-03-31", 
        "operating_revenue": 536565, 
        "short_term_average": 496516
    }, 
    {
        "accumulated_operating_revenue_yoy": 1.7675353191350682, 
        "accumulated_operating_revenue": 1998519, 
        "long_term_average": 511599, 
        "date": "2013-04-30", 
        "operating_revenue": 508971, 
        "short_term_average": 490473
    }, 
    {
        "accumulated_operating_revenue_yoy": 0.8926949754802926, 
        "accumulated_operating_revenue": 2521936, 
        "long_term_average": 510566, 
        "date": "2013-05-31", 
        "operating_revenue": 523417, 
        "short_term_average": 522984
    }, 
    {
        "accumulated_operating_revenue_yoy": 1.3723527701862275, 
        "accumulated_operating_revenue": 3037508, 
        "long_term_average": 512134, 
        "date": "2013-06-30", 
        "operating_revenue": 515572, 
        "short_term_average": 515986
    }, 
    {
        "accumulated_operating_revenue_yoy": 1.1160251772290781, 
        "accumulated_operating_revenue": 3572142, 
        "long_term_average": 511992, 
        "date": "2013-07-31", 
        "operating_revenue": 534634, 
        "short_term_average": 524541
    }, 
    {
        "accumulated_operating_revenue_yoy": 0.6015231327385844, 
        "accumulated_operating_revenue": 4083947, 
        "long_term_average": 510742, 
        "date": "2013-08-31", 
        "operating_revenue": 511805, 
        "short_term_average": 520670
    }, 
    {
        "accumulated_operating_revenue_yoy": 0.22965991917178086, 
        "accumulated_operating_revenue": 4582914, 
        "long_term_average": 509582, 
        "date": "2013-09-30", 
        "operating_revenue": 498967, 
        "short_term_average": 515135
    }, 
    {
        "accumulated_operating_revenue_yoy": -0.1420006528178365, 
        "accumulated_operating_revenue": 5081483, 
        "long_term_average": 508105, 
        "date": "2013-10-31", 
        "operating_revenue": 498569, 
        "short_term_average": 503113
    }, 
    {
        "accumulated_operating_revenue_yoy": 0.0607214292615029, 
        "accumulated_operating_revenue": 5592854, 
        "long_term_average": 508990, 
        "date": "2013-11-30", 
        "operating_revenue": 511371, 
        "short_term_average": 502969
    }, 
    {
        "accumulated_operating_revenue_yoy": 0.14477875045028354, 
        "accumulated_operating_revenue": 6113325, 
        "long_term_average": 509443, 
        "date": "2013-12-31", 
        "operating_revenue": 520471, 
        "short_term_average": 510137
    }, 
    {
        "accumulated_operating_revenue_yoy": -2.431421801217608, 
        "accumulated_operating_revenue": 514283, 
        "long_term_average": 508375, 
        "date": "2014-01-31", 
        "operating_revenue": 514283, 
        "short_term_average": 515375
    }, 
    {
        "accumulated_operating_revenue_yoy": -0.6029488458870724, 
        "accumulated_operating_revenue": 947237, 
        "long_term_average": 508964, 
        "date": "2014-02-28", 
        "operating_revenue": 432954, 
        "short_term_average": 489236
    }, 
    {
        "accumulated_operating_revenue_yoy": -1.2047278771815342, 
        "accumulated_operating_revenue": 1471603, 
        "long_term_average": 507948, 
        "date": "2014-03-31", 
        "operating_revenue": 524366, 
        "short_term_average": 490534
    }, 
    {
        "accumulated_operating_revenue_yoy": -0.02882134220390199, 
        "accumulated_operating_revenue": 1997943, 
        "long_term_average": 509395, 
        "date": "2014-04-30", 
        "operating_revenue": 526340, 
        "short_term_average": 494553
    }, 
    {
        "accumulated_operating_revenue_yoy": 1.3983304889576897, 
        "accumulated_operating_revenue": 2557201, 
        "long_term_average": 512382, 
        "date": "2014-05-31", 
        "operating_revenue": 559258, 
        "short_term_average": 536654
    }, 
    {
        "accumulated_operating_revenue_yoy": 2.1887678978952483, 
        "accumulated_operating_revenue": 3103992, 
        "long_term_average": 514984, 
        "date": "2014-06-30", 
        "operating_revenue": 546791, 
        "short_term_average": 544129
    }, 
    {
        "accumulated_operating_revenue_yoy": 3.0459035503067904, 
        "accumulated_operating_revenue": 3680946, 
        "long_term_average": 518510, 
        "date": "2014-07-31", 
        "operating_revenue": 576954, 
        "short_term_average": 561001
    }, 
    {
        "accumulated_operating_revenue_yoy": 4.993453636886081, 
        "accumulated_operating_revenue": 4287877, 
        "long_term_average": 526437, 
        "date": "2014-08-31", 
        "operating_revenue": 606931, 
        "short_term_average": 576892
    }, 
    {
        "accumulated_operating_revenue_yoy": 6.470053769283036, 
        "accumulated_operating_revenue": 4879431, 
        "long_term_average": 534153, 
        "date": "2014-09-30", 
        "operating_revenue": 591554, 
        "short_term_average": 591813
    }, 
    {
        "accumulated_operating_revenue_yoy": 8.141619287125431, 
        "accumulated_operating_revenue": 5495198, 
        "long_term_average": 543920, 
        "date": "2014-10-31", 
        "operating_revenue": 615767, 
        "short_term_average": 604750
    }, 
    {
        "accumulated_operating_revenue_yoy": 9.106102179674277, 
        "accumulated_operating_revenue": 6102145, 
        "long_term_average": 551884, 
        "date": "2014-11-30", 
        "operating_revenue": 606947, 
        "short_term_average": 604756
    }, 
    {
        "accumulated_operating_revenue_yoy": 10.094866541530182, 
        "accumulated_operating_revenue": 6730457, 
        "long_term_average": 560871, 
        "date": "2014-12-31", 
        "operating_revenue": 628312, 
        "short_term_average": 617008
    }, 
    {
        "accumulated_operating_revenue_yoy": 17.06570118008956, 
        "accumulated_operating_revenue": 602049, 
        "long_term_average": 568185, 
        "date": "2015-01-31", 
        "operating_revenue": 602049, 
        "short_term_average": 612436
    }, 
    {
        "accumulated_operating_revenue_yoy": 19.10503918237991, 
        "accumulated_operating_revenue": 1128207, 
        "long_term_average": 575952, 
        "date": "2015-02-28", 
        "operating_revenue": 526158, 
        "short_term_average": 585506
    }, 
    {
        "accumulated_operating_revenue_yoy": 20.004172320931666, 
        "accumulated_operating_revenue": 1765985, 
        "long_term_average": 585403, 
        "date": "2015-03-31", 
        "operating_revenue": 637778, 
        "short_term_average": 588661
    }, 
    {
        "accumulated_operating_revenue_yoy": 19.043486225583013, 
        "accumulated_operating_revenue": 2378421, 
        "long_term_average": 592577, 
        "date": "2015-04-30", 
        "operating_revenue": 612436, 
        "short_term_average": 592124
    }, 
    {
        "accumulated_operating_revenue_yoy": 17.87262714194152, 
        "accumulated_operating_revenue": 3014240, 
        "long_term_average": 598958, 
        "date": "2015-05-31", 
        "operating_revenue": 635819, 
        "short_term_average": 628677
    }, 
    {
        "accumulated_operating_revenue_yoy": 17.078813347457082, 
        "accumulated_operating_revenue": 3634117, 
        "long_term_average": 605048, 
        "date": "2015-06-30", 
        "operating_revenue": 619877, 
        "short_term_average": 622710
    }, 
    {
        "accumulated_operating_revenue_yoy": 16.412329873896546, 
        "accumulated_operating_revenue": 4285075, 
        "long_term_average": 611215, 
        "date": "2015-07-31", 
        "operating_revenue": 650958, 
        "short_term_average": 635551
    }, 
    {
        "accumulated_operating_revenue_yoy": 14.83300477135888, 
        "accumulated_operating_revenue": 4923898, 
        "long_term_average": 613873, 
        "date": "2015-08-31", 
        "operating_revenue": 638823, 
        "short_term_average": 636552
    }, 
    {
        "accumulated_operating_revenue_yoy": 13.35014267032365, 
        "accumulated_operating_revenue": 5530842, 
        "long_term_average": 615155, 
        "date": "2015-09-30", 
        "operating_revenue": 606944, 
        "short_term_average": 632241
    }
]