[
    {
        "date": "2012-01-31", 
        "operating_revenue": 551891, 
        "accumulated_operating_revenue": 551891, 
        "long_term_average": 551891, 
        "short_term_average": 551891
    }, 
    {
        "date": "2012-02-29", 
        "operating_revenue": 540720, 
        "accumulated_operating_revenue": 1092611, 
        "long_term_average": 546305, 
        "short_term_average": 546305
    }, 
    {
        "date": "2012-03-31", 
        "operating_revenue": 631868, 
        "accumulated_operating_revenue": 1724479, 
        "long_term_average": 574826, 
        "short_term_average": 574826
    }, 
    {
        "date": "2012-04-30", 
        "operating_revenue": 590482, 
        "accumulated_operating_revenue": 2314961, 
        "long_term_average": 578740, 
        "short_term_average": 587690
    }, 
    {
        "date": "2012-05-31", 
        "operating_revenue": 634790, 
        "accumulated_operating_revenue": 2949751, 
        "long_term_average": 589950, 
        "short_term_average": 619046
    }, 
    {
        "date": "2012-06-30", 
        "operating_revenue": 579597, 
        "accumulated_operating_revenue": 3529348, 
        "long_term_average": 588224, 
        "short_term_average": 601623
    }, 
    {
        "date": "2012-07-31", 
        "operating_revenue": 658562, 
        "accumulated_operating_revenue": 4187910, 
        "long_term_average": 598272, 
        "short_term_average": 624316
    }, 
    {
        "date": "2012-08-31", 
        "operating_revenue": 667925, 
        "accumulated_operating_revenue": 4855835, 
        "long_term_average": 606979, 
        "short_term_average": 635361
    }, 
    {
        "date": "2012-09-30", 
        "operating_revenue": 636644, 
        "accumulated_operating_revenue": 5492479, 
        "long_term_average": 610275, 
        "short_term_average": 654377
    }, 
    {
        "date": "2012-10-31", 
        "operating_revenue": 644054, 
        "accumulated_operating_revenue": 6136533, 
        "long_term_average": 613653, 
        "short_term_average": 649541
    }, 
    {
        "date": "2012-11-30", 
        "operating_revenue": 650789, 
        "accumulated_operating_revenue": 6787322, 
        "long_term_average": 617029, 
        "short_term_average": 643829
    }, 
    {
        "date": "2012-12-31", 
        "operating_revenue": 651606, 
        "accumulated_operating_revenue": 7438928, 
        "long_term_average": 619910, 
        "short_term_average": 648816
    }, 
    {
        "accumulated_operating_revenue_yoy": 28.56814117280405, 
        "accumulated_operating_revenue": 709556, 
        "long_term_average": 633049, 
        "date": "2013-01-31", 
        "operating_revenue": 709556, 
        "short_term_average": 670650
    }, 
    {
        "accumulated_operating_revenue_yoy": 5.035186356351894, 
        "accumulated_operating_revenue": 1147626, 
        "long_term_average": 624495, 
        "date": "2013-02-28", 
        "operating_revenue": 438070, 
        "short_term_average": 599744
    }, 
    {
        "accumulated_operating_revenue_yoy": 1.3938122760555507, 
        "accumulated_operating_revenue": 1748515, 
        "long_term_average": 621913, 
        "date": "2013-03-31", 
        "operating_revenue": 600889, 
        "short_term_average": 582838
    }, 
    {
        "accumulated_operating_revenue_yoy": 1.0569508514398298, 
        "accumulated_operating_revenue": 2339429, 
        "long_term_average": 621949, 
        "date": "2013-04-30", 
        "operating_revenue": 590914, 
        "short_term_average": 543291
    }, 
    {
        "accumulated_operating_revenue_yoy": 0.7143314808605878, 
        "accumulated_operating_revenue": 2970822, 
        "long_term_average": 621666, 
        "date": "2013-05-31", 
        "operating_revenue": 631393, 
        "short_term_average": 607732
    }, 
    {
        "accumulated_operating_revenue_yoy": 0.8691690363205896, 
        "accumulated_operating_revenue": 3560024, 
        "long_term_average": 622467, 
        "date": "2013-06-30", 
        "operating_revenue": 589202, 
        "short_term_average": 603836
    }, 
    {
        "accumulated_operating_revenue_yoy": 0.9301298260946391, 
        "accumulated_operating_revenue": 4226863, 
        "long_term_average": 623156, 
        "date": "2013-07-31", 
        "operating_revenue": 666839, 
        "short_term_average": 629144
    }, 
    {
        "accumulated_operating_revenue_yoy": 0.7689099814964883, 
        "accumulated_operating_revenue": 4893172, 
        "long_term_average": 623022, 
        "date": "2013-08-31", 
        "operating_revenue": 666309, 
        "short_term_average": 640783
    }, 
    {
        "accumulated_operating_revenue_yoy": 0.7405399274171098, 
        "accumulated_operating_revenue": 5533153, 
        "long_term_average": 623300, 
        "date": "2013-09-30", 
        "operating_revenue": 639981, 
        "short_term_average": 657709
    }, 
    {
        "accumulated_operating_revenue_yoy": 1.032015960803926, 
        "accumulated_operating_revenue": 6199863, 
        "long_term_average": 625188, 
        "date": "2013-10-31", 
        "operating_revenue": 666710, 
        "short_term_average": 657666
    }, 
    {
        "accumulated_operating_revenue_yoy": 0.8465341706198704, 
        "accumulated_operating_revenue": 6844779, 
        "long_term_average": 624698, 
        "date": "2013-11-30", 
        "operating_revenue": 644916, 
        "short_term_average": 650535
    }, 
    {
        "accumulated_operating_revenue_yoy": 1.4626032137963965, 
        "accumulated_operating_revenue": 7547730, 
        "long_term_average": 628977, 
        "date": "2013-12-31", 
        "operating_revenue": 702951, 
        "short_term_average": 671525
    }, 
    {
        "accumulated_operating_revenue_yoy": 1.3302685059389252, 
        "accumulated_operating_revenue": 718995, 
        "long_term_average": 629764, 
        "date": "2014-01-31", 
        "operating_revenue": 718995, 
        "short_term_average": 688954
    }, 
    {
        "accumulated_operating_revenue_yoy": 7.994154890181992, 
        "accumulated_operating_revenue": 1239369, 
        "long_term_average": 636622, 
        "date": "2014-02-28", 
        "operating_revenue": 520374, 
        "short_term_average": 647440
    }, 
    {
        "accumulated_operating_revenue_yoy": 8.124437022273186, 
        "accumulated_operating_revenue": 1890572, 
        "long_term_average": 640815, 
        "date": "2014-03-31", 
        "operating_revenue": 651203, 
        "short_term_average": 630190
    }, 
    {
        "accumulated_operating_revenue_yoy": 9.132484892681077, 
        "accumulated_operating_revenue": 2553077, 
        "long_term_average": 646781, 
        "date": "2014-04-30", 
        "operating_revenue": 662505, 
        "short_term_average": 611360
    }, 
    {
        "accumulated_operating_revenue_yoy": 8.751079667512897, 
        "accumulated_operating_revenue": 3230801, 
        "long_term_average": 650642, 
        "date": "2014-05-31", 
        "operating_revenue": 677724, 
        "short_term_average": 663810
    }, 
    {
        "accumulated_operating_revenue_yoy": 9.446425080280358, 
        "accumulated_operating_revenue": 3896319, 
        "long_term_average": 657002, 
        "date": "2014-06-30", 
        "operating_revenue": 665518, 
        "short_term_average": 668582
    }, 
    {
        "accumulated_operating_revenue_yoy": 9.648242680209886, 
        "accumulated_operating_revenue": 4634681, 
        "long_term_average": 662962, 
        "date": "2014-07-31", 
        "operating_revenue": 738362, 
        "short_term_average": 693868
    }, 
    {
        "accumulated_operating_revenue_yoy": 9.430140612265419, 
        "accumulated_operating_revenue": 5354605, 
        "long_term_average": 667430, 
        "date": "2014-08-31", 
        "operating_revenue": 719924, 
        "short_term_average": 707934
    }, 
    {
        "accumulated_operating_revenue_yoy": 9.29213415931206, 
        "accumulated_operating_revenue": 6047301, 
        "long_term_average": 671823, 
        "date": "2014-09-30", 
        "operating_revenue": 692696, 
        "short_term_average": 716994
    }, 
    {
        "accumulated_operating_revenue_yoy": 9.18265451994665, 
        "accumulated_operating_revenue": 6769175, 
        "long_term_average": 676420, 
        "date": "2014-10-31", 
        "operating_revenue": 721874, 
        "short_term_average": 711498
    }, 
    {
        "accumulated_operating_revenue_yoy": 8.625610848794388, 
        "accumulated_operating_revenue": 7435183, 
        "long_term_average": 678177, 
        "date": "2014-11-30", 
        "operating_revenue": 666008, 
        "short_term_average": 693526
    }, 
    {
        "accumulated_operating_revenue_yoy": 8.746987504852452, 
        "accumulated_operating_revenue": 8207929, 
        "long_term_average": 683994, 
        "date": "2014-12-31", 
        "operating_revenue": 772746, 
        "short_term_average": 720209
    }, 
    {
        "accumulated_operating_revenue_yoy": 4.660254939185947, 
        "accumulated_operating_revenue": 752502, 
        "long_term_average": 686786, 
        "date": "2015-01-31", 
        "operating_revenue": 752502, 
        "short_term_average": 730418
    }, 
    {
        "accumulated_operating_revenue_yoy": 5.916397779837966, 
        "accumulated_operating_revenue": 1312695, 
        "long_term_average": 690104, 
        "date": "2015-02-28", 
        "operating_revenue": 560193, 
        "short_term_average": 695147
    }, 
    {
        "accumulated_operating_revenue_yoy": 6.944617819368953, 
        "accumulated_operating_revenue": 2021865, 
        "long_term_average": 694935, 
        "date": "2015-03-31", 
        "operating_revenue": 709170, 
        "short_term_average": 673955
    }, 
    {
        "accumulated_operating_revenue_yoy": 6.36682716580816, 
        "accumulated_operating_revenue": 2715627, 
        "long_term_average": 697539, 
        "date": "2015-04-30", 
        "operating_revenue": 693762, 
        "short_term_average": 654375
    }, 
    {
        "accumulated_operating_revenue_yoy": 5.366037710152993, 
        "accumulated_operating_revenue": 3404167, 
        "long_term_average": 698441, 
        "date": "2015-05-31", 
        "operating_revenue": 688540, 
        "short_term_average": 697157
    }, 
    {
        "accumulated_operating_revenue_yoy": 7.012824155311718, 
        "accumulated_operating_revenue": 4169561, 
        "long_term_average": 706764, 
        "date": "2015-06-30", 
        "operating_revenue": 765394, 
        "short_term_average": 715898
    }, 
    {
        "accumulated_operating_revenue_yoy": 7.160471238473587, 
        "accumulated_operating_revenue": 4966546, 
        "long_term_average": 711649, 
        "date": "2015-07-31", 
        "operating_revenue": 796985, 
        "short_term_average": 750306
    }, 
    {
        "accumulated_operating_revenue_yoy": 7.010694533023444, 
        "accumulated_operating_revenue": 5730000, 
        "long_term_average": 715277, 
        "date": "2015-08-31", 
        "operating_revenue": 763454, 
        "short_term_average": 775277
    }, 
    {
        "accumulated_operating_revenue_yoy": 7.522529472238938, 
        "accumulated_operating_revenue": 6502211, 
        "long_term_average": 721903, 
        "date": "2015-09-30", 
        "operating_revenue": 772211, 
        "short_term_average": 777550
    }
]