[
    {
        "date": "2012-01-31", 
        "operating_revenue": 9995755, 
        "accumulated_operating_revenue": 9995755, 
        "long_term_average": 9995755, 
        "short_term_average": 9995755
    }, 
    {
        "date": "2012-02-29", 
        "operating_revenue": 7823491, 
        "accumulated_operating_revenue": 17819246, 
        "long_term_average": 8909623, 
        "short_term_average": 8909623
    }, 
    {
        "date": "2012-03-31", 
        "operating_revenue": 8826850, 
        "accumulated_operating_revenue": 26646096, 
        "long_term_average": 8882032, 
        "short_term_average": 8882032
    }, 
    {
        "date": "2012-04-30", 
        "operating_revenue": 10783588, 
        "accumulated_operating_revenue": 37429684, 
        "long_term_average": 9357421, 
        "short_term_average": 9144643
    }, 
    {
        "date": "2012-05-31", 
        "operating_revenue": 11681351, 
        "accumulated_operating_revenue": 49111035, 
        "long_term_average": 9822207, 
        "short_term_average": 10430596
    }, 
    {
        "date": "2012-06-30", 
        "operating_revenue": 12471617, 
        "accumulated_operating_revenue": 61582652, 
        "long_term_average": 10263775, 
        "short_term_average": 11645518
    }, 
    {
        "date": "2012-07-31", 
        "operating_revenue": 12327045, 
        "accumulated_operating_revenue": 73909697, 
        "long_term_average": 10558528, 
        "short_term_average": 12160004
    }, 
    {
        "date": "2012-08-31", 
        "operating_revenue": 12188197, 
        "accumulated_operating_revenue": 86097894, 
        "long_term_average": 10762236, 
        "short_term_average": 12328953
    }, 
    {
        "date": "2012-09-30", 
        "operating_revenue": 12139650, 
        "accumulated_operating_revenue": 98237544, 
        "long_term_average": 10915282, 
        "short_term_average": 12218297
    }, 
    {
        "date": "2012-10-31", 
        "operating_revenue": 10374533, 
        "accumulated_operating_revenue": 108612077, 
        "long_term_average": 10861207, 
        "short_term_average": 11567460
    }, 
    {
        "date": "2012-11-30", 
        "operating_revenue": 11127307, 
        "accumulated_operating_revenue": 119739384, 
        "long_term_average": 10885398, 
        "short_term_average": 11213830
    }, 
    {
        "date": "2012-12-31", 
        "operating_revenue": 12068712, 
        "accumulated_operating_revenue": 131808096, 
        "long_term_average": 10984008, 
        "short_term_average": 11190184
    }, 
    {
        "accumulated_operating_revenue_yoy": 3.2538712683534157, 
        "accumulated_operating_revenue": 10321004, 
        "long_term_average": 11011112, 
        "date": "2013-01-31", 
        "operating_revenue": 10321004, 
        "short_term_average": 11172341
    }, 
    {
        "accumulated_operating_revenue_yoy": 2.5340746740911486, 
        "accumulated_operating_revenue": 18270799, 
        "long_term_average": 11021637, 
        "date": "2013-02-28", 
        "operating_revenue": 7949795, 
        "short_term_average": 10113170
    }, 
    {
        "accumulated_operating_revenue_yoy": 3.067439973195323, 
        "accumulated_operating_revenue": 27463449, 
        "long_term_average": 11052120, 
        "date": "2013-03-31", 
        "operating_revenue": 9192650, 
        "short_term_average": 9154483
    }, 
    {
        "accumulated_operating_revenue_yoy": -2.2800539806854903, 
        "accumulated_operating_revenue": 36576267, 
        "long_term_average": 10912889, 
        "date": "2013-04-30", 
        "operating_revenue": 9112818, 
        "short_term_average": 8751754
    }, 
    {
        "accumulated_operating_revenue_yoy": -5.594526769798275, 
        "accumulated_operating_revenue": 46363505, 
        "long_term_average": 10755047, 
        "date": "2013-05-31", 
        "operating_revenue": 9787238, 
        "short_term_average": 9364235
    }, 
    {
        "accumulated_operating_revenue_yoy": -6.796266260179896, 
        "accumulated_operating_revenue": 57397331, 
        "long_term_average": 10635231, 
        "date": "2013-06-30", 
        "operating_revenue": 11033826, 
        "short_term_average": 9977960
    }, 
    {
        "accumulated_operating_revenue_yoy": -9.183961341364991, 
        "accumulated_operating_revenue": 67121859, 
        "long_term_average": 10418354, 
        "date": "2013-07-31", 
        "operating_revenue": 9724528, 
        "short_term_average": 10181864
    }, 
    {
        "accumulated_operating_revenue_yoy": -8.96479070672739, 
        "accumulated_operating_revenue": 78379398, 
        "long_term_average": 10340800, 
        "date": "2013-08-31", 
        "operating_revenue": 11257539, 
        "short_term_average": 10671964
    }, 
    {
        "accumulated_operating_revenue_yoy": -8.944908068955796, 
        "accumulated_operating_revenue": 89450286, 
        "long_term_average": 10251736, 
        "date": "2013-09-30", 
        "operating_revenue": 11070888, 
        "short_term_average": 10684318
    }, 
    {
        "accumulated_operating_revenue_yoy": -9.425039353588643, 
        "accumulated_operating_revenue": 98375346, 
        "long_term_average": 10130947, 
        "date": "2013-10-31", 
        "operating_revenue": 8925060, 
        "short_term_average": 10417829
    }, 
    {
        "accumulated_operating_revenue_yoy": -9.56056697268461, 
        "accumulated_operating_revenue": 108291620, 
        "long_term_average": 10030027, 
        "date": "2013-11-30", 
        "operating_revenue": 9916274, 
        "short_term_average": 9970740
    }, 
    {
        "accumulated_operating_revenue_yoy": -9.997338858456766, 
        "accumulated_operating_revenue": 118630794, 
        "long_term_average": 9885899, 
        "date": "2013-12-31", 
        "operating_revenue": 10339174, 
        "short_term_average": 9726836
    }, 
    {
        "accumulated_operating_revenue_yoy": 0.03659527697111637, 
        "accumulated_operating_revenue": 10324781, 
        "long_term_average": 9886214, 
        "date": "2014-01-31", 
        "operating_revenue": 10324781, 
        "short_term_average": 10193409
    }, 
    {
        "accumulated_operating_revenue_yoy": 0.1146255289656462, 
        "accumulated_operating_revenue": 18291742, 
        "long_term_average": 9887644, 
        "date": "2014-02-28", 
        "operating_revenue": 7966961, 
        "short_term_average": 9543638
    }, 
    {
        "accumulated_operating_revenue_yoy": 2.832805158594611, 
        "accumulated_operating_revenue": 28241435, 
        "long_term_average": 9950731, 
        "date": "2014-03-31", 
        "operating_revenue": 9949693, 
        "short_term_average": 9413811
    }, 
    {
        "accumulated_operating_revenue_yoy": 5.943698409681885, 
        "accumulated_operating_revenue": 38750250, 
        "long_term_average": 10067064, 
        "date": "2014-04-30", 
        "operating_revenue": 10508815, 
        "short_term_average": 9475156
    }, 
    {
        "accumulated_operating_revenue_yoy": 8.48974856409152, 
        "accumulated_operating_revenue": 50299650, 
        "long_term_average": 10213911, 
        "date": "2014-05-31", 
        "operating_revenue": 11549400, 
        "short_term_average": 10669302
    }, 
    {
        "accumulated_operating_revenue_yoy": 8.937398151840894, 
        "accumulated_operating_revenue": 62527159, 
        "long_term_average": 10313385, 
        "date": "2014-06-30", 
        "operating_revenue": 12227509, 
        "short_term_average": 11428574
    }, 
    {
        "accumulated_operating_revenue_yoy": 11.611156359659228, 
        "accumulated_operating_revenue": 74915483, 
        "long_term_average": 10535368, 
        "date": "2014-07-31", 
        "operating_revenue": 12388324, 
        "short_term_average": 12055077
    }, 
    {
        "accumulated_operating_revenue_yoy": 11.29217272120411, 
        "accumulated_operating_revenue": 87230135, 
        "long_term_average": 10623460, 
        "date": "2014-08-31", 
        "operating_revenue": 12314652, 
        "short_term_average": 12310161
    }, 
    {
        "accumulated_operating_revenue_yoy": 11.613988579086264, 
        "accumulated_operating_revenue": 99839032, 
        "long_term_average": 10751628, 
        "date": "2014-09-30", 
        "operating_revenue": 12608897, 
        "short_term_average": 12437291
    }, 
    {
        "accumulated_operating_revenue_yoy": 13.287126837653004, 
        "accumulated_operating_revenue": 111446603, 
        "long_term_average": 10975170, 
        "date": "2014-10-31", 
        "operating_revenue": 11607571, 
        "short_term_average": 12177040
    }, 
    {
        "accumulated_operating_revenue_yoy": 13.22750181408312, 
        "accumulated_operating_revenue": 122615896, 
        "long_term_average": 11079589, 
        "date": "2014-11-30", 
        "operating_revenue": 11169293, 
        "short_term_average": 11795253
    }, 
    {
        "accumulated_operating_revenue_yoy": 13.713221037701222, 
        "accumulated_operating_revenue": 134898897, 
        "long_term_average": 11241574, 
        "date": "2014-12-31", 
        "operating_revenue": 12283001, 
        "short_term_average": 11686621
    }, 
    {
        "accumulated_operating_revenue_yoy": 13.562156911609069, 
        "accumulated_operating_revenue": 11725044, 
        "long_term_average": 11358263, 
        "date": "2015-01-31", 
        "operating_revenue": 11725044, 
        "short_term_average": 11725779
    }, 
    {
        "accumulated_operating_revenue_yoy": 21.225583654088275, 
        "accumulated_operating_revenue": 22174271, 
        "long_term_average": 11565118, 
        "date": "2015-02-28", 
        "operating_revenue": 10449227, 
        "short_term_average": 11485757
    }, 
    {
        "accumulated_operating_revenue_yoy": 17.39742686587987, 
        "accumulated_operating_revenue": 33154718, 
        "long_term_average": 11651015, 
        "date": "2015-03-31", 
        "operating_revenue": 10980447, 
        "short_term_average": 11051572
    }, 
    {
        "accumulated_operating_revenue_yoy": 12.620726317894723, 
        "accumulated_operating_revenue": 43640813, 
        "long_term_average": 11649121, 
        "date": "2015-04-30", 
        "operating_revenue": 10486095, 
        "short_term_average": 10638589
    }, 
    {
        "accumulated_operating_revenue_yoy": 8.110179693099257, 
        "accumulated_operating_revenue": 54379042, 
        "long_term_average": 11581524, 
        "date": "2015-05-31", 
        "operating_revenue": 10738229, 
        "short_term_average": 10734923
    }, 
    {
        "accumulated_operating_revenue_yoy": 5.147403226812209, 
        "accumulated_operating_revenue": 65745684, 
        "long_term_average": 11509785, 
        "date": "2015-06-30", 
        "operating_revenue": 11366642, 
        "short_term_average": 10863655
    }, 
    {
        "accumulated_operating_revenue_yoy": 1.2124756640760095, 
        "accumulated_operating_revenue": 75823815, 
        "long_term_average": 11317269, 
        "date": "2015-07-31", 
        "operating_revenue": 10078131, 
        "short_term_average": 10727667
    }, 
    {
        "accumulated_operating_revenue_yoy": -0.24063473018813966, 
        "accumulated_operating_revenue": 87020229, 
        "long_term_average": 11224082, 
        "date": "2015-08-31", 
        "operating_revenue": 11196414, 
        "short_term_average": 10880395
    }
]