[
    {
        "date": "2011-09-30", 
        "operating_revenue": 12092347, 
        "accumulated_operating_revenue": 12092347, 
        "long_term_average": 12092347, 
        "short_term_average": 12092347
    }, 
    {
        "date": "2011-10-31", 
        "operating_revenue": 12875123, 
        "accumulated_operating_revenue": 24967470, 
        "long_term_average": 12483735, 
        "short_term_average": 12483735
    }, 
    {
        "date": "2011-11-30", 
        "operating_revenue": 11941356, 
        "accumulated_operating_revenue": 36908826, 
        "long_term_average": 12302942, 
        "short_term_average": 12302942
    }, 
    {
        "date": "2011-12-31", 
        "operating_revenue": 12841857, 
        "accumulated_operating_revenue": 49750683, 
        "long_term_average": 12437670, 
        "short_term_average": 12552778
    }, 
    {
        "date": "2012-01-31", 
        "operating_revenue": 11509626, 
        "accumulated_operating_revenue": 11509626, 
        "long_term_average": 12252061, 
        "short_term_average": 12097613
    }, 
    {
        "date": "2012-02-29", 
        "operating_revenue": 10186733, 
        "accumulated_operating_revenue": 21696359, 
        "long_term_average": 11907840, 
        "short_term_average": 11512738
    }, 
    {
        "date": "2012-03-31", 
        "operating_revenue": 11856913, 
        "accumulated_operating_revenue": 33553272, 
        "long_term_average": 11900565, 
        "short_term_average": 11184424
    }, 
    {
        "date": "2012-04-30", 
        "operating_revenue": 11663017, 
        "accumulated_operating_revenue": 45216289, 
        "long_term_average": 11870871, 
        "short_term_average": 11235554
    }, 
    {
        "date": "2012-05-31", 
        "operating_revenue": 11612379, 
        "accumulated_operating_revenue": 56828668, 
        "long_term_average": 11842150, 
        "short_term_average": 11710769
    }, 
    {
        "date": "2012-06-30", 
        "operating_revenue": 12055806, 
        "accumulated_operating_revenue": 68884474, 
        "long_term_average": 11863515, 
        "short_term_average": 11777067
    }, 
    {
        "date": "2012-07-31", 
        "operating_revenue": 13142173, 
        "accumulated_operating_revenue": 82026647, 
        "long_term_average": 11979757, 
        "short_term_average": 12270119
    }, 
    {
        "date": "2012-08-31", 
        "operating_revenue": 12780608, 
        "accumulated_operating_revenue": 94807255, 
        "long_term_average": 12046494, 
        "short_term_average": 12659529
    }, 
    {
        "accumulated_operating_revenue_yoy": 776.4350791455125, 
        "accumulated_operating_revenue": 105981571, 
        "long_term_average": 11969992, 
        "date": "2012-09-30", 
        "operating_revenue": 11174316, 
        "short_term_average": 12365699
    }, 
    {
        "accumulated_operating_revenue_yoy": 368.70716175888066, 
        "accumulated_operating_revenue": 117024320, 
        "long_term_average": 11817294, 
        "date": "2012-10-31", 
        "operating_revenue": 11042749, 
        "short_term_average": 11665891
    }, 
    {
        "accumulated_operating_revenue_yoy": 247.2990227323947, 
        "accumulated_operating_revenue": 128183992, 
        "long_term_average": 11752154, 
        "date": "2012-11-30", 
        "operating_revenue": 11159672, 
        "short_term_average": 11125579
    }, 
    {
        "accumulated_operating_revenue_yoy": 182.57913564724328, 
        "accumulated_operating_revenue": 140585050, 
        "long_term_average": 11715420, 
        "date": "2012-12-31", 
        "operating_revenue": 12401058, 
        "short_term_average": 11534493
    }, 
    {
        "accumulated_operating_revenue_yoy": -8.211344139244838, 
        "accumulated_operating_revenue": 10564531, 
        "long_term_average": 11636662, 
        "date": "2013-01-31", 
        "operating_revenue": 10564531, 
        "short_term_average": 11375087
    }, 
    {
        "accumulated_operating_revenue_yoy": -1.7397803935674183, 
        "accumulated_operating_revenue": 21318890, 
        "long_term_average": 11683965, 
        "date": "2013-02-28", 
        "operating_revenue": 10754359, 
        "short_term_average": 11239982
    }, 
    {
        "accumulated_operating_revenue_yoy": -1.5825878322686382, 
        "accumulated_operating_revenue": 33022262, 
        "long_term_average": 11671170, 
        "date": "2013-03-31", 
        "operating_revenue": 11703372, 
        "short_term_average": 11007420
    }, 
    {
        "accumulated_operating_revenue_yoy": -1.652563747546819, 
        "accumulated_operating_revenue": 44469061, 
        "long_term_average": 11653151, 
        "date": "2013-04-30", 
        "operating_revenue": 11446799, 
        "short_term_average": 11301510
    }, 
    {
        "accumulated_operating_revenue_yoy": -2.287400084760037, 
        "accumulated_operating_revenue": 55528769, 
        "long_term_average": 11607095, 
        "date": "2013-05-31", 
        "operating_revenue": 11059708, 
        "short_term_average": 11403293
    }, 
    {
        "accumulated_operating_revenue_yoy": -2.413403055091921, 
        "accumulated_operating_revenue": 67222014, 
        "long_term_average": 11576882, 
        "date": "2013-06-30", 
        "operating_revenue": 11693245, 
        "short_term_average": 11399917
    }, 
    {
        "accumulated_operating_revenue_yoy": -2.358108091386449, 
        "accumulated_operating_revenue": 80092370, 
        "long_term_average": 11554231, 
        "date": "2013-07-31", 
        "operating_revenue": 12870356, 
        "short_term_average": 11874436
    }, 
    {
        "accumulated_operating_revenue_yoy": -1.7776624795222689, 
        "accumulated_operating_revenue": 93121902, 
        "long_term_average": 11574974, 
        "date": "2013-08-31", 
        "operating_revenue": 13029532, 
        "short_term_average": 12531044
    }, 
    {
        "accumulated_operating_revenue_yoy": -1.312628211559536, 
        "accumulated_operating_revenue": 104590427, 
        "long_term_average": 11599492, 
        "date": "2013-09-30", 
        "operating_revenue": 11468525, 
        "short_term_average": 12456137
    }, 
    {
        "accumulated_operating_revenue_yoy": -0.5224033773492552, 
        "accumulated_operating_revenue": 116412981, 
        "long_term_average": 11664475, 
        "date": "2013-10-31", 
        "operating_revenue": 11822554, 
        "short_term_average": 12106870
    }, 
    {
        "accumulated_operating_revenue_yoy": 0.06806466130341768, 
        "accumulated_operating_revenue": 128271240, 
        "long_term_average": 11722691, 
        "date": "2013-11-30", 
        "operating_revenue": 11858259, 
        "short_term_average": 11716446
    }, 
    {
        "accumulated_operating_revenue_yoy": -0.23699390511295473, 
        "accumulated_operating_revenue": 140251872, 
        "long_term_average": 11687656, 
        "date": "2013-12-31", 
        "operating_revenue": 11980632, 
        "short_term_average": 11887148
    }, 
    {
        "accumulated_operating_revenue_yoy": 14.010181805515076, 
        "accumulated_operating_revenue": 12044641, 
        "long_term_average": 11810998, 
        "date": "2014-01-31", 
        "operating_revenue": 12044641, 
        "short_term_average": 11961177
    }, 
    {
        "accumulated_operating_revenue_yoy": 6.082488347188807, 
        "accumulated_operating_revenue": 22615609, 
        "long_term_average": 11795715, 
        "date": "2014-02-28", 
        "operating_revenue": 10570968, 
        "short_term_average": 11532080
    }, 
    {
        "accumulated_operating_revenue_yoy": 5.9213629883985535, 
        "accumulated_operating_revenue": 34977630, 
        "long_term_average": 11850603, 
        "date": "2014-03-31", 
        "operating_revenue": 12362021, 
        "short_term_average": 11659210
    }, 
    {
        "accumulated_operating_revenue_yoy": 6.438190813158838, 
        "accumulated_operating_revenue": 47332064, 
        "long_term_average": 11926239, 
        "date": "2014-04-30", 
        "operating_revenue": 12354434, 
        "short_term_average": 11762474
    }, 
    {
        "accumulated_operating_revenue_yoy": 7.573832583971023, 
        "accumulated_operating_revenue": 59734425, 
        "long_term_average": 12038127, 
        "date": "2014-05-31", 
        "operating_revenue": 12402361, 
        "short_term_average": 12372938
    }, 
    {
        "accumulated_operating_revenue_yoy": 7.500227529630397, 
        "accumulated_operating_revenue": 72263818, 
        "long_term_average": 12107806, 
        "date": "2014-06-30", 
        "operating_revenue": 12529393, 
        "short_term_average": 12428729
    }, 
    {
        "accumulated_operating_revenue_yoy": 7.659617264416074, 
        "accumulated_operating_revenue": 86227139, 
        "long_term_average": 12198886, 
        "date": "2014-07-31", 
        "operating_revenue": 13963321, 
        "short_term_average": 12965025
    }, 
    {
        "accumulated_operating_revenue_yoy": 7.312659915387037, 
        "accumulated_operating_revenue": 99931590, 
        "long_term_average": 12255130, 
        "date": "2014-08-31", 
        "operating_revenue": 13704451, 
        "short_term_average": 13399055
    }, 
    {
        "accumulated_operating_revenue_yoy": 6.948877835635951, 
        "accumulated_operating_revenue": 111858288, 
        "long_term_average": 12293311, 
        "date": "2014-09-30", 
        "operating_revenue": 11926698, 
        "short_term_average": 13198156
    }, 
    {
        "accumulated_operating_revenue_yoy": 6.947438275805341, 
        "accumulated_operating_revenue": 124500701, 
        "long_term_average": 12361632, 
        "date": "2014-10-31", 
        "operating_revenue": 12642413, 
        "short_term_average": 12757854
    }, 
    {
        "accumulated_operating_revenue_yoy": 6.693645434471515, 
        "accumulated_operating_revenue": 136857262, 
        "long_term_average": 12403157, 
        "date": "2014-11-30", 
        "operating_revenue": 12356561, 
        "short_term_average": 12308557
    }, 
    {
        "accumulated_operating_revenue_yoy": 6.835937990189536, 
        "accumulated_operating_revenue": 149839403, 
        "long_term_average": 12486616, 
        "date": "2014-12-31", 
        "operating_revenue": 12982141, 
        "short_term_average": 12660371
    }, 
    {
        "accumulated_operating_revenue_yoy": -3.5943703095841544, 
        "accumulated_operating_revenue": 11611712, 
        "long_term_average": 12450539, 
        "date": "2015-01-31", 
        "operating_revenue": 11611712, 
        "short_term_average": 12316804
    }, 
    {
        "accumulated_operating_revenue_yoy": 8.174168557654141, 
        "accumulated_operating_revenue": 24464247, 
        "long_term_average": 12640670, 
        "date": "2015-02-28", 
        "operating_revenue": 12852535, 
        "short_term_average": 12482129
    }, 
    {
        "accumulated_operating_revenue_yoy": 6.243762084509442, 
        "accumulated_operating_revenue": 37161550, 
        "long_term_average": 12668610, 
        "date": "2015-03-31", 
        "operating_revenue": 12697303, 
        "short_term_average": 12387183
    }, 
    {
        "accumulated_operating_revenue_yoy": 4.130952328637095, 
        "accumulated_operating_revenue": 49287329, 
        "long_term_average": 12649555, 
        "date": "2015-04-30", 
        "operating_revenue": 12125779, 
        "short_term_average": 12558539
    }, 
    {
        "accumulated_operating_revenue_yoy": 2.354034545406606, 
        "accumulated_operating_revenue": 61140594, 
        "long_term_average": 12603797, 
        "date": "2015-05-31", 
        "operating_revenue": 11853265, 
        "short_term_average": 12225449
    }, 
    {
        "accumulated_operating_revenue_yoy": 0.7134137307829487, 
        "accumulated_operating_revenue": 72779358, 
        "long_term_average": 12529578, 
        "date": "2015-06-30", 
        "operating_revenue": 11638764, 
        "short_term_average": 11872602
    }, 
    {
        "accumulated_operating_revenue_yoy": -0.3065879293524977, 
        "accumulated_operating_revenue": 85962777, 
        "long_term_average": 12464586, 
        "date": "2015-07-31", 
        "operating_revenue": 13183419, 
        "short_term_average": 12225149
    }, 
    {
        "accumulated_operating_revenue_yoy": -1.1691748325029152, 
        "accumulated_operating_revenue": 98763215, 
        "long_term_average": 12389252, 
        "date": "2015-08-31", 
        "operating_revenue": 12800438, 
        "short_term_average": 12540873
    }, 
    {
        "accumulated_operating_revenue_yoy": -1.8069783081250088, 
        "accumulated_operating_revenue": 109837033, 
        "long_term_average": 12318179, 
        "date": "2015-09-30", 
        "operating_revenue": 11073818, 
        "short_term_average": 12352558
    }
]