[
    {
        "date": "2012-01-31", 
        "operating_revenue": 108994, 
        "accumulated_operating_revenue": 108994, 
        "long_term_average": 108994, 
        "short_term_average": 108994
    }, 
    {
        "date": "2012-02-29", 
        "operating_revenue": 114442, 
        "accumulated_operating_revenue": 223436, 
        "long_term_average": 111718, 
        "short_term_average": 111718
    }, 
    {
        "date": "2012-03-31", 
        "operating_revenue": 129757, 
        "accumulated_operating_revenue": 353193, 
        "long_term_average": 117731, 
        "short_term_average": 117731
    }, 
    {
        "date": "2012-04-30", 
        "operating_revenue": 2528361, 
        "accumulated_operating_revenue": 2881554, 
        "long_term_average": 720388, 
        "short_term_average": 924186
    }, 
    {
        "date": "2012-05-31", 
        "operating_revenue": 126168, 
        "accumulated_operating_revenue": 3007722, 
        "long_term_average": 601544, 
        "short_term_average": 928095
    }, 
    {
        "date": "2012-06-30", 
        "operating_revenue": 116229, 
        "accumulated_operating_revenue": 3123951, 
        "long_term_average": 520658, 
        "short_term_average": 923586
    }, 
    {
        "date": "2012-07-31", 
        "operating_revenue": 114697, 
        "accumulated_operating_revenue": 3238648, 
        "long_term_average": 462664, 
        "short_term_average": 119031
    }, 
    {
        "date": "2012-08-31", 
        "operating_revenue": 115766, 
        "accumulated_operating_revenue": 3354414, 
        "long_term_average": 419301, 
        "short_term_average": 115564
    }, 
    {
        "date": "2012-09-30", 
        "operating_revenue": 121826, 
        "accumulated_operating_revenue": 3476240, 
        "long_term_average": 386248, 
        "short_term_average": 117429
    }, 
    {
        "date": "2012-10-31", 
        "operating_revenue": 116191, 
        "accumulated_operating_revenue": 3592431, 
        "long_term_average": 359243, 
        "short_term_average": 117927
    }, 
    {
        "date": "2012-11-30", 
        "operating_revenue": 116889, 
        "accumulated_operating_revenue": 3709320, 
        "long_term_average": 337210, 
        "short_term_average": 118302
    }, 
    {
        "date": "2012-12-31", 
        "operating_revenue": 114083, 
        "accumulated_operating_revenue": 3823403, 
        "long_term_average": 318616, 
        "short_term_average": 115721
    }, 
    {
        "accumulated_operating_revenue_yoy": -6.0195974090316895, 
        "accumulated_operating_revenue": 102433, 
        "long_term_average": 318070, 
        "date": "2013-01-31", 
        "operating_revenue": 102433, 
        "short_term_average": 111135
    }, 
    {
        "accumulated_operating_revenue_yoy": -4.95309618861777, 
        "accumulated_operating_revenue": 212369, 
        "long_term_average": 317694, 
        "date": "2013-02-28", 
        "operating_revenue": 109936, 
        "short_term_average": 108817
    }, 
    {
        "accumulated_operating_revenue_yoy": -4.149855744592899, 
        "accumulated_operating_revenue": 338536, 
        "long_term_average": 317395, 
        "date": "2013-03-31", 
        "operating_revenue": 126167, 
        "short_term_average": 112845
    }, 
    {
        "accumulated_operating_revenue_yoy": -83.62272579309636, 
        "accumulated_operating_revenue": 471920, 
        "long_term_average": 117814, 
        "date": "2013-04-30", 
        "operating_revenue": 133384, 
        "short_term_average": 123162
    }, 
    {
        "accumulated_operating_revenue_yoy": -80.34339609844261, 
        "accumulated_operating_revenue": 591216, 
        "long_term_average": 117241, 
        "date": "2013-05-31", 
        "operating_revenue": 119296, 
        "short_term_average": 126282
    }, 
    {
        "accumulated_operating_revenue_yoy": -75.4718303840233, 
        "accumulated_operating_revenue": 766248, 
        "long_term_average": 122141, 
        "date": "2013-06-30", 
        "operating_revenue": 175032, 
        "short_term_average": 142570
    }, 
    {
        "accumulated_operating_revenue_yoy": -72.59773214007821, 
        "accumulated_operating_revenue": 887463, 
        "long_term_average": 122684, 
        "date": "2013-07-31", 
        "operating_revenue": 121215, 
        "short_term_average": 138514
    }, 
    {
        "accumulated_operating_revenue_yoy": -69.97833302627524, 
        "accumulated_operating_revenue": 1007051, 
        "long_term_average": 123003, 
        "date": "2013-08-31", 
        "operating_revenue": 119588, 
        "short_term_average": 138611
    }, 
    {
        "accumulated_operating_revenue_yoy": -66.27410650587991, 
        "accumulated_operating_revenue": 1172393, 
        "long_term_average": 126629, 
        "date": "2013-09-30", 
        "operating_revenue": 165342, 
        "short_term_average": 135381
    }, 
    {
        "accumulated_operating_revenue_yoy": -62.66795381734541, 
        "accumulated_operating_revenue": 1341128, 
        "long_term_average": 131008, 
        "date": "2013-10-31", 
        "operating_revenue": 168735, 
        "short_term_average": 151221
    }, 
    {
        "accumulated_operating_revenue_yoy": -60.650280914021984, 
        "accumulated_operating_revenue": 1459607, 
        "long_term_average": 131140, 
        "date": "2013-11-30", 
        "operating_revenue": 118479, 
        "short_term_average": 150852
    }, 
    {
        "accumulated_operating_revenue_yoy": -58.66051786850615, 
        "accumulated_operating_revenue": 1580575, 
        "long_term_average": 131714, 
        "date": "2013-12-31", 
        "operating_revenue": 120968, 
        "short_term_average": 136060
    }, 
    {
        "accumulated_operating_revenue_yoy": 11.425029043374693, 
        "accumulated_operating_revenue": 114136, 
        "long_term_average": 132689, 
        "date": "2014-01-31", 
        "operating_revenue": 114136, 
        "short_term_average": 117861
    }, 
    {
        "accumulated_operating_revenue_yoy": -0.3583385522369084, 
        "accumulated_operating_revenue": 211608, 
        "long_term_average": 131651, 
        "date": "2014-02-28", 
        "operating_revenue": 97472, 
        "short_term_average": 110858
    }, 
    {
        "accumulated_operating_revenue_yoy": -1.6739726351111848, 
        "accumulated_operating_revenue": 332869, 
        "long_term_average": 131242, 
        "date": "2014-03-31", 
        "operating_revenue": 121261, 
        "short_term_average": 110956
    }, 
    {
        "accumulated_operating_revenue_yoy": -5.04916087472453, 
        "accumulated_operating_revenue": 448092, 
        "long_term_average": 129728, 
        "date": "2014-04-30", 
        "operating_revenue": 115223, 
        "short_term_average": 111318
    }, 
    {
        "accumulated_operating_revenue_yoy": -4.5744702443776895, 
        "accumulated_operating_revenue": 564171, 
        "long_term_average": 129460, 
        "date": "2014-05-31", 
        "operating_revenue": 116079, 
        "short_term_average": 117521
    }, 
    {
        "accumulated_operating_revenue_yoy": -10.503779455215543, 
        "accumulated_operating_revenue": 685763, 
        "long_term_average": 125007, 
        "date": "2014-06-30", 
        "operating_revenue": 121592, 
        "short_term_average": 117631
    }, 
    {
        "accumulated_operating_revenue_yoy": -8.677770228167258, 
        "accumulated_operating_revenue": 810451, 
        "long_term_average": 125296, 
        "date": "2014-07-31", 
        "operating_revenue": 124688, 
        "short_term_average": 120786
    }, 
    {
        "accumulated_operating_revenue_yoy": -6.948903282951906, 
        "accumulated_operating_revenue": 937072, 
        "long_term_average": 125883, 
        "date": "2014-08-31", 
        "operating_revenue": 126621, 
        "short_term_average": 124300
    }, 
    {
        "accumulated_operating_revenue_yoy": -7.48562981867002, 
        "accumulated_operating_revenue": 1084632, 
        "long_term_average": 124401, 
        "date": "2014-09-30", 
        "operating_revenue": 147560, 
        "short_term_average": 132956
    }, 
    {
        "accumulated_operating_revenue_yoy": -10.390432531421311, 
        "accumulated_operating_revenue": 1201779, 
        "long_term_average": 120102, 
        "date": "2014-10-31", 
        "operating_revenue": 117147, 
        "short_term_average": 130442
    }, 
    {
        "accumulated_operating_revenue_yoy": -10.547154131214773, 
        "accumulated_operating_revenue": 1305660, 
        "long_term_average": 118885, 
        "date": "2014-11-30", 
        "operating_revenue": 103881, 
        "short_term_average": 122862
    }, 
    {
        "accumulated_operating_revenue_yoy": -9.60030368694937, 
        "accumulated_operating_revenue": 1428835, 
        "long_term_average": 119069, 
        "date": "2014-12-31", 
        "operating_revenue": 123175, 
        "short_term_average": 114734
    }, 
    {
        "accumulated_operating_revenue_yoy": 26.058386486297046, 
        "accumulated_operating_revenue": 143878, 
        "long_term_average": 121548, 
        "date": "2015-01-31", 
        "operating_revenue": 143878, 
        "short_term_average": 123644
    }, 
    {
        "accumulated_operating_revenue_yoy": 20.272390457827683, 
        "accumulated_operating_revenue": 254506, 
        "long_term_average": 122644, 
        "date": "2015-02-28", 
        "operating_revenue": 110628, 
        "short_term_average": 125893
    }, 
    {
        "accumulated_operating_revenue_yoy": 10.253883659938294, 
        "accumulated_operating_revenue": 367001, 
        "long_term_average": 121913, 
        "date": "2015-03-31", 
        "operating_revenue": 112495, 
        "short_term_average": 122333
    }, 
    {
        "accumulated_operating_revenue_yoy": 5.784526391901663, 
        "accumulated_operating_revenue": 474012, 
        "long_term_average": 121229, 
        "date": "2015-04-30", 
        "operating_revenue": 107011, 
        "short_term_average": 110044
    }, 
    {
        "accumulated_operating_revenue_yoy": 3.976631198696849, 
        "accumulated_operating_revenue": 586606, 
        "long_term_average": 120939, 
        "date": "2015-05-31", 
        "operating_revenue": 112594, 
        "short_term_average": 110700
    }, 
    {
        "accumulated_operating_revenue_yoy": 1.290095849440696, 
        "accumulated_operating_revenue": 694610, 
        "long_term_average": 119806, 
        "date": "2015-06-30", 
        "operating_revenue": 108004, 
        "short_term_average": 109203
    }, 
    {
        "accumulated_operating_revenue_yoy": -0.4076742455743777, 
        "accumulated_operating_revenue": 807147, 
        "long_term_average": 118794, 
        "date": "2015-07-31", 
        "operating_revenue": 112537, 
        "short_term_average": 111045
    }, 
    {
        "accumulated_operating_revenue_yoy": -1.8519388051291683, 
        "accumulated_operating_revenue": 919718, 
        "long_term_average": 117623, 
        "date": "2015-08-31", 
        "operating_revenue": 112571, 
        "short_term_average": 111037
    }, 
    {
        "accumulated_operating_revenue_yoy": -5.408009352480842, 
        "accumulated_operating_revenue": 1025975, 
        "long_term_average": 114181, 
        "date": "2015-09-30", 
        "operating_revenue": 106257, 
        "short_term_average": 110455
    }
]