[
    {
        "date": "2011-09-30", 
        "operating_revenue": 289341, 
        "accumulated_operating_revenue": 289341, 
        "long_term_average": 289341, 
        "short_term_average": 289341
    }, 
    {
        "date": "2011-10-31", 
        "operating_revenue": 295066, 
        "accumulated_operating_revenue": 584407, 
        "long_term_average": 292203, 
        "short_term_average": 292203
    }, 
    {
        "date": "2011-11-30", 
        "operating_revenue": 299733, 
        "accumulated_operating_revenue": 884140, 
        "long_term_average": 294713, 
        "short_term_average": 294713
    }, 
    {
        "date": "2011-12-31", 
        "operating_revenue": 307479, 
        "accumulated_operating_revenue": 1191619, 
        "long_term_average": 297904, 
        "short_term_average": 300759
    }, 
    {
        "date": "2012-01-31", 
        "operating_revenue": 290540, 
        "accumulated_operating_revenue": 290540, 
        "long_term_average": 296431, 
        "short_term_average": 299250
    }, 
    {
        "date": "2012-02-29", 
        "operating_revenue": 277618, 
        "accumulated_operating_revenue": 568158, 
        "long_term_average": 293296, 
        "short_term_average": 291879
    }, 
    {
        "date": "2012-03-31", 
        "operating_revenue": 314889, 
        "accumulated_operating_revenue": 883047, 
        "long_term_average": 296380, 
        "short_term_average": 294349
    }, 
    {
        "date": "2012-04-30", 
        "operating_revenue": 293050, 
        "accumulated_operating_revenue": 1176097, 
        "long_term_average": 295964, 
        "short_term_average": 295185
    }, 
    {
        "date": "2012-05-31", 
        "operating_revenue": 297281, 
        "accumulated_operating_revenue": 1473378, 
        "long_term_average": 296110, 
        "short_term_average": 301740
    }, 
    {
        "date": "2012-06-30", 
        "operating_revenue": 291160, 
        "accumulated_operating_revenue": 1764538, 
        "long_term_average": 295615, 
        "short_term_average": 293830
    }, 
    {
        "date": "2012-07-31", 
        "operating_revenue": 324206, 
        "accumulated_operating_revenue": 2088744, 
        "long_term_average": 298214, 
        "short_term_average": 304215
    }, 
    {
        "date": "2012-08-31", 
        "operating_revenue": 353998, 
        "accumulated_operating_revenue": 2442742, 
        "long_term_average": 302863, 
        "short_term_average": 323121
    }, 
    {
        "accumulated_operating_revenue_yoy": 847.9268406482317, 
        "accumulated_operating_revenue": 2742741, 
        "long_term_average": 303751, 
        "date": "2012-09-30", 
        "operating_revenue": 299999, 
        "short_term_average": 326067
    }, 
    {
        "accumulated_operating_revenue_yoy": 421.3207576226842, 
        "accumulated_operating_revenue": 3046635, 
        "long_term_average": 304487, 
        "date": "2012-10-31", 
        "operating_revenue": 303894, 
        "short_term_average": 319297
    }, 
    {
        "accumulated_operating_revenue_yoy": 277.03678150519147, 
        "accumulated_operating_revenue": 3333533, 
        "long_term_average": 303417, 
        "date": "2012-11-30", 
        "operating_revenue": 286898, 
        "short_term_average": 296930
    }, 
    {
        "accumulated_operating_revenue_yoy": 204.4281771270851, 
        "accumulated_operating_revenue": 3627624, 
        "long_term_average": 302302, 
        "date": "2012-12-31", 
        "operating_revenue": 294091, 
        "short_term_average": 294961
    }, 
    {
        "accumulated_operating_revenue_yoy": 0.5496661389137468, 
        "accumulated_operating_revenue": 292137, 
        "long_term_average": 302435, 
        "date": "2013-01-31", 
        "operating_revenue": 292137, 
        "short_term_average": 291042
    }, 
    {
        "accumulated_operating_revenue_yoy": -9.494366003822881, 
        "accumulated_operating_revenue": 514215, 
        "long_term_average": 297806, 
        "date": "2013-02-28", 
        "operating_revenue": 222078, 
        "short_term_average": 269435
    }, 
    {
        "accumulated_operating_revenue_yoy": -11.809337441834918, 
        "accumulated_operating_revenue": 778765, 
        "long_term_average": 293611, 
        "date": "2013-03-31", 
        "operating_revenue": 264550, 
        "short_term_average": 259588
    }, 
    {
        "accumulated_operating_revenue_yoy": -10.29243336221417, 
        "accumulated_operating_revenue": 1055048, 
        "long_term_average": 292214, 
        "date": "2013-04-30", 
        "operating_revenue": 276283, 
        "short_term_average": 254303
    }, 
    {
        "accumulated_operating_revenue_yoy": -8.62256664616955, 
        "accumulated_operating_revenue": 1346335, 
        "long_term_average": 291715, 
        "date": "2013-05-31", 
        "operating_revenue": 291287, 
        "short_term_average": 277373
    }, 
    {
        "accumulated_operating_revenue_yoy": -7.4527156683505815, 
        "accumulated_operating_revenue": 1633032, 
        "long_term_average": 291343, 
        "date": "2013-06-30", 
        "operating_revenue": 286697, 
        "short_term_average": 284755
    }, 
    {
        "accumulated_operating_revenue_yoy": -8.115163945414086, 
        "accumulated_operating_revenue": 1919239, 
        "long_term_average": 288176, 
        "date": "2013-07-31", 
        "operating_revenue": 286207, 
        "short_term_average": 288063
    }, 
    {
        "accumulated_operating_revenue_yoy": -10.036385340735944, 
        "accumulated_operating_revenue": 2197579, 
        "long_term_average": 281871, 
        "date": "2013-08-31", 
        "operating_revenue": 278340, 
        "short_term_average": 283748
    }, 
    {
        "accumulated_operating_revenue_yoy": -9.986141600683403, 
        "accumulated_operating_revenue": 2468847, 
        "long_term_average": 279477, 
        "date": "2013-09-30", 
        "operating_revenue": 271268, 
        "short_term_average": 278605
    }, 
    {
        "accumulated_operating_revenue_yoy": -9.406410679323253, 
        "accumulated_operating_revenue": 2760056, 
        "long_term_average": 278420, 
        "date": "2013-10-31", 
        "operating_revenue": 291209, 
        "short_term_average": 280272
    }, 
    {
        "accumulated_operating_revenue_yoy": -8.862249151275838, 
        "accumulated_operating_revenue": 3038107, 
        "long_term_average": 277683, 
        "date": "2013-11-30", 
        "operating_revenue": 278051, 
        "short_term_average": 280176
    }, 
    {
        "accumulated_operating_revenue_yoy": -8.043556884616487, 
        "accumulated_operating_revenue": 3335834, 
        "long_term_average": 277986, 
        "date": "2013-12-31", 
        "operating_revenue": 297727, 
        "short_term_average": 288995
    }, 
    {
        "accumulated_operating_revenue_yoy": -1.1802681618555677, 
        "accumulated_operating_revenue": 288689, 
        "long_term_average": 277698, 
        "date": "2014-01-31", 
        "operating_revenue": 288689, 
        "short_term_average": 288155
    }, 
    {
        "accumulated_operating_revenue_yoy": 6.119230283052809, 
        "accumulated_operating_revenue": 545681, 
        "long_term_average": 280608, 
        "date": "2014-02-28", 
        "operating_revenue": 256992, 
        "short_term_average": 281136
    }, 
    {
        "accumulated_operating_revenue_yoy": 8.895237972944342, 
        "accumulated_operating_revenue": 848038, 
        "long_term_average": 283758, 
        "date": "2014-03-31", 
        "operating_revenue": 302357, 
        "short_term_average": 282679
    }, 
    {
        "accumulated_operating_revenue_yoy": 8.3921300263116, 
        "accumulated_operating_revenue": 1143589, 
        "long_term_average": 285364, 
        "date": "2014-04-30", 
        "operating_revenue": 295551, 
        "short_term_average": 284966
    }, 
    {
        "accumulated_operating_revenue_yoy": 7.117173660344565, 
        "accumulated_operating_revenue": 1442156, 
        "long_term_average": 285971, 
        "date": "2014-05-31", 
        "operating_revenue": 298567, 
        "short_term_average": 298825
    }, 
    {
        "accumulated_operating_revenue_yoy": 5.915683219924656, 
        "accumulated_operating_revenue": 1729637, 
        "long_term_average": 286036, 
        "date": "2014-06-30", 
        "operating_revenue": 287481, 
        "short_term_average": 293866
    }, 
    {
        "accumulated_operating_revenue_yoy": 4.804404245641111, 
        "accumulated_operating_revenue": 2011447, 
        "long_term_average": 285670, 
        "date": "2014-07-31", 
        "operating_revenue": 281810, 
        "short_term_average": 289286
    }, 
    {
        "accumulated_operating_revenue_yoy": 5.044187262437437, 
        "accumulated_operating_revenue": 2308429, 
        "long_term_average": 287223, 
        "date": "2014-08-31", 
        "operating_revenue": 296982, 
        "short_term_average": 288757
    }, 
    {
        "accumulated_operating_revenue_yoy": 5.207370080041412, 
        "accumulated_operating_revenue": 2597409, 
        "long_term_average": 288699, 
        "date": "2014-09-30", 
        "operating_revenue": 288980, 
        "short_term_average": 289257
    }, 
    {
        "accumulated_operating_revenue_yoy": 5.007470862910028, 
        "accumulated_operating_revenue": 2898265, 
        "long_term_average": 289503, 
        "date": "2014-10-31", 
        "operating_revenue": 300856, 
        "short_term_average": 295606
    }, 
    {
        "accumulated_operating_revenue_yoy": 4.909965317218913, 
        "accumulated_operating_revenue": 3187277, 
        "long_term_average": 290417, 
        "date": "2014-11-30", 
        "operating_revenue": 289012, 
        "short_term_average": 292949
    }, 
    {
        "accumulated_operating_revenue_yoy": 4.863911093897358, 
        "accumulated_operating_revenue": 3498086, 
        "long_term_average": 291507, 
        "date": "2014-12-31", 
        "operating_revenue": 310809, 
        "short_term_average": 300225
    }, 
    {
        "accumulated_operating_revenue_yoy": 1.7915473052315813, 
        "accumulated_operating_revenue": 293861, 
        "long_term_average": 291938, 
        "date": "2015-01-31", 
        "operating_revenue": 293861, 
        "short_term_average": 297894
    }, 
    {
        "accumulated_operating_revenue_yoy": -0.2272389912787874, 
        "accumulated_operating_revenue": 544441, 
        "long_term_average": 291403, 
        "date": "2015-02-28", 
        "operating_revenue": 250580, 
        "short_term_average": 285083
    }, 
    {
        "accumulated_operating_revenue_yoy": -0.9243689551647449, 
        "accumulated_operating_revenue": 840199, 
        "long_term_average": 290853, 
        "date": "2015-03-31", 
        "operating_revenue": 295758, 
        "short_term_average": 280066
    }, 
    {
        "accumulated_operating_revenue_yoy": -2.7857910490569604, 
        "accumulated_operating_revenue": 1111731, 
        "long_term_average": 288852, 
        "date": "2015-04-30", 
        "operating_revenue": 271532, 
        "short_term_average": 272623
    }, 
    {
        "accumulated_operating_revenue_yoy": -3.1278169629360484, 
        "accumulated_operating_revenue": 1397048, 
        "long_term_average": 287748, 
        "date": "2015-05-31", 
        "operating_revenue": 285317, 
        "short_term_average": 284202
    }, 
    {
        "accumulated_operating_revenue_yoy": -3.325264202835624, 
        "accumulated_operating_revenue": 1672122, 
        "long_term_average": 286714, 
        "date": "2015-06-30", 
        "operating_revenue": 275074, 
        "short_term_average": 277307
    }, 
    {
        "accumulated_operating_revenue_yoy": -2.858738012982694, 
        "accumulated_operating_revenue": 1953945, 
        "long_term_average": 286715, 
        "date": "2015-07-31", 
        "operating_revenue": 281823, 
        "short_term_average": 280738
    }, 
    {
        "accumulated_operating_revenue_yoy": -3.0533752608375653, 
        "accumulated_operating_revenue": 2237944, 
        "long_term_average": 285633, 
        "date": "2015-08-31", 
        "operating_revenue": 283999, 
        "short_term_average": 280298
    }, 
    {
        "accumulated_operating_revenue_yoy": -3.0961623679597627, 
        "accumulated_operating_revenue": 2516989, 
        "long_term_average": 284805, 
        "date": "2015-09-30", 
        "operating_revenue": 279045, 
        "short_term_average": 281622
    }
]