[
    {
        "date": "2012-01-31", 
        "operating_revenue": 183303, 
        "accumulated_operating_revenue": 183303, 
        "long_term_average": 183303, 
        "short_term_average": 183303
    }, 
    {
        "date": "2012-02-29", 
        "operating_revenue": 183398, 
        "accumulated_operating_revenue": 366701, 
        "long_term_average": 183350, 
        "short_term_average": 183350
    }, 
    {
        "date": "2012-03-31", 
        "operating_revenue": 205704, 
        "accumulated_operating_revenue": 572405, 
        "long_term_average": 190801, 
        "short_term_average": 190801
    }, 
    {
        "date": "2012-04-30", 
        "operating_revenue": 205574, 
        "accumulated_operating_revenue": 777979, 
        "long_term_average": 194494, 
        "short_term_average": 198225
    }, 
    {
        "date": "2012-05-31", 
        "operating_revenue": 211528, 
        "accumulated_operating_revenue": 989507, 
        "long_term_average": 197901, 
        "short_term_average": 207602
    }, 
    {
        "date": "2012-06-30", 
        "operating_revenue": 207352, 
        "accumulated_operating_revenue": 1196859, 
        "long_term_average": 199476, 
        "short_term_average": 208151
    }, 
    {
        "date": "2012-07-31", 
        "operating_revenue": 216706, 
        "accumulated_operating_revenue": 1413565, 
        "long_term_average": 201937, 
        "short_term_average": 211862
    }, 
    {
        "date": "2012-08-31", 
        "operating_revenue": 205636, 
        "accumulated_operating_revenue": 1619201, 
        "long_term_average": 202400, 
        "short_term_average": 209898
    }, 
    {
        "date": "2012-09-30", 
        "operating_revenue": 216880, 
        "accumulated_operating_revenue": 1836081, 
        "long_term_average": 204009, 
        "short_term_average": 213074
    }, 
    {
        "date": "2012-10-31", 
        "operating_revenue": 215567, 
        "accumulated_operating_revenue": 2051648, 
        "long_term_average": 205164, 
        "short_term_average": 212694
    }, 
    {
        "date": "2012-11-30", 
        "operating_revenue": 206204, 
        "accumulated_operating_revenue": 2257852, 
        "long_term_average": 205259, 
        "short_term_average": 212883
    }, 
    {
        "date": "2012-12-31", 
        "operating_revenue": 211970, 
        "accumulated_operating_revenue": 2469822, 
        "long_term_average": 205818, 
        "short_term_average": 211247
    }, 
    {
        "accumulated_operating_revenue_yoy": 21.016022651020442, 
        "accumulated_operating_revenue": 221826, 
        "long_term_average": 209028, 
        "date": "2013-01-31", 
        "operating_revenue": 221826, 
        "short_term_average": 213333
    }, 
    {
        "accumulated_operating_revenue_yoy": 4.682016138488851, 
        "accumulated_operating_revenue": 383870, 
        "long_term_average": 207249, 
        "date": "2013-02-28", 
        "operating_revenue": 162044, 
        "short_term_average": 198613
    }, 
    {
        "accumulated_operating_revenue_yoy": 6.28785562669788, 
        "accumulated_operating_revenue": 608397, 
        "long_term_average": 208817, 
        "date": "2013-03-31", 
        "operating_revenue": 224527, 
        "short_term_average": 202799
    }, 
    {
        "accumulated_operating_revenue_yoy": 5.179445717686467, 
        "accumulated_operating_revenue": 818274, 
        "long_term_average": 209176, 
        "date": "2013-04-30", 
        "operating_revenue": 209877, 
        "short_term_average": 198816
    }, 
    {
        "accumulated_operating_revenue_yoy": 4.917600380795689, 
        "accumulated_operating_revenue": 1038167, 
        "long_term_average": 209873, 
        "date": "2013-05-31", 
        "operating_revenue": 219893, 
        "short_term_average": 218099
    }, 
    {
        "accumulated_operating_revenue_yoy": 4.568374386623654, 
        "accumulated_operating_revenue": 1251536, 
        "long_term_average": 210374, 
        "date": "2013-06-30", 
        "operating_revenue": 213369, 
        "short_term_average": 214379
    }, 
    {
        "accumulated_operating_revenue_yoy": 3.6453222879740235, 
        "accumulated_operating_revenue": 1465094, 
        "long_term_average": 210112, 
        "date": "2013-07-31", 
        "operating_revenue": 213558, 
        "short_term_average": 215606
    }, 
    {
        "accumulated_operating_revenue_yoy": 3.427307665941412, 
        "accumulated_operating_revenue": 1674696, 
        "long_term_average": 210443, 
        "date": "2013-08-31", 
        "operating_revenue": 209602, 
        "short_term_average": 212176
    }, 
    {
        "accumulated_operating_revenue_yoy": 2.730108312214984, 
        "accumulated_operating_revenue": 1886208, 
        "long_term_average": 209995, 
        "date": "2013-09-30", 
        "operating_revenue": 211512, 
        "short_term_average": 211557
    }, 
    {
        "accumulated_operating_revenue_yoy": 2.248582602863649, 
        "accumulated_operating_revenue": 2097781, 
        "long_term_average": 209662, 
        "date": "2013-10-31", 
        "operating_revenue": 211573, 
        "short_term_average": 210895
    }, 
    {
        "accumulated_operating_revenue_yoy": 2.0521274202206343, 
        "accumulated_operating_revenue": 2304186, 
        "long_term_average": 209679, 
        "date": "2013-11-30", 
        "operating_revenue": 206405, 
        "short_term_average": 209830
    }, 
    {
        "accumulated_operating_revenue_yoy": 2.7154183580841047, 
        "accumulated_operating_revenue": 2536888, 
        "long_term_average": 211407, 
        "date": "2013-12-31", 
        "operating_revenue": 232702, 
        "short_term_average": 216893
    }, 
    {
        "accumulated_operating_revenue_yoy": -4.57791241784101, 
        "accumulated_operating_revenue": 211671, 
        "long_term_average": 210561, 
        "date": "2014-01-31", 
        "operating_revenue": 211671, 
        "short_term_average": 216926
    }, 
    {
        "accumulated_operating_revenue_yoy": 5.801964206632454, 
        "accumulated_operating_revenue": 406142, 
        "long_term_average": 213263, 
        "date": "2014-02-28", 
        "operating_revenue": 194471, 
        "short_term_average": 212948
    }, 
    {
        "accumulated_operating_revenue_yoy": 2.349945841284556, 
        "accumulated_operating_revenue": 622694, 
        "long_term_average": 212598, 
        "date": "2014-03-31", 
        "operating_revenue": 216552, 
        "short_term_average": 207564
    }, 
    {
        "accumulated_operating_revenue_yoy": 1.7547911824156701, 
        "accumulated_operating_revenue": 832633, 
        "long_term_average": 212603, 
        "date": "2014-04-30", 
        "operating_revenue": 209939, 
        "short_term_average": 206987
    }, 
    {
        "accumulated_operating_revenue_yoy": 3.1752116952282243, 
        "accumulated_operating_revenue": 1071131, 
        "long_term_average": 214154, 
        "date": "2014-05-31", 
        "operating_revenue": 238498, 
        "short_term_average": 221663
    }, 
    {
        "accumulated_operating_revenue_yoy": 4.141470960483757, 
        "accumulated_operating_revenue": 1303368, 
        "long_term_average": 215726, 
        "date": "2014-06-30", 
        "operating_revenue": 232237, 
        "short_term_average": 226891
    }, 
    {
        "accumulated_operating_revenue_yoy": 4.6667995364119985, 
        "accumulated_operating_revenue": 1533467, 
        "long_term_average": 217105, 
        "date": "2014-07-31", 
        "operating_revenue": 230099, 
        "short_term_average": 233611
    }, 
    {
        "accumulated_operating_revenue_yoy": 5.114719328164634, 
        "accumulated_operating_revenue": 1760352, 
        "long_term_average": 218545, 
        "date": "2014-08-31", 
        "operating_revenue": 226885, 
        "short_term_average": 229740
    }, 
    {
        "accumulated_operating_revenue_yoy": 6.016038528094462, 
        "accumulated_operating_revenue": 1999683, 
        "long_term_average": 220863, 
        "date": "2014-09-30", 
        "operating_revenue": 239331, 
        "short_term_average": 232105
    }, 
    {
        "accumulated_operating_revenue_yoy": 5.588524254915074, 
        "accumulated_operating_revenue": 2215016, 
        "long_term_average": 221176, 
        "date": "2014-10-31", 
        "operating_revenue": 215333, 
        "short_term_average": 227183
    }, 
    {
        "accumulated_operating_revenue_yoy": 5.57528775888752, 
        "accumulated_operating_revenue": 2432651, 
        "long_term_average": 222112, 
        "date": "2014-11-30", 
        "operating_revenue": 217635, 
        "short_term_average": 224099
    }, 
    {
        "accumulated_operating_revenue_yoy": 4.454867538495984, 
        "accumulated_operating_revenue": 2649903, 
        "long_term_average": 220825, 
        "date": "2014-12-31", 
        "operating_revenue": 217252, 
        "short_term_average": 216740
    }, 
    {
        "accumulated_operating_revenue_yoy": 2.6432529727737855, 
        "accumulated_operating_revenue": 217266, 
        "long_term_average": 221291, 
        "date": "2015-01-31", 
        "operating_revenue": 217266, 
        "short_term_average": 217384
    }, 
    {
        "accumulated_operating_revenue_yoy": -2.9435517626839873, 
        "accumulated_operating_revenue": 394187, 
        "long_term_average": 219829, 
        "date": "2015-02-28", 
        "operating_revenue": 176921, 
        "short_term_average": 203813
    }, 
    {
        "accumulated_operating_revenue_yoy": -4.369401343195856, 
        "accumulated_operating_revenue": 595486, 
        "long_term_average": 218557, 
        "date": "2015-03-31", 
        "operating_revenue": 201299, 
        "short_term_average": 198495
    }, 
    {
        "accumulated_operating_revenue_yoy": -2.7082760351799653, 
        "accumulated_operating_revenue": 810083, 
        "long_term_average": 218946, 
        "date": "2015-04-30", 
        "operating_revenue": 214597, 
        "short_term_average": 197605
    }, 
    {
        "accumulated_operating_revenue_yoy": -2.681838169187522, 
        "accumulated_operating_revenue": 1042405, 
        "long_term_average": 218431, 
        "date": "2015-05-31", 
        "operating_revenue": 232322, 
        "short_term_average": 216072
    }, 
    {
        "accumulated_operating_revenue_yoy": -3.000380552537733, 
        "accumulated_operating_revenue": 1264262, 
        "long_term_average": 217566, 
        "date": "2015-06-30", 
        "operating_revenue": 221857, 
        "short_term_average": 222925
    }, 
    {
        "accumulated_operating_revenue_yoy": -3.343338982840844, 
        "accumulated_operating_revenue": 1482198, 
        "long_term_average": 216552, 
        "date": "2015-07-31", 
        "operating_revenue": 217936, 
        "short_term_average": 224038
    }, 
    {
        "accumulated_operating_revenue_yoy": -3.7449328316154955, 
        "accumulated_operating_revenue": 1694428, 
        "long_term_average": 215331, 
        "date": "2015-08-31", 
        "operating_revenue": 212230, 
        "short_term_average": 217341
    }
]