[
    {
        "date": "2012-01-31", 
        "operating_revenue": 1306961, 
        "accumulated_operating_revenue": 1306961, 
        "long_term_average": 1306961, 
        "short_term_average": 1306961
    }, 
    {
        "date": "2012-02-29", 
        "operating_revenue": 951501, 
        "accumulated_operating_revenue": 2258462, 
        "long_term_average": 1129231, 
        "short_term_average": 1129231
    }, 
    {
        "date": "2012-03-31", 
        "operating_revenue": 1028119, 
        "accumulated_operating_revenue": 3286581, 
        "long_term_average": 1095527, 
        "short_term_average": 1095527
    }, 
    {
        "date": "2012-04-30", 
        "operating_revenue": 846285, 
        "accumulated_operating_revenue": 4132866, 
        "long_term_average": 1033216, 
        "short_term_average": 941968
    }, 
    {
        "date": "2012-05-31", 
        "operating_revenue": 933522, 
        "accumulated_operating_revenue": 5066388, 
        "long_term_average": 1013277, 
        "short_term_average": 935975
    }, 
    {
        "date": "2012-06-30", 
        "operating_revenue": 853348, 
        "accumulated_operating_revenue": 5919736, 
        "long_term_average": 986622, 
        "short_term_average": 877718
    }, 
    {
        "date": "2012-07-31", 
        "operating_revenue": 894741, 
        "accumulated_operating_revenue": 6814477, 
        "long_term_average": 973496, 
        "short_term_average": 893870
    }, 
    {
        "date": "2012-08-31", 
        "operating_revenue": 1015405, 
        "accumulated_operating_revenue": 7829882, 
        "long_term_average": 978735, 
        "short_term_average": 921164
    }, 
    {
        "date": "2012-09-30", 
        "operating_revenue": 952980, 
        "accumulated_operating_revenue": 8782862, 
        "long_term_average": 975873, 
        "short_term_average": 954375
    }, 
    {
        "date": "2012-10-31", 
        "operating_revenue": 1151268, 
        "accumulated_operating_revenue": 9934130, 
        "long_term_average": 993413, 
        "short_term_average": 1039884
    }, 
    {
        "date": "2012-11-30", 
        "operating_revenue": 1446363, 
        "accumulated_operating_revenue": 11380493, 
        "long_term_average": 1034590, 
        "short_term_average": 1183537
    }, 
    {
        "date": "2012-12-31", 
        "operating_revenue": 1361825, 
        "accumulated_operating_revenue": 12742318, 
        "long_term_average": 1061859, 
        "short_term_average": 1319818
    }, 
    {
        "accumulated_operating_revenue_yoy": -5.486621253426843, 
        "accumulated_operating_revenue": 1235253, 
        "long_term_average": 1055884, 
        "date": "2013-01-31", 
        "operating_revenue": 1235253, 
        "short_term_average": 1347813
    }, 
    {
        "accumulated_operating_revenue_yoy": -2.6100505565291776, 
        "accumulated_operating_revenue": 2199515, 
        "long_term_average": 1056947, 
        "date": "2013-02-28", 
        "operating_revenue": 964262, 
        "short_term_average": 1187113
    }, 
    {
        "accumulated_operating_revenue_yoy": -1.5631441914865325, 
        "accumulated_operating_revenue": 3235207, 
        "long_term_average": 1057578, 
        "date": "2013-03-31", 
        "operating_revenue": 1035692, 
        "short_term_average": 1078402
    }, 
    {
        "accumulated_operating_revenue_yoy": 1.3030666854429833, 
        "accumulated_operating_revenue": 4186720, 
        "long_term_average": 1066347, 
        "date": "2013-04-30", 
        "operating_revenue": 951513, 
        "short_term_average": 983822
    }, 
    {
        "accumulated_operating_revenue_yoy": 1.094625993903349, 
        "accumulated_operating_revenue": 5121846, 
        "long_term_average": 1066481, 
        "date": "2013-05-31", 
        "operating_revenue": 935126, 
        "short_term_average": 974110
    }, 
    {
        "accumulated_operating_revenue_yoy": 0.8163370798968062, 
        "accumulated_operating_revenue": 5968061, 
        "long_term_average": 1065886, 
        "date": "2013-06-30", 
        "operating_revenue": 846215, 
        "short_term_average": 910951
    }, 
    {
        "accumulated_operating_revenue_yoy": 0.8888723228503083, 
        "accumulated_operating_revenue": 6875049, 
        "long_term_average": 1066907, 
        "date": "2013-07-31", 
        "operating_revenue": 906988, 
        "short_term_average": 896109
    }, 
    {
        "accumulated_operating_revenue_yoy": -0.017152238054162244, 
        "accumulated_operating_revenue": 7828539, 
        "long_term_average": 1061747, 
        "date": "2013-08-31", 
        "operating_revenue": 953490, 
        "short_term_average": 902231
    }, 
    {
        "accumulated_operating_revenue_yoy": -0.09429728031705382, 
        "accumulated_operating_revenue": 8774580, 
        "long_term_average": 1061169, 
        "date": "2013-09-30", 
        "operating_revenue": 946041, 
        "short_term_average": 935506
    }, 
    {
        "accumulated_operating_revenue_yoy": -1.5458021990853754, 
        "accumulated_operating_revenue": 9780568, 
        "long_term_average": 1049063, 
        "date": "2013-10-31", 
        "operating_revenue": 1005988, 
        "short_term_average": 968506
    }, 
    {
        "accumulated_operating_revenue_yoy": -5.09567555641043, 
        "accumulated_operating_revenue": 10800580, 
        "long_term_average": 1013533, 
        "date": "2013-11-30", 
        "operating_revenue": 1020012, 
        "short_term_average": 990680
    }, 
    {
        "accumulated_operating_revenue_yoy": -6.615099387725216, 
        "accumulated_operating_revenue": 11899401, 
        "long_term_average": 991616, 
        "date": "2013-12-31", 
        "operating_revenue": 1098821, 
        "short_term_average": 1041607
    }, 
    {
        "accumulated_operating_revenue_yoy": -6.893324687331259, 
        "accumulated_operating_revenue": 1150103, 
        "long_term_average": 984520, 
        "date": "2014-01-31", 
        "operating_revenue": 1150103, 
        "short_term_average": 1089645
    }, 
    {
        "accumulated_operating_revenue_yoy": -4.940407317067627, 
        "accumulated_operating_revenue": 2090850, 
        "long_term_average": 982561, 
        "date": "2014-02-28", 
        "operating_revenue": 940747, 
        "short_term_average": 1063223
    }, 
    {
        "accumulated_operating_revenue_yoy": -2.3856896946625055, 
        "accumulated_operating_revenue": 3158025, 
        "long_term_average": 985184, 
        "date": "2014-03-31", 
        "operating_revenue": 1067175, 
        "short_term_average": 1052675
    }, 
    {
        "accumulated_operating_revenue_yoy": 0.3688328811097948, 
        "accumulated_operating_revenue": 4202162, 
        "long_term_average": 992903, 
        "date": "2014-04-30", 
        "operating_revenue": 1044137, 
        "short_term_average": 1017353
    }, 
    {
        "accumulated_operating_revenue_yoy": 4.50454777437666, 
        "accumulated_operating_revenue": 5352562, 
        "long_term_average": 1010843, 
        "date": "2014-05-31", 
        "operating_revenue": 1150400, 
        "short_term_average": 1087237
    }, 
    {
        "accumulated_operating_revenue_yoy": 7.124273696264163, 
        "accumulated_operating_revenue": 6393242, 
        "long_term_average": 1027048, 
        "date": "2014-06-30", 
        "operating_revenue": 1040680, 
        "short_term_average": 1078405
    }, 
    {
        "accumulated_operating_revenue_yoy": 8.503110305104734, 
        "accumulated_operating_revenue": 7459642, 
        "long_term_average": 1040332, 
        "date": "2014-07-31", 
        "operating_revenue": 1066400, 
        "short_term_average": 1085826
    }, 
    {
        "accumulated_operating_revenue_yoy": 8.003945563789106, 
        "accumulated_operating_revenue": 8455131, 
        "long_term_average": 1043832, 
        "date": "2014-08-31", 
        "operating_revenue": 995489, 
        "short_term_average": 1034189
    }, 
    {
        "accumulated_operating_revenue_yoy": 7.214886638448792, 
        "accumulated_operating_revenue": 9407656, 
        "long_term_average": 1044373, 
        "date": "2014-09-30", 
        "operating_revenue": 952525, 
        "short_term_average": 1004804
    }, 
    {
        "accumulated_operating_revenue_yoy": 8.289620807298718, 
        "accumulated_operating_revenue": 10591340, 
        "long_term_average": 1059181, 
        "date": "2014-10-31", 
        "operating_revenue": 1183684, 
        "short_term_average": 1043899
    }, 
    {
        "accumulated_operating_revenue_yoy": 8.433889661481142, 
        "accumulated_operating_revenue": 11711489, 
        "long_term_average": 1067525, 
        "date": "2014-11-30", 
        "operating_revenue": 1120149, 
        "short_term_average": 1085452
    }, 
    {
        "accumulated_operating_revenue_yoy": 8.77898811881371, 
        "accumulated_operating_revenue": 12944048, 
        "long_term_average": 1078670, 
        "date": "2014-12-31", 
        "operating_revenue": 1232559, 
        "short_term_average": 1178797
    }, 
    {
        "accumulated_operating_revenue_yoy": -8.201874093016016, 
        "accumulated_operating_revenue": 1055773, 
        "long_term_average": 1070809, 
        "date": "2015-01-31", 
        "operating_revenue": 1055773, 
        "short_term_average": 1136160
    }, 
    {
        "accumulated_operating_revenue_yoy": -4.034722720424708, 
        "accumulated_operating_revenue": 2006490, 
        "long_term_average": 1071640, 
        "date": "2015-02-28", 
        "operating_revenue": 950717, 
        "short_term_average": 1079683
    }, 
    {
        "accumulated_operating_revenue_yoy": -6.641841024057758, 
        "accumulated_operating_revenue": 2948274, 
        "long_term_average": 1061191, 
        "date": "2015-03-31", 
        "operating_revenue": 941784, 
        "short_term_average": 982758
    }, 
    {
        "accumulated_operating_revenue_yoy": -8.941992241136825, 
        "accumulated_operating_revenue": 3826405, 
        "long_term_average": 1047357, 
        "date": "2015-04-30", 
        "operating_revenue": 878131, 
        "short_term_average": 923544
    }, 
    {
        "accumulated_operating_revenue_yoy": -12.162661544135313, 
        "accumulated_operating_revenue": 4701548, 
        "long_term_average": 1024419, 
        "date": "2015-05-31", 
        "operating_revenue": 875143, 
        "short_term_average": 898352
    }, 
    {
        "accumulated_operating_revenue_yoy": -12.826872500681189, 
        "accumulated_operating_revenue": 5573189, 
        "long_term_average": 1010332, 
        "date": "2015-06-30", 
        "operating_revenue": 871641, 
        "short_term_average": 874971
    }, 
    {
        "accumulated_operating_revenue_yoy": -13.20899850153667, 
        "accumulated_operating_revenue": 6474298, 
        "long_term_average": 996558, 
        "date": "2015-07-31", 
        "operating_revenue": 901109, 
        "short_term_average": 882631
    }, 
    {
        "accumulated_operating_revenue_yoy": -12.459168284914805, 
        "accumulated_operating_revenue": 7401692, 
        "long_term_average": 990884, 
        "date": "2015-08-31", 
        "operating_revenue": 927394, 
        "short_term_average": 900048
    }, 
    {
        "accumulated_operating_revenue_yoy": -10.846208662391566, 
        "accumulated_operating_revenue": 8387282, 
        "long_term_average": 993639, 
        "date": "2015-09-30", 
        "operating_revenue": 985590, 
        "short_term_average": 938031
    }
]