[
    {
        "date": "2012-01-31", 
        "operating_revenue": 4759422, 
        "accumulated_operating_revenue": 4759422, 
        "long_term_average": 4759422, 
        "short_term_average": 4759422
    }, 
    {
        "date": "2012-02-29", 
        "operating_revenue": 3850823, 
        "accumulated_operating_revenue": 8610245, 
        "long_term_average": 4305122, 
        "short_term_average": 4305122
    }, 
    {
        "date": "2012-03-31", 
        "operating_revenue": 6066166, 
        "accumulated_operating_revenue": 14676411, 
        "long_term_average": 4892137, 
        "short_term_average": 4892137
    }, 
    {
        "date": "2012-04-30", 
        "operating_revenue": 5431656, 
        "accumulated_operating_revenue": 20108067, 
        "long_term_average": 5027016, 
        "short_term_average": 5116215
    }, 
    {
        "date": "2012-05-31", 
        "operating_revenue": 5535671, 
        "accumulated_operating_revenue": 25643738, 
        "long_term_average": 5128747, 
        "short_term_average": 5677831
    }, 
    {
        "date": "2012-06-30", 
        "operating_revenue": 5083451, 
        "accumulated_operating_revenue": 30727189, 
        "long_term_average": 5121198, 
        "short_term_average": 5350259
    }, 
    {
        "date": "2012-07-31", 
        "operating_revenue": 5875788, 
        "accumulated_operating_revenue": 36602977, 
        "long_term_average": 5228996, 
        "short_term_average": 5498303
    }, 
    {
        "date": "2012-08-31", 
        "operating_revenue": 5379647, 
        "accumulated_operating_revenue": 41982624, 
        "long_term_average": 5247828, 
        "short_term_average": 5446295
    }, 
    {
        "date": "2012-09-30", 
        "operating_revenue": 5201728, 
        "accumulated_operating_revenue": 47184352, 
        "long_term_average": 5242705, 
        "short_term_average": 5485721
    }, 
    {
        "date": "2012-10-31", 
        "operating_revenue": 5528934, 
        "accumulated_operating_revenue": 52713286, 
        "long_term_average": 5271328, 
        "short_term_average": 5370103
    }, 
    {
        "date": "2012-11-30", 
        "operating_revenue": 5220991, 
        "accumulated_operating_revenue": 57934277, 
        "long_term_average": 5266752, 
        "short_term_average": 5317217
    }, 
    {
        "date": "2012-12-31", 
        "operating_revenue": 5001453, 
        "accumulated_operating_revenue": 62935730, 
        "long_term_average": 5244644, 
        "short_term_average": 5250459
    }, 
    {
        "accumulated_operating_revenue_yoy": 2.2225177763182167, 
        "accumulated_operating_revenue": 4865201, 
        "long_term_average": 5253459, 
        "date": "2013-01-31", 
        "operating_revenue": 4865201, 
        "short_term_average": 5029215
    }, 
    {
        "accumulated_operating_revenue_yoy": 4.811779455753001, 
        "accumulated_operating_revenue": 9024551, 
        "long_term_average": 5279169, 
        "date": "2013-02-28", 
        "operating_revenue": 4159350, 
        "short_term_average": 4675334
    }, 
    {
        "accumulated_operating_revenue_yoy": -5.500384256069144, 
        "accumulated_operating_revenue": 13869152, 
        "long_term_average": 5177372, 
        "date": "2013-03-31", 
        "operating_revenue": 4844601, 
        "short_term_average": 4623050
    }, 
    {
        "accumulated_operating_revenue_yoy": -7.360200261914783, 
        "accumulated_operating_revenue": 18628073, 
        "long_term_average": 5121311, 
        "date": "2013-04-30", 
        "operating_revenue": 4758921, 
        "short_term_average": 4587624
    }, 
    {
        "accumulated_operating_revenue_yoy": -7.99589357838549, 
        "accumulated_operating_revenue": 23593292, 
        "long_term_average": 5073773, 
        "date": "2013-05-31", 
        "operating_revenue": 4965219, 
        "short_term_average": 4856247
    }, 
    {
        "accumulated_operating_revenue_yoy": -6.77274449022981, 
        "accumulated_operating_revenue": 28646115, 
        "long_term_average": 5071221, 
        "date": "2013-06-30", 
        "operating_revenue": 5052823, 
        "short_term_average": 4925654
    }, 
    {
        "accumulated_operating_revenue_yoy": -7.243386241507077, 
        "accumulated_operating_revenue": 33951682, 
        "long_term_average": 5023702, 
        "date": "2013-07-31", 
        "operating_revenue": 5305567, 
        "short_term_average": 5107869
    }, 
    {
        "accumulated_operating_revenue_yoy": -6.641145155672022, 
        "accumulated_operating_revenue": 39194497, 
        "long_term_average": 5012300, 
        "date": "2013-08-31", 
        "operating_revenue": 5242815, 
        "short_term_average": 5200401
    }, 
    {
        "accumulated_operating_revenue_yoy": -5.988400561270821, 
        "accumulated_operating_revenue": 44358764, 
        "long_term_average": 5009178, 
        "date": "2013-09-30", 
        "operating_revenue": 5164267, 
        "short_term_average": 5237549
    }, 
    {
        "accumulated_operating_revenue_yoy": -6.602126833830849, 
        "accumulated_operating_revenue": 49233088, 
        "long_term_average": 4954627, 
        "date": "2013-10-31", 
        "operating_revenue": 4874324, 
        "short_term_average": 5093802
    }, 
    {
        "accumulated_operating_revenue_yoy": -6.379703331759884, 
        "accumulated_operating_revenue": 54238242, 
        "long_term_average": 4936641, 
        "date": "2013-11-30", 
        "operating_revenue": 5005154, 
        "short_term_average": 5014581
    }, 
    {
        "accumulated_operating_revenue_yoy": -5.159588996584294, 
        "accumulated_operating_revenue": 59688505, 
        "long_term_average": 4974042, 
        "date": "2013-12-31", 
        "operating_revenue": 5450263, 
        "short_term_average": 5109913
    }, 
    {
        "accumulated_operating_revenue_yoy": 6.676414807939075, 
        "accumulated_operating_revenue": 5190022, 
        "long_term_average": 5001110, 
        "date": "2014-01-31", 
        "operating_revenue": 5190022, 
        "short_term_average": 5215146
    }, 
    {
        "accumulated_operating_revenue_yoy": 4.74901188989901, 
        "accumulated_operating_revenue": 9453128, 
        "long_term_average": 5009756, 
        "date": "2014-02-28", 
        "operating_revenue": 4263106, 
        "short_term_average": 4967797
    }, 
    {
        "accumulated_operating_revenue_yoy": 6.382762262609855, 
        "accumulated_operating_revenue": 14754387, 
        "long_term_average": 5047811, 
        "date": "2014-03-31", 
        "operating_revenue": 5301259, 
        "short_term_average": 4918129
    }, 
    {
        "accumulated_operating_revenue_yoy": 7.293250353914761, 
        "accumulated_operating_revenue": 19986665, 
        "long_term_average": 5087258, 
        "date": "2014-04-30", 
        "operating_revenue": 5232278, 
        "short_term_average": 4932214
    }, 
    {
        "accumulated_operating_revenue_yoy": 9.40401195390622, 
        "accumulated_operating_revenue": 25812008, 
        "long_term_average": 5158935, 
        "date": "2014-05-31", 
        "operating_revenue": 5825343, 
        "short_term_average": 5452960
    }, 
    {
        "accumulated_operating_revenue_yoy": 9.650879360080765, 
        "accumulated_operating_revenue": 31410717, 
        "long_term_average": 5204425, 
        "date": "2014-06-30", 
        "operating_revenue": 5598709, 
        "short_term_average": 5552110
    }, 
    {
        "accumulated_operating_revenue_yoy": 9.521675538784795, 
        "accumulated_operating_revenue": 37184451, 
        "long_term_average": 5243439, 
        "date": "2014-07-31", 
        "operating_revenue": 5773734, 
        "short_term_average": 5732595
    }, 
    {
        "accumulated_operating_revenue_yoy": 10.356930974264065, 
        "accumulated_operating_revenue": 43253844, 
        "long_term_average": 5312321, 
        "date": "2014-08-31", 
        "operating_revenue": 6069393, 
        "short_term_average": 5813945
    }, 
    {
        "accumulated_operating_revenue_yoy": 10.505752594909994, 
        "accumulated_operating_revenue": 49018986, 
        "long_term_average": 5362393, 
        "date": "2014-09-30", 
        "operating_revenue": 5765142, 
        "short_term_average": 5869423
    }, 
    {
        "accumulated_operating_revenue_yoy": 11.430883636630714, 
        "accumulated_operating_revenue": 54860865, 
        "long_term_average": 5443023, 
        "date": "2014-10-31", 
        "operating_revenue": 5841879, 
        "short_term_average": 5892138
    }, 
    {
        "accumulated_operating_revenue_yoy": 12.197038023466911, 
        "accumulated_operating_revenue": 60853701, 
        "long_term_average": 5525330, 
        "date": "2014-11-30", 
        "operating_revenue": 5992836, 
        "short_term_average": 5866619
    }, 
    {
        "accumulated_operating_revenue_yoy": 12.201860307943715, 
        "accumulated_operating_revenue": 66971613, 
        "long_term_average": 5580967, 
        "date": "2014-12-31", 
        "operating_revenue": 6117912, 
        "short_term_average": 5984209
    }, 
    {
        "accumulated_operating_revenue_yoy": 20.622629345309136, 
        "accumulated_operating_revenue": 6260341, 
        "long_term_average": 5670161, 
        "date": "2015-01-31", 
        "operating_revenue": 6260341, 
        "short_term_average": 6123696
    }, 
    {
        "accumulated_operating_revenue_yoy": 22.96433519148371, 
        "accumulated_operating_revenue": 11623976, 
        "long_term_average": 5761871, 
        "date": "2015-02-28", 
        "operating_revenue": 5363635, 
        "short_term_average": 5913962
    }, 
    {
        "accumulated_operating_revenue_yoy": 16.280513721105457, 
        "accumulated_operating_revenue": 17156477, 
        "long_term_average": 5781141, 
        "date": "2015-03-31", 
        "operating_revenue": 5532501, 
        "short_term_average": 5718825
    }, 
    {
        "accumulated_operating_revenue_yoy": 13.064035445633376, 
        "accumulated_operating_revenue": 22597730, 
        "long_term_average": 5798556, 
        "date": "2015-04-30", 
        "operating_revenue": 5441253, 
        "short_term_average": 5445796
    }, 
    {
        "accumulated_operating_revenue_yoy": 9.277526955671174, 
        "accumulated_operating_revenue": 28206724, 
        "long_term_average": 5780527, 
        "date": "2015-05-31", 
        "operating_revenue": 5608994, 
        "short_term_average": 5527582
    }, 
    {
        "accumulated_operating_revenue_yoy": 7.109506605659463, 
        "accumulated_operating_revenue": 33643864, 
        "long_term_average": 5767063, 
        "date": "2015-06-30", 
        "operating_revenue": 5437140, 
        "short_term_average": 5495795
    }, 
    {
        "accumulated_operating_revenue_yoy": 4.447033519467586, 
        "accumulated_operating_revenue": 38838056, 
        "long_term_average": 5718768, 
        "date": "2015-07-31", 
        "operating_revenue": 5194192, 
        "short_term_average": 5413442
    }, 
    {
        "accumulated_operating_revenue_yoy": 1.6471183462907946, 
        "accumulated_operating_revenue": 43966286, 
        "long_term_average": 5640337, 
        "date": "2015-08-31", 
        "operating_revenue": 5128230, 
        "short_term_average": 5253187
    }, 
    {
        "accumulated_operating_revenue_yoy": -0.22294218815542208, 
        "accumulated_operating_revenue": 48909702, 
        "long_term_average": 5571860, 
        "date": "2015-09-30", 
        "operating_revenue": 4943416, 
        "short_term_average": 5088612
    }
]