[
    {
        "date": "2012-01-31", 
        "operating_revenue": 1296182, 
        "accumulated_operating_revenue": 1296182, 
        "long_term_average": 1296182, 
        "short_term_average": 1296182
    }, 
    {
        "date": "2012-02-29", 
        "operating_revenue": 1393056, 
        "accumulated_operating_revenue": 2689238, 
        "long_term_average": 1344619, 
        "short_term_average": 1344619
    }, 
    {
        "date": "2012-03-31", 
        "operating_revenue": 1622497, 
        "accumulated_operating_revenue": 4311735, 
        "long_term_average": 1437245, 
        "short_term_average": 1437245
    }, 
    {
        "date": "2012-04-30", 
        "operating_revenue": 1573754, 
        "accumulated_operating_revenue": 5885489, 
        "long_term_average": 1471372, 
        "short_term_average": 1529769
    }, 
    {
        "date": "2012-05-31", 
        "operating_revenue": 1641209, 
        "accumulated_operating_revenue": 7526698, 
        "long_term_average": 1505339, 
        "short_term_average": 1612486
    }, 
    {
        "date": "2012-06-30", 
        "operating_revenue": 1501962, 
        "accumulated_operating_revenue": 9028660, 
        "long_term_average": 1504776, 
        "short_term_average": 1572308
    }, 
    {
        "date": "2012-07-31", 
        "operating_revenue": 1666679, 
        "accumulated_operating_revenue": 10695339, 
        "long_term_average": 1527905, 
        "short_term_average": 1603283
    }, 
    {
        "date": "2012-08-31", 
        "operating_revenue": 1639717, 
        "accumulated_operating_revenue": 12335056, 
        "long_term_average": 1541882, 
        "short_term_average": 1602786
    }, 
    {
        "date": "2012-09-30", 
        "operating_revenue": 1636347, 
        "accumulated_operating_revenue": 13971403, 
        "long_term_average": 1552378, 
        "short_term_average": 1647581
    }, 
    {
        "date": "2012-10-31", 
        "operating_revenue": 1718609, 
        "accumulated_operating_revenue": 15690012, 
        "long_term_average": 1569001, 
        "short_term_average": 1664891
    }, 
    {
        "date": "2012-11-30", 
        "operating_revenue": 1616851, 
        "accumulated_operating_revenue": 17306863, 
        "long_term_average": 1573351, 
        "short_term_average": 1657269
    }, 
    {
        "date": "2012-12-31", 
        "operating_revenue": 1620723, 
        "accumulated_operating_revenue": 18927586, 
        "long_term_average": 1577298, 
        "short_term_average": 1652061
    }, 
    {
        "accumulated_operating_revenue_yoy": 33.98697096549713, 
        "accumulated_operating_revenue": 1736715, 
        "long_term_average": 1614009, 
        "date": "2013-01-31", 
        "operating_revenue": 1736715, 
        "short_term_average": 1658096
    }, 
    {
        "accumulated_operating_revenue_yoy": 14.343914521511298, 
        "accumulated_operating_revenue": 3074980, 
        "long_term_average": 1609444, 
        "date": "2013-02-28", 
        "operating_revenue": 1338265, 
        "short_term_average": 1565234
    }, 
    {
        "accumulated_operating_revenue_yoy": 10.45688104672481, 
        "accumulated_operating_revenue": 4762608, 
        "long_term_average": 1614871, 
        "date": "2013-03-31", 
        "operating_revenue": 1687628, 
        "short_term_average": 1587536
    }, 
    {
        "accumulated_operating_revenue_yoy": 7.339678996936364, 
        "accumulated_operating_revenue": 6317465, 
        "long_term_average": 1613296, 
        "date": "2013-04-30", 
        "operating_revenue": 1554857, 
        "short_term_average": 1526916
    }, 
    {
        "accumulated_operating_revenue_yoy": 5.057011720146072, 
        "accumulated_operating_revenue": 7907324, 
        "long_term_average": 1609017, 
        "date": "2013-05-31", 
        "operating_revenue": 1589859, 
        "short_term_average": 1610781
    }, 
    {
        "accumulated_operating_revenue_yoy": 5.231861649458502, 
        "accumulated_operating_revenue": 9501027, 
        "long_term_average": 1616662, 
        "date": "2013-06-30", 
        "operating_revenue": 1593703, 
        "short_term_average": 1579473
    }, 
    {
        "accumulated_operating_revenue_yoy": 5.030761530793928, 
        "accumulated_operating_revenue": 11233396, 
        "long_term_average": 1622136, 
        "date": "2013-07-31", 
        "operating_revenue": 1732369, 
        "short_term_average": 1638643
    }, 
    {
        "accumulated_operating_revenue_yoy": 5.240373452702606, 
        "accumulated_operating_revenue": 12981459, 
        "long_term_average": 1631165, 
        "date": "2013-08-31", 
        "operating_revenue": 1748063, 
        "short_term_average": 1691378
    }, 
    {
        "accumulated_operating_revenue_yoy": 4.504322150037473, 
        "accumulated_operating_revenue": 14600720, 
        "long_term_average": 1629741, 
        "date": "2013-09-30", 
        "operating_revenue": 1619261, 
        "short_term_average": 1699897
    }, 
    {
        "accumulated_operating_revenue_yoy": 4.179563406324991, 
        "accumulated_operating_revenue": 16345786, 
        "long_term_average": 1631946, 
        "date": "2013-10-31", 
        "operating_revenue": 1745066, 
        "short_term_average": 1704130
    }, 
    {
        "accumulated_operating_revenue_yoy": 4.317437539084929, 
        "accumulated_operating_revenue": 18054076, 
        "long_term_average": 1639566, 
        "date": "2013-11-30", 
        "operating_revenue": 1708290, 
        "short_term_average": 1690872
    }, 
    {
        "accumulated_operating_revenue_yoy": 4.737455690334732, 
        "accumulated_operating_revenue": 19824272, 
        "long_term_average": 1652022, 
        "date": "2013-12-31", 
        "operating_revenue": 1770196, 
        "short_term_average": 1741184
    }, 
    {
        "accumulated_operating_revenue_yoy": -0.7913215467131912, 
        "accumulated_operating_revenue": 1722972, 
        "long_term_average": 1650877, 
        "date": "2014-01-31", 
        "operating_revenue": 1722972, 
        "short_term_average": 1733819
    }, 
    {
        "accumulated_operating_revenue_yoy": 2.432373543892968, 
        "accumulated_operating_revenue": 3149775, 
        "long_term_average": 1658255, 
        "date": "2014-02-28", 
        "operating_revenue": 1426803, 
        "short_term_average": 1639990
    }, 
    {
        "accumulated_operating_revenue_yoy": 2.2489778709480186, 
        "accumulated_operating_revenue": 4869718, 
        "long_term_average": 1660948, 
        "date": "2014-03-31", 
        "operating_revenue": 1719943, 
        "short_term_average": 1623239
    }, 
    {
        "accumulated_operating_revenue_yoy": 4.122998702802469, 
        "accumulated_operating_revenue": 6577934, 
        "long_term_average": 1673728, 
        "date": "2014-04-30", 
        "operating_revenue": 1708216, 
        "short_term_average": 1618320
    }, 
    {
        "accumulated_operating_revenue_yoy": 5.1984590488514195, 
        "accumulated_operating_revenue": 8318383, 
        "long_term_average": 1686277, 
        "date": "2014-05-31", 
        "operating_revenue": 1740449, 
        "short_term_average": 1722869
    }, 
    {
        "accumulated_operating_revenue_yoy": 6.192856835371587, 
        "accumulated_operating_revenue": 10089412, 
        "long_term_average": 1701054, 
        "date": "2014-06-30", 
        "operating_revenue": 1771029, 
        "short_term_average": 1739898
    }, 
    {
        "accumulated_operating_revenue_yoy": 6.167689628318987, 
        "accumulated_operating_revenue": 11926237, 
        "long_term_average": 1709759, 
        "date": "2014-07-31", 
        "operating_revenue": 1836825, 
        "short_term_average": 1782767
    }, 
    {
        "accumulated_operating_revenue_yoy": 5.73220621811462, 
        "accumulated_operating_revenue": 13725583, 
        "long_term_average": 1714033, 
        "date": "2014-08-31", 
        "operating_revenue": 1799346, 
        "short_term_average": 1802400
    }, 
    {
        "accumulated_operating_revenue_yoy": 5.709629388139763, 
        "accumulated_operating_revenue": 15434367, 
        "long_term_average": 1721493, 
        "date": "2014-09-30", 
        "operating_revenue": 1708784, 
        "short_term_average": 1781651
    }, 
    {
        "accumulated_operating_revenue_yoy": 4.872289408413887, 
        "accumulated_operating_revenue": 17142200, 
        "long_term_average": 1718390, 
        "date": "2014-10-31", 
        "operating_revenue": 1707833, 
        "short_term_average": 1738654
    }, 
    {
        "accumulated_operating_revenue_yoy": 3.644390330471634, 
        "accumulated_operating_revenue": 18712037, 
        "long_term_average": 1706852, 
        "date": "2014-11-30", 
        "operating_revenue": 1569837, 
        "short_term_average": 1662151
    }, 
    {
        "accumulated_operating_revenue_yoy": 1.9375389926046211, 
        "accumulated_operating_revenue": 20208375, 
        "long_term_average": 1684031, 
        "date": "2014-12-31", 
        "operating_revenue": 1496338, 
        "short_term_average": 1591336
    }, 
    {
        "accumulated_operating_revenue_yoy": -22.82759093009056, 
        "accumulated_operating_revenue": 1329659, 
        "long_term_average": 1651255, 
        "date": "2015-01-31", 
        "operating_revenue": 1329659, 
        "short_term_average": 1465278
    }, 
    {
        "accumulated_operating_revenue_yoy": -22.03754236413712, 
        "accumulated_operating_revenue": 2455642, 
        "long_term_average": 1626186, 
        "date": "2015-02-28", 
        "operating_revenue": 1125983, 
        "short_term_average": 1317326
    }, 
    {
        "accumulated_operating_revenue_yoy": -21.069721080358246, 
        "accumulated_operating_revenue": 3843682, 
        "long_term_average": 1598528, 
        "date": "2015-03-31", 
        "operating_revenue": 1388040, 
        "short_term_average": 1281227
    }, 
    {
        "accumulated_operating_revenue_yoy": -20.365421726639397, 
        "accumulated_operating_revenue": 5238310, 
        "long_term_average": 1572395, 
        "date": "2015-04-30", 
        "operating_revenue": 1394628, 
        "short_term_average": 1302883
    }, 
    {
        "accumulated_operating_revenue_yoy": -20.803502315293727, 
        "accumulated_operating_revenue": 6587868, 
        "long_term_average": 1539821, 
        "date": "2015-05-31", 
        "operating_revenue": 1349558, 
        "short_term_average": 1377408
    }, 
    {
        "accumulated_operating_revenue_yoy": -20.534249171309487, 
        "accumulated_operating_revenue": 8017627, 
        "long_term_average": 1511382, 
        "date": "2015-06-30", 
        "operating_revenue": 1429759, 
        "short_term_average": 1391315
    }, 
    {
        "accumulated_operating_revenue_yoy": -20.411241198711714, 
        "accumulated_operating_revenue": 9491944, 
        "long_term_average": 1481173, 
        "date": "2015-07-31", 
        "operating_revenue": 1474317, 
        "short_term_average": 1417878
    }, 
    {
        "accumulated_operating_revenue_yoy": -21.566916319692943, 
        "accumulated_operating_revenue": 10765398, 
        "long_term_average": 1437349, 
        "date": "2015-08-31", 
        "operating_revenue": 1273454, 
        "short_term_average": 1392510
    }
]