[
    {
        "date": "2011-09-30", 
        "operating_revenue": 314865, 
        "accumulated_operating_revenue": 314865, 
        "long_term_average": 314865, 
        "short_term_average": 314865
    }, 
    {
        "date": "2011-10-31", 
        "operating_revenue": 320892, 
        "accumulated_operating_revenue": 635757, 
        "long_term_average": 317878, 
        "short_term_average": 317878
    }, 
    {
        "date": "2011-11-30", 
        "operating_revenue": 307606, 
        "accumulated_operating_revenue": 943363, 
        "long_term_average": 314454, 
        "short_term_average": 314454
    }, 
    {
        "date": "2011-12-31", 
        "operating_revenue": 302584, 
        "accumulated_operating_revenue": 1245947, 
        "long_term_average": 311486, 
        "short_term_average": 310360
    }, 
    {
        "date": "2012-01-31", 
        "operating_revenue": 281298, 
        "accumulated_operating_revenue": 281298, 
        "long_term_average": 305449, 
        "short_term_average": 297162
    }, 
    {
        "date": "2012-02-29", 
        "operating_revenue": 232939, 
        "accumulated_operating_revenue": 514237, 
        "long_term_average": 293364, 
        "short_term_average": 272273
    }, 
    {
        "date": "2012-03-31", 
        "operating_revenue": 326496, 
        "accumulated_operating_revenue": 840733, 
        "long_term_average": 298097, 
        "short_term_average": 280244
    }, 
    {
        "date": "2012-04-30", 
        "operating_revenue": 288300, 
        "accumulated_operating_revenue": 1129033, 
        "long_term_average": 296872, 
        "short_term_average": 282578
    }, 
    {
        "date": "2012-05-31", 
        "operating_revenue": 271743, 
        "accumulated_operating_revenue": 1400776, 
        "long_term_average": 294080, 
        "short_term_average": 295513
    }, 
    {
        "date": "2012-06-30", 
        "operating_revenue": 254742, 
        "accumulated_operating_revenue": 1655518, 
        "long_term_average": 290146, 
        "short_term_average": 271595
    }, 
    {
        "date": "2012-07-31", 
        "operating_revenue": 315691, 
        "accumulated_operating_revenue": 1971209, 
        "long_term_average": 292468, 
        "short_term_average": 280725
    }, 
    {
        "date": "2012-08-31", 
        "operating_revenue": 270465, 
        "accumulated_operating_revenue": 2241674, 
        "long_term_average": 290635, 
        "short_term_average": 280299
    }, 
    {
        "accumulated_operating_revenue_yoy": 683.4770457180061, 
        "accumulated_operating_revenue": 2466895, 
        "long_term_average": 283164, 
        "date": "2012-09-30", 
        "operating_revenue": 225221, 
        "short_term_average": 270459
    }, 
    {
        "accumulated_operating_revenue_yoy": 325.61245884827065, 
        "accumulated_operating_revenue": 2705861, 
        "long_term_average": 276337, 
        "date": "2012-10-31", 
        "operating_revenue": 238966, 
        "short_term_average": 244884
    }, 
    {
        "accumulated_operating_revenue_yoy": 212.30745746865205, 
        "accumulated_operating_revenue": 2946193, 
        "long_term_average": 270731, 
        "date": "2012-11-30", 
        "operating_revenue": 240332, 
        "short_term_average": 234839
    }, 
    {
        "accumulated_operating_revenue_yoy": 154.18633376861135, 
        "accumulated_operating_revenue": 3167027, 
        "long_term_average": 263918, 
        "date": "2012-12-31", 
        "operating_revenue": 220834, 
        "short_term_average": 233377
    }, 
    {
        "accumulated_operating_revenue_yoy": -9.435545222504247, 
        "accumulated_operating_revenue": 254756, 
        "long_term_average": 261707, 
        "date": "2013-01-31", 
        "operating_revenue": 254756, 
        "short_term_average": 238640
    }, 
    {
        "accumulated_operating_revenue_yoy": -13.922374313789168, 
        "accumulated_operating_revenue": 442643, 
        "long_term_average": 257952, 
        "date": "2013-02-28", 
        "operating_revenue": 187887, 
        "short_term_average": 221159
    }, 
    {
        "accumulated_operating_revenue_yoy": -20.499373760754008, 
        "accumulated_operating_revenue": 668388, 
        "long_term_average": 249556, 
        "date": "2013-03-31", 
        "operating_revenue": 225745, 
        "short_term_average": 222796
    }, 
    {
        "accumulated_operating_revenue_yoy": -20.23572384509576, 
        "accumulated_operating_revenue": 900565, 
        "long_term_average": 244879, 
        "date": "2013-04-30", 
        "operating_revenue": 232177, 
        "short_term_average": 215269
    }, 
    {
        "accumulated_operating_revenue_yoy": -19.519751908941902, 
        "accumulated_operating_revenue": 1127348, 
        "long_term_average": 241133, 
        "date": "2013-05-31", 
        "operating_revenue": 226783, 
        "short_term_average": 228235
    }, 
    {
        "accumulated_operating_revenue_yoy": -17.900560428820466, 
        "accumulated_operating_revenue": 1359171, 
        "long_term_average": 239223, 
        "date": "2013-06-30", 
        "operating_revenue": 231823, 
        "short_term_average": 230261
    }, 
    {
        "accumulated_operating_revenue_yoy": -18.74930562918493, 
        "accumulated_operating_revenue": 1601621, 
        "long_term_average": 233119, 
        "date": "2013-07-31", 
        "operating_revenue": 242450, 
        "short_term_average": 233685
    }, 
    {
        "accumulated_operating_revenue_yoy": -16.832242333184933, 
        "accumulated_operating_revenue": 1864350, 
        "long_term_average": 232475, 
        "date": "2013-08-31", 
        "operating_revenue": 262729, 
        "short_term_average": 245667
    }, 
    {
        "accumulated_operating_revenue_yoy": -15.208754324768586, 
        "accumulated_operating_revenue": 2091711, 
        "long_term_average": 232653, 
        "date": "2013-09-30", 
        "operating_revenue": 227361, 
        "short_term_average": 244180
    }, 
    {
        "accumulated_operating_revenue_yoy": -14.59387603428262, 
        "accumulated_operating_revenue": 2310971, 
        "long_term_average": 231011, 
        "date": "2013-10-31", 
        "operating_revenue": 219260, 
        "short_term_average": 236450
    }, 
    {
        "accumulated_operating_revenue_yoy": -13.888227960625798, 
        "accumulated_operating_revenue": 2537019, 
        "long_term_average": 229821, 
        "date": "2013-11-30", 
        "operating_revenue": 226048, 
        "short_term_average": 224223
    }, 
    {
        "accumulated_operating_revenue_yoy": -12.446594234908638, 
        "accumulated_operating_revenue": 2772840, 
        "long_term_average": 231070, 
        "date": "2013-12-31", 
        "operating_revenue": 235821, 
        "short_term_average": 227043
    }, 
    {
        "accumulated_operating_revenue_yoy": -4.5977327324969774, 
        "accumulated_operating_revenue": 243043, 
        "long_term_average": 230093, 
        "date": "2014-01-31", 
        "operating_revenue": 243043, 
        "short_term_average": 234970
    }, 
    {
        "accumulated_operating_revenue_yoy": 5.843309393800421, 
        "accumulated_operating_revenue": 468508, 
        "long_term_average": 233225, 
        "date": "2014-02-28", 
        "operating_revenue": 225465, 
        "short_term_average": 234776
    }, 
    {
        "accumulated_operating_revenue_yoy": 5.618143952315123, 
        "accumulated_operating_revenue": 705939, 
        "long_term_average": 234199, 
        "date": "2014-03-31", 
        "operating_revenue": 237431, 
        "short_term_average": 235313
    }, 
    {
        "accumulated_operating_revenue_yoy": 6.009782747497405, 
        "accumulated_operating_revenue": 954687, 
        "long_term_average": 235580, 
        "date": "2014-04-30", 
        "operating_revenue": 248748, 
        "short_term_average": 237214
    }, 
    {
        "accumulated_operating_revenue_yoy": 6.640629157988482, 
        "accumulated_operating_revenue": 1202211, 
        "long_term_average": 237308, 
        "date": "2014-05-31", 
        "operating_revenue": 247524, 
        "short_term_average": 244567
    }, 
    {
        "accumulated_operating_revenue_yoy": 6.038828079763326, 
        "accumulated_operating_revenue": 1441249, 
        "long_term_average": 237909, 
        "date": "2014-06-30", 
        "operating_revenue": 239038, 
        "short_term_average": 245103
    }, 
    {
        "accumulated_operating_revenue_yoy": 5.564300168391898, 
        "accumulated_operating_revenue": 1690740, 
        "long_term_average": 238496, 
        "date": "2014-07-31", 
        "operating_revenue": 249491, 
        "short_term_average": 245351
    }, 
    {
        "accumulated_operating_revenue_yoy": 4.3193606350738865, 
        "accumulated_operating_revenue": 1944878, 
        "long_term_average": 237780, 
        "date": "2014-08-31", 
        "operating_revenue": 254138, 
        "short_term_average": 247555
    }, 
    {
        "accumulated_operating_revenue_yoy": 4.48235917868195, 
        "accumulated_operating_revenue": 2185469, 
        "long_term_average": 238883, 
        "date": "2014-09-30", 
        "operating_revenue": 240591, 
        "short_term_average": 248073
    }, 
    {
        "accumulated_operating_revenue_yoy": 4.380150161988186, 
        "accumulated_operating_revenue": 2412195, 
        "long_term_average": 239505, 
        "date": "2014-10-31", 
        "operating_revenue": 226726, 
        "short_term_average": 240485
    }, 
    {
        "accumulated_operating_revenue_yoy": 4.575212089464052, 
        "accumulated_operating_revenue": 2653093, 
        "long_term_average": 240742, 
        "date": "2014-11-30", 
        "operating_revenue": 240898, 
        "short_term_average": 236071
    }, 
    {
        "accumulated_operating_revenue_yoy": 4.496364737958195, 
        "accumulated_operating_revenue": 2897517, 
        "long_term_average": 241459, 
        "date": "2014-12-31", 
        "operating_revenue": 244424, 
        "short_term_average": 237349
    }, 
    {
        "accumulated_operating_revenue_yoy": -0.25715614109437424, 
        "accumulated_operating_revenue": 242418, 
        "long_term_average": 241407, 
        "date": "2015-01-31", 
        "operating_revenue": 242418, 
        "short_term_average": 242580
    }, 
    {
        "accumulated_operating_revenue_yoy": -5.414635395766989, 
        "accumulated_operating_revenue": 443140, 
        "long_term_average": 239345, 
        "date": "2015-02-28", 
        "operating_revenue": 200722, 
        "short_term_average": 229188
    }, 
    {
        "accumulated_operating_revenue_yoy": -5.47526061033602, 
        "accumulated_operating_revenue": 667287, 
        "long_term_average": 238238, 
        "date": "2015-03-31", 
        "operating_revenue": 224147, 
        "short_term_average": 222429
    }, 
    {
        "accumulated_operating_revenue_yoy": -6.4603372623697615, 
        "accumulated_operating_revenue": 893011, 
        "long_term_average": 236320, 
        "date": "2015-04-30", 
        "operating_revenue": 225724, 
        "short_term_average": 216864
    }, 
    {
        "accumulated_operating_revenue_yoy": -6.981386794830524, 
        "accumulated_operating_revenue": 1118280, 
        "long_term_average": 234465, 
        "date": "2015-05-31", 
        "operating_revenue": 225269, 
        "short_term_average": 225046
    }, 
    {
        "accumulated_operating_revenue_yoy": -6.284271489520547, 
        "accumulated_operating_revenue": 1350677, 
        "long_term_average": 233912, 
        "date": "2015-06-30", 
        "operating_revenue": 232397, 
        "short_term_average": 227796
    }, 
    {
        "accumulated_operating_revenue_yoy": -6.014289601003111, 
        "accumulated_operating_revenue": 1589054, 
        "long_term_average": 232985, 
        "date": "2015-07-31", 
        "operating_revenue": 238377, 
        "short_term_average": 232014
    }, 
    {
        "accumulated_operating_revenue_yoy": -6.5405130810261625, 
        "accumulated_operating_revenue": 1817673, 
        "long_term_average": 230859, 
        "date": "2015-08-31", 
        "operating_revenue": 228619, 
        "short_term_average": 233131
    }
]