[
    {
        "date": "2011-09-30", 
        "operating_revenue": 9537040, 
        "accumulated_operating_revenue": 9537040, 
        "long_term_average": 9537040, 
        "short_term_average": 9537040
    }, 
    {
        "date": "2011-10-31", 
        "operating_revenue": 9251759, 
        "accumulated_operating_revenue": 18788799, 
        "long_term_average": 9394399, 
        "short_term_average": 9394399
    }, 
    {
        "date": "2011-11-30", 
        "operating_revenue": 8915196, 
        "accumulated_operating_revenue": 27703995, 
        "long_term_average": 9234665, 
        "short_term_average": 9234665
    }, 
    {
        "date": "2011-12-31", 
        "operating_revenue": 9222586, 
        "accumulated_operating_revenue": 36926581, 
        "long_term_average": 9231645, 
        "short_term_average": 9129847
    }, 
    {
        "date": "2012-01-31", 
        "operating_revenue": 10353338, 
        "accumulated_operating_revenue": 10353338, 
        "long_term_average": 9455983, 
        "short_term_average": 9497040
    }, 
    {
        "date": "2012-02-29", 
        "operating_revenue": 8454171, 
        "accumulated_operating_revenue": 18807509, 
        "long_term_average": 9289015, 
        "short_term_average": 9343365
    }, 
    {
        "date": "2012-03-31", 
        "operating_revenue": 10090331, 
        "accumulated_operating_revenue": 28897840, 
        "long_term_average": 9403488, 
        "short_term_average": 9632613
    }, 
    {
        "date": "2012-04-30", 
        "operating_revenue": 9882927, 
        "accumulated_operating_revenue": 38780767, 
        "long_term_average": 9463418, 
        "short_term_average": 9475809
    }, 
    {
        "date": "2012-05-31", 
        "operating_revenue": 9478420, 
        "accumulated_operating_revenue": 48259187, 
        "long_term_average": 9465085, 
        "short_term_average": 9817226
    }, 
    {
        "date": "2012-06-30", 
        "operating_revenue": 10400871, 
        "accumulated_operating_revenue": 58660058, 
        "long_term_average": 9558663, 
        "short_term_average": 9920739
    }, 
    {
        "date": "2012-07-31", 
        "operating_revenue": 11011271, 
        "accumulated_operating_revenue": 69671329, 
        "long_term_average": 9690719, 
        "short_term_average": 10296854
    }, 
    {
        "date": "2012-08-31", 
        "operating_revenue": 11090368, 
        "accumulated_operating_revenue": 80761697, 
        "long_term_average": 9807356, 
        "short_term_average": 10834170
    }, 
    {
        "accumulated_operating_revenue_yoy": 848.380514289549, 
        "accumulated_operating_revenue": 90447429, 
        "long_term_average": 9819747, 
        "date": "2012-09-30", 
        "operating_revenue": 9685732, 
        "short_term_average": 10595790
    }, 
    {
        "accumulated_operating_revenue_yoy": 432.3374474334416, 
        "accumulated_operating_revenue": 100019813, 
        "long_term_average": 9846466, 
        "date": "2012-10-31", 
        "operating_revenue": 9572384, 
        "short_term_average": 10116161
    }, 
    {
        "accumulated_operating_revenue_yoy": 296.52658398184093, 
        "accumulated_operating_revenue": 109853705, 
        "long_term_average": 9923024, 
        "date": "2012-11-30", 
        "operating_revenue": 9833892, 
        "short_term_average": 9697336
    }, 
    {
        "accumulated_operating_revenue_yoy": 225.27168166476068, 
        "accumulated_operating_revenue": 120111711, 
        "long_term_average": 10009309, 
        "date": "2012-12-31", 
        "operating_revenue": 10258006, 
        "short_term_average": 9888094
    }, 
    {
        "accumulated_operating_revenue_yoy": -4.393510576009399, 
        "accumulated_operating_revenue": 9898463, 
        "long_term_average": 9971403, 
        "date": "2013-01-31", 
        "operating_revenue": 9898463, 
        "short_term_average": 9996787
    }, 
    {
        "accumulated_operating_revenue_yoy": 1.9619291422378158, 
        "accumulated_operating_revenue": 19176499, 
        "long_term_average": 10040058, 
        "date": "2013-02-28", 
        "operating_revenue": 9278036, 
        "short_term_average": 9811501
    }, 
    {
        "accumulated_operating_revenue_yoy": 0.7759576494298536, 
        "accumulated_operating_revenue": 29122075, 
        "long_term_average": 10027995, 
        "date": "2013-03-31", 
        "operating_revenue": 9945576, 
        "short_term_average": 9707358
    }, 
    {
        "accumulated_operating_revenue_yoy": -0.2766268134923685, 
        "accumulated_operating_revenue": 38673489, 
        "long_term_average": 10000369, 
        "date": "2013-04-30", 
        "operating_revenue": 9551414, 
        "short_term_average": 9591675
    }, 
    {
        "accumulated_operating_revenue_yoy": 0.7238663179303041, 
        "accumulated_operating_revenue": 48608519, 
        "long_term_average": 10038420, 
        "date": "2013-05-31", 
        "operating_revenue": 9935030, 
        "short_term_average": 9810673
    }, 
    {
        "accumulated_operating_revenue_yoy": 1.2917085762172276, 
        "accumulated_operating_revenue": 59417775, 
        "long_term_average": 10072452, 
        "date": "2013-06-30", 
        "operating_revenue": 10809256, 
        "short_term_average": 10098566
    }, 
    {
        "accumulated_operating_revenue_yoy": 1.4824878681444416, 
        "accumulated_operating_revenue": 70704198, 
        "long_term_average": 10095381, 
        "date": "2013-07-31", 
        "operating_revenue": 11286423, 
        "short_term_average": 10676903
    }, 
    {
        "accumulated_operating_revenue_yoy": 2.0212081477188377, 
        "accumulated_operating_revenue": 82394059, 
        "long_term_average": 10145339, 
        "date": "2013-08-31", 
        "operating_revenue": 11689861, 
        "short_term_average": 11261846
    }, 
    {
        "accumulated_operating_revenue_yoy": 2.4490215194508185, 
        "accumulated_operating_revenue": 92662506, 
        "long_term_average": 10193899, 
        "date": "2013-09-30", 
        "operating_revenue": 10268447, 
        "short_term_average": 11081577
    }, 
    {
        "accumulated_operating_revenue_yoy": 3.5897717585214846, 
        "accumulated_operating_revenue": 103610296, 
        "long_term_average": 10308516, 
        "date": "2013-10-31", 
        "operating_revenue": 10947790, 
        "short_term_average": 10968699
    }, 
    {
        "accumulated_operating_revenue_yoy": 3.661105467494246, 
        "accumulated_operating_revenue": 113875565, 
        "long_term_average": 10344464, 
        "date": "2013-11-30", 
        "operating_revenue": 10265269, 
        "short_term_average": 10493835
    }, 
    {
        "accumulated_operating_revenue_yoy": 3.4090597543814853, 
        "accumulated_operating_revenue": 124206391, 
        "long_term_average": 10350532, 
        "date": "2013-12-31", 
        "operating_revenue": 10330826, 
        "short_term_average": 10514628
    }, 
    {
        "accumulated_operating_revenue_yoy": 7.098617229765873, 
        "accumulated_operating_revenue": 10601117, 
        "long_term_average": 10409087, 
        "date": "2014-01-31", 
        "operating_revenue": 10601117, 
        "short_term_average": 10399070
    }, 
    {
        "accumulated_operating_revenue_yoy": 2.7256695812932277, 
        "accumulated_operating_revenue": 19699187, 
        "long_term_average": 10394089, 
        "date": "2014-02-28", 
        "operating_revenue": 9098070, 
        "short_term_average": 10010004
    }, 
    {
        "accumulated_operating_revenue_yoy": 4.361031966300478, 
        "accumulated_operating_revenue": 30392098, 
        "long_term_average": 10456367, 
        "date": "2014-03-31", 
        "operating_revenue": 10692911, 
        "short_term_average": 10130699
    }, 
    {
        "accumulated_operating_revenue_yoy": 4.145232409726467, 
        "accumulated_operating_revenue": 40276595, 
        "long_term_average": 10484124, 
        "date": "2014-04-30", 
        "operating_revenue": 9884497, 
        "short_term_average": 9891826
    }, 
    {
        "accumulated_operating_revenue_yoy": 4.7945402327522055, 
        "accumulated_operating_revenue": 50939074, 
        "long_term_average": 10544745, 
        "date": "2014-05-31", 
        "operating_revenue": 10662479, 
        "short_term_average": 10413295
    }, 
    {
        "accumulated_operating_revenue_yoy": 4.9022603084683, 
        "accumulated_operating_revenue": 62330589, 
        "long_term_average": 10593267, 
        "date": "2014-06-30", 
        "operating_revenue": 11391515, 
        "short_term_average": 10646163
    }, 
    {
        "accumulated_operating_revenue_yoy": 5.5400557686829295, 
        "accumulated_operating_revenue": 74621250, 
        "long_term_average": 10676953, 
        "date": "2014-07-31", 
        "operating_revenue": 12290661, 
        "short_term_average": 11448218
    }, 
    {
        "accumulated_operating_revenue_yoy": 6.079518427414773, 
        "accumulated_operating_revenue": 87403221, 
        "long_term_average": 10767962, 
        "date": "2014-08-31", 
        "operating_revenue": 12781971, 
        "short_term_average": 12154715
    }, 
    {
        "accumulated_operating_revenue_yoy": 5.922700817092083, 
        "accumulated_operating_revenue": 98150629, 
        "long_term_average": 10807876, 
        "date": "2014-09-30", 
        "operating_revenue": 10747408, 
        "short_term_average": 11940013
    }, 
    {
        "accumulated_operating_revenue_yoy": 6.180108779922799, 
        "accumulated_operating_revenue": 110013525, 
        "long_term_average": 10884135, 
        "date": "2014-10-31", 
        "operating_revenue": 11862896, 
        "short_term_average": 11797425
    }, 
    {
        "accumulated_operating_revenue_yoy": 6.367394093719754, 
        "accumulated_operating_revenue": 121126471, 
        "long_term_average": 10954774, 
        "date": "2014-11-30", 
        "operating_revenue": 11112946, 
        "short_term_average": 11241083
    }, 
    {
        "accumulated_operating_revenue_yoy": 7.152302654055862, 
        "accumulated_operating_revenue": 133090008, 
        "long_term_average": 11090834, 
        "date": "2014-12-31", 
        "operating_revenue": 11963537, 
        "short_term_average": 11646459
    }, 
    {
        "accumulated_operating_revenue_yoy": 1.4450835699672027, 
        "accumulated_operating_revenue": 10754312, 
        "long_term_average": 11103600, 
        "date": "2015-01-31", 
        "operating_revenue": 10754312, 
        "short_term_average": 11276931
    }, 
    {
        "accumulated_operating_revenue_yoy": 9.741980722351638, 
        "accumulated_operating_revenue": 21618278, 
        "long_term_average": 11250758, 
        "date": "2015-02-28", 
        "operating_revenue": 10863966, 
        "short_term_average": 11193938
    }, 
    {
        "accumulated_operating_revenue_yoy": 9.813054037927884, 
        "accumulated_operating_revenue": 33374491, 
        "long_term_average": 11339366, 
        "date": "2015-03-31", 
        "operating_revenue": 11756213, 
        "short_term_average": 11124830
    }, 
    {
        "accumulated_operating_revenue_yoy": 9.55449188294095, 
        "accumulated_operating_revenue": 44124819, 
        "long_term_average": 11411519, 
        "date": "2015-04-30", 
        "operating_revenue": 10750328, 
        "short_term_average": 11123502
    }, 
    {
        "accumulated_operating_revenue_yoy": 8.06893152396135, 
        "accumulated_operating_revenue": 55049313, 
        "long_term_average": 11433353, 
        "date": "2015-05-31", 
        "operating_revenue": 10924494, 
        "short_term_average": 11143678
    }, 
    {
        "accumulated_operating_revenue_yoy": 5.984769372225891, 
        "accumulated_operating_revenue": 66060931, 
        "long_term_average": 11401695, 
        "date": "2015-06-30", 
        "operating_revenue": 11011618, 
        "short_term_average": 10895480
    }, 
    {
        "accumulated_operating_revenue_yoy": 5.683350252106472, 
        "accumulated_operating_revenue": 78862237, 
        "long_term_average": 11444249, 
        "date": "2015-07-31", 
        "operating_revenue": 12801306, 
        "short_term_average": 11579139
    }, 
    {
        "accumulated_operating_revenue_yoy": 4.297552146276165, 
        "accumulated_operating_revenue": 91159420, 
        "long_term_average": 11403850, 
        "date": "2015-08-31", 
        "operating_revenue": 12297183, 
        "short_term_average": 12036702
    }, 
    {
        "accumulated_operating_revenue_yoy": 3.9987232277441644, 
        "accumulated_operating_revenue": 102075401, 
        "long_term_average": 11417898, 
        "date": "2015-09-30", 
        "operating_revenue": 10915981, 
        "short_term_average": 12004823
    }
]