[
    {
        "date": "2012-01-31", 
        "operating_revenue": 1591343, 
        "accumulated_operating_revenue": 1591343, 
        "long_term_average": 1591343, 
        "short_term_average": 1591343
    }, 
    {
        "date": "2012-02-29", 
        "operating_revenue": 1903096, 
        "accumulated_operating_revenue": 3494439, 
        "long_term_average": 1747219, 
        "short_term_average": 1747219
    }, 
    {
        "date": "2012-03-31", 
        "operating_revenue": 1922113, 
        "accumulated_operating_revenue": 5416552, 
        "long_term_average": 1805517, 
        "short_term_average": 1805517
    }, 
    {
        "date": "2012-04-30", 
        "operating_revenue": 1684778, 
        "accumulated_operating_revenue": 7101330, 
        "long_term_average": 1775332, 
        "short_term_average": 1836662
    }, 
    {
        "date": "2012-05-31", 
        "operating_revenue": 2105945, 
        "accumulated_operating_revenue": 9207275, 
        "long_term_average": 1841455, 
        "short_term_average": 1904278
    }, 
    {
        "date": "2012-06-30", 
        "operating_revenue": 1670057, 
        "accumulated_operating_revenue": 10877332, 
        "long_term_average": 1812888, 
        "short_term_average": 1820260
    }, 
    {
        "date": "2012-07-31", 
        "operating_revenue": 1773065, 
        "accumulated_operating_revenue": 12650397, 
        "long_term_average": 1807199, 
        "short_term_average": 1849689
    }, 
    {
        "date": "2012-08-31", 
        "operating_revenue": 1945121, 
        "accumulated_operating_revenue": 14595518, 
        "long_term_average": 1824439, 
        "short_term_average": 1796081
    }, 
    {
        "date": "2012-09-30", 
        "operating_revenue": 2210817, 
        "accumulated_operating_revenue": 16806335, 
        "long_term_average": 1867370, 
        "short_term_average": 1976334
    }, 
    {
        "date": "2012-10-31", 
        "operating_revenue": 2379127, 
        "accumulated_operating_revenue": 19185462, 
        "long_term_average": 1918546, 
        "short_term_average": 2178355
    }, 
    {
        "date": "2012-11-30", 
        "operating_revenue": 1828847, 
        "accumulated_operating_revenue": 21014309, 
        "long_term_average": 1910391, 
        "short_term_average": 2139597
    }, 
    {
        "date": "2012-12-31", 
        "operating_revenue": 1588786, 
        "accumulated_operating_revenue": 22603095, 
        "long_term_average": 1883591, 
        "short_term_average": 1932253
    }, 
    {
        "accumulated_operating_revenue_yoy": 40.21502592464353, 
        "accumulated_operating_revenue": 2231302, 
        "long_term_average": 1936921, 
        "date": "2013-01-31", 
        "operating_revenue": 2231302, 
        "short_term_average": 1882978
    }, 
    {
        "accumulated_operating_revenue_yoy": 13.635522039446101, 
        "accumulated_operating_revenue": 3970924, 
        "long_term_average": 1923298, 
        "date": "2013-02-28", 
        "operating_revenue": 1739622, 
        "short_term_average": 1853236
    }, 
    {
        "accumulated_operating_revenue_yoy": 8.676995993022867, 
        "accumulated_operating_revenue": 5886546, 
        "long_term_average": 1922757, 
        "date": "2013-03-31", 
        "operating_revenue": 1915622, 
        "short_term_average": 1962182
    }, 
    {
        "accumulated_operating_revenue_yoy": 9.758749417362662, 
        "accumulated_operating_revenue": 7794331, 
        "long_term_average": 1941341, 
        "date": "2013-04-30", 
        "operating_revenue": 1907785, 
        "short_term_average": 1854343
    }, 
    {
        "accumulated_operating_revenue_yoy": 5.731826191788558, 
        "accumulated_operating_revenue": 9735020, 
        "long_term_average": 1927570, 
        "date": "2013-05-31", 
        "operating_revenue": 1940689, 
        "short_term_average": 1921365
    }, 
    {
        "accumulated_operating_revenue_yoy": 6.925944707764735, 
        "accumulated_operating_revenue": 11630690, 
        "long_term_average": 1946371, 
        "date": "2013-06-30", 
        "operating_revenue": 1895670, 
        "short_term_average": 1914714
    }, 
    {
        "accumulated_operating_revenue_yoy": 5.176667578100513, 
        "accumulated_operating_revenue": 13305266, 
        "long_term_average": 1938163, 
        "date": "2013-07-31", 
        "operating_revenue": 1674576, 
        "short_term_average": 1836978
    }, 
    {
        "accumulated_operating_revenue_yoy": 5.702332729814728, 
        "accumulated_operating_revenue": 15427803, 
        "long_term_average": 1952948, 
        "date": "2013-08-31", 
        "operating_revenue": 2122537, 
        "short_term_average": 1897594
    }, 
    {
        "accumulated_operating_revenue_yoy": 3.262609010233344, 
        "accumulated_operating_revenue": 17354660, 
        "long_term_average": 1929285, 
        "date": "2013-09-30", 
        "operating_revenue": 1926857, 
        "short_term_average": 1907990
    }, 
    {
        "accumulated_operating_revenue_yoy": 0.5242250616638786, 
        "accumulated_operating_revenue": 19286037, 
        "long_term_average": 1891972, 
        "date": "2013-10-31", 
        "operating_revenue": 1931377, 
        "short_term_average": 1993590
    }, 
    {
        "accumulated_operating_revenue_yoy": 2.497764737351107, 
        "accumulated_operating_revenue": 21539197, 
        "long_term_average": 1927331, 
        "date": "2013-11-30", 
        "operating_revenue": 2253160, 
        "short_term_average": 2037131
    }, 
    {
        "accumulated_operating_revenue_yoy": 2.1384903262141757, 
        "accumulated_operating_revenue": 23086460, 
        "long_term_average": 1923871, 
        "date": "2013-12-31", 
        "operating_revenue": 1547263, 
        "short_term_average": 1910600
    }, 
    {
        "accumulated_operating_revenue_yoy": -3.6503799127146395, 
        "accumulated_operating_revenue": 2149851, 
        "long_term_average": 1917084, 
        "date": "2014-01-31", 
        "operating_revenue": 2149851, 
        "short_term_average": 1983424
    }, 
    {
        "accumulated_operating_revenue_yoy": -6.387682060900687, 
        "accumulated_operating_revenue": 3717274, 
        "long_term_average": 1902734, 
        "date": "2014-02-28", 
        "operating_revenue": 1567423, 
        "short_term_average": 1754845
    }, 
    {
        "accumulated_operating_revenue_yoy": -5.431113593608204, 
        "accumulated_operating_revenue": 5566841, 
        "long_term_average": 1897229, 
        "date": "2014-03-31", 
        "operating_revenue": 1849567, 
        "short_term_average": 1855613
    }, 
    {
        "accumulated_operating_revenue_yoy": -2.5708043448501225, 
        "accumulated_operating_revenue": 7593954, 
        "long_term_average": 1907173, 
        "date": "2014-04-30", 
        "operating_revenue": 2027113, 
        "short_term_average": 1814701
    }, 
    {
        "accumulated_operating_revenue_yoy": -2.515197708890172, 
        "accumulated_operating_revenue": 9490165, 
        "long_term_average": 1903467, 
        "date": "2014-05-31", 
        "operating_revenue": 1896211, 
        "short_term_average": 1924297
    }, 
    {
        "accumulated_operating_revenue_yoy": -5.751816960128762, 
        "accumulated_operating_revenue": 10961714, 
        "long_term_average": 1868123, 
        "date": "2014-06-30", 
        "operating_revenue": 1471549, 
        "short_term_average": 1798291
    }, 
    {
        "accumulated_operating_revenue_yoy": -1.1450428724987536, 
        "accumulated_operating_revenue": 13152915, 
        "long_term_average": 1911175, 
        "date": "2014-07-31", 
        "operating_revenue": 2191201, 
        "short_term_average": 1852987
    }, 
    {
        "accumulated_operating_revenue_yoy": -2.7969244875631354, 
        "accumulated_operating_revenue": 14996299, 
        "long_term_average": 1887913, 
        "date": "2014-08-31", 
        "operating_revenue": 1843384, 
        "short_term_average": 1835378
    }, 
    {
        "accumulated_operating_revenue_yoy": -2.194528731764264, 
        "accumulated_operating_revenue": 16973807, 
        "long_term_average": 1892133, 
        "date": "2014-09-30", 
        "operating_revenue": 1977508, 
        "short_term_average": 2004031
    }, 
    {
        "accumulated_operating_revenue_yoy": -1.546217089596997, 
        "accumulated_operating_revenue": 18987833, 
        "long_term_average": 1899021, 
        "date": "2014-10-31", 
        "operating_revenue": 2014026, 
        "short_term_average": 1944972
    }, 
    {
        "accumulated_operating_revenue_yoy": -2.2026912145332065, 
        "accumulated_operating_revenue": 21064755, 
        "long_term_average": 1884334, 
        "date": "2014-11-30", 
        "operating_revenue": 2076922, 
        "short_term_average": 2022818
    }, 
    {
        "accumulated_operating_revenue_yoy": 7.959548583888565, 
        "accumulated_operating_revenue": 24924038, 
        "long_term_average": 2077003, 
        "date": "2014-12-31", 
        "operating_revenue": 3859283, 
        "short_term_average": 2650077
    }, 
    {
        "accumulated_operating_revenue_yoy": 5.792680515998551, 
        "accumulated_operating_revenue": 2274385, 
        "long_term_average": 2087381, 
        "date": "2015-01-31", 
        "operating_revenue": 2274385, 
        "short_term_average": 2736863
    }, 
    {
        "accumulated_operating_revenue_yoy": 3.9629309004394075, 
        "accumulated_operating_revenue": 3864587, 
        "long_term_average": 2089279, 
        "date": "2015-02-28", 
        "operating_revenue": 1590202, 
        "short_term_average": 2574623
    }, 
    {
        "accumulated_operating_revenue_yoy": 4.905385298412511, 
        "accumulated_operating_revenue": 5839916, 
        "long_term_average": 2099759, 
        "date": "2015-03-31", 
        "operating_revenue": 1975329, 
        "short_term_average": 1946638
    }, 
    {
        "accumulated_operating_revenue_yoy": 8.176333435783256, 
        "accumulated_operating_revenue": 8214861, 
        "long_term_average": 2128745, 
        "date": "2015-04-30", 
        "operating_revenue": 2374945, 
        "short_term_average": 1980158
    }, 
    {
        "accumulated_operating_revenue_yoy": 10.511408389632846, 
        "accumulated_operating_revenue": 10487715, 
        "long_term_average": 2160132, 
        "date": "2015-05-31", 
        "operating_revenue": 2272854, 
        "short_term_average": 2207709
    }, 
    {
        "accumulated_operating_revenue_yoy": 16.41186770609049, 
        "accumulated_operating_revenue": 12760736, 
        "long_term_average": 2226921, 
        "date": "2015-06-30", 
        "operating_revenue": 2273021, 
        "short_term_average": 2306940
    }, 
    {
        "accumulated_operating_revenue_yoy": 12.97029593820077, 
        "accumulated_operating_revenue": 14858887, 
        "long_term_average": 2219167, 
        "date": "2015-07-31", 
        "operating_revenue": 2098151, 
        "short_term_average": 2214675
    }, 
    {
        "accumulated_operating_revenue_yoy": 15.54904313390924, 
        "accumulated_operating_revenue": 17328080, 
        "long_term_average": 2271318, 
        "date": "2015-08-31", 
        "operating_revenue": 2469193, 
        "short_term_average": 2280121
    }, 
    {
        "accumulated_operating_revenue_yoy": 17.85262434055012, 
        "accumulated_operating_revenue": 20004077, 
        "long_term_average": 2329525, 
        "date": "2015-09-30", 
        "operating_revenue": 2675997, 
        "short_term_average": 2414447
    }, 
    {
        "accumulated_operating_revenue_yoy": 16.306805521198758, 
        "accumulated_operating_revenue": 22084142, 
        "long_term_average": 2335028, 
        "date": "2015-10-31", 
        "operating_revenue": 2080065, 
        "short_term_average": 2408418
    }
]