[
    {
        "date": "2011-09-30", 
        "operating_revenue": 700776, 
        "accumulated_operating_revenue": 700776, 
        "long_term_average": 700776, 
        "short_term_average": 700776
    }, 
    {
        "date": "2011-10-31", 
        "operating_revenue": 662820, 
        "accumulated_operating_revenue": 1363596, 
        "long_term_average": 681798, 
        "short_term_average": 681798
    }, 
    {
        "date": "2011-11-30", 
        "operating_revenue": 637655, 
        "accumulated_operating_revenue": 2001251, 
        "long_term_average": 667083, 
        "short_term_average": 667083
    }, 
    {
        "date": "2011-12-31", 
        "operating_revenue": 729224, 
        "accumulated_operating_revenue": 2730475, 
        "long_term_average": 682618, 
        "short_term_average": 676566
    }, 
    {
        "date": "2012-01-31", 
        "operating_revenue": 638352, 
        "accumulated_operating_revenue": 638352, 
        "long_term_average": 673765, 
        "short_term_average": 668410
    }, 
    {
        "date": "2012-02-29", 
        "operating_revenue": 520689, 
        "accumulated_operating_revenue": 1159041, 
        "long_term_average": 648252, 
        "short_term_average": 629421
    }, 
    {
        "date": "2012-03-31", 
        "operating_revenue": 728004, 
        "accumulated_operating_revenue": 1887045, 
        "long_term_average": 659645, 
        "short_term_average": 629015
    }, 
    {
        "date": "2012-04-30", 
        "operating_revenue": 752585, 
        "accumulated_operating_revenue": 2639630, 
        "long_term_average": 671263, 
        "short_term_average": 667092
    }, 
    {
        "date": "2012-05-31", 
        "operating_revenue": 765363, 
        "accumulated_operating_revenue": 3404993, 
        "long_term_average": 681718, 
        "short_term_average": 748650
    }, 
    {
        "date": "2012-06-30", 
        "operating_revenue": 764684, 
        "accumulated_operating_revenue": 4169677, 
        "long_term_average": 690015, 
        "short_term_average": 760877
    }, 
    {
        "date": "2012-07-31", 
        "operating_revenue": 795003, 
        "accumulated_operating_revenue": 4964680, 
        "long_term_average": 699559, 
        "short_term_average": 775016
    }, 
    {
        "date": "2012-08-31", 
        "operating_revenue": 786478, 
        "accumulated_operating_revenue": 5751158, 
        "long_term_average": 706802, 
        "short_term_average": 782055
    }, 
    {
        "accumulated_operating_revenue_yoy": 822.1336061737273, 
        "accumulated_operating_revenue": 6462091, 
        "long_term_average": 707649, 
        "date": "2012-09-30", 
        "operating_revenue": 710933, 
        "short_term_average": 764138
    }, 
    {
        "accumulated_operating_revenue_yoy": 428.96730409886794, 
        "accumulated_operating_revenue": 7212977, 
        "long_term_average": 714988, 
        "date": "2012-10-31", 
        "operating_revenue": 750886, 
        "short_term_average": 749432
    }, 
    {
        "accumulated_operating_revenue_yoy": 296.17569210458856, 
        "accumulated_operating_revenue": 7928470, 
        "long_term_average": 721474, 
        "date": "2012-11-30", 
        "operating_revenue": 715493, 
        "short_term_average": 725770
    }, 
    {
        "accumulated_operating_revenue_yoy": 217.74248070390684, 
        "accumulated_operating_revenue": 8675879, 
        "long_term_average": 722989, 
        "date": "2012-12-31", 
        "operating_revenue": 747409, 
        "short_term_average": 737929
    }, 
    {
        "accumulated_operating_revenue_yoy": 9.210435621725944, 
        "accumulated_operating_revenue": 697147, 
        "long_term_average": 727889, 
        "date": "2013-01-31", 
        "operating_revenue": 697147, 
        "short_term_average": 720016
    }, 
    {
        "accumulated_operating_revenue_yoy": 1.2284293653114946, 
        "accumulated_operating_revenue": 1173279, 
        "long_term_average": 724176, 
        "date": "2013-02-28", 
        "operating_revenue": 476132, 
        "short_term_average": 640229
    }, 
    {
        "accumulated_operating_revenue_yoy": -2.2962356488584, 
        "accumulated_operating_revenue": 1843714, 
        "long_term_average": 719379, 
        "date": "2013-03-31", 
        "operating_revenue": 670435, 
        "short_term_average": 614571
    }, 
    {
        "accumulated_operating_revenue_yoy": -4.353110094975432, 
        "accumulated_operating_revenue": 2524724, 
        "long_term_average": 713414, 
        "date": "2013-04-30", 
        "operating_revenue": 681010, 
        "short_term_average": 609192
    }, 
    {
        "accumulated_operating_revenue_yoy": -4.1974829316829725, 
        "accumulated_operating_revenue": 3262069, 
        "long_term_average": 711079, 
        "date": "2013-05-31", 
        "operating_revenue": 737345, 
        "short_term_average": 696263
    }, 
    {
        "accumulated_operating_revenue_yoy": -3.9082643571672335, 
        "accumulated_operating_revenue": 4006715, 
        "long_term_average": 709409, 
        "date": "2013-06-30", 
        "operating_revenue": 744646, 
        "short_term_average": 721000
    }, 
    {
        "accumulated_operating_revenue_yoy": -2.8930968360498563, 
        "accumulated_operating_revenue": 4821047, 
        "long_term_average": 711020, 
        "date": "2013-07-31", 
        "operating_revenue": 814332, 
        "short_term_average": 765441
    }, 
    {
        "accumulated_operating_revenue_yoy": -3.8009040961837597, 
        "accumulated_operating_revenue": 5532562, 
        "long_term_average": 704773, 
        "date": "2013-08-31", 
        "operating_revenue": 711515, 
        "short_term_average": 756831
    }, 
    {
        "accumulated_operating_revenue_yoy": -4.038971286538676, 
        "accumulated_operating_revenue": 6201089, 
        "long_term_average": 701239, 
        "date": "2013-09-30", 
        "operating_revenue": 668527, 
        "short_term_average": 731458
    }, 
    {
        "accumulated_operating_revenue_yoy": -4.475766386056686, 
        "accumulated_operating_revenue": 6890141, 
        "long_term_average": 696086, 
        "date": "2013-10-31", 
        "operating_revenue": 689052, 
        "short_term_average": 689698
    }, 
    {
        "accumulated_operating_revenue_yoy": -4.522070462523034, 
        "accumulated_operating_revenue": 7569939, 
        "long_term_average": 693112, 
        "date": "2013-11-30", 
        "operating_revenue": 679798, 
        "short_term_average": 679125
    }, 
    {
        "accumulated_operating_revenue_yoy": -4.497722939658333, 
        "accumulated_operating_revenue": 8285662, 
        "long_term_average": 690471, 
        "date": "2013-12-31", 
        "operating_revenue": 715723, 
        "short_term_average": 694857
    }, 
    {
        "accumulated_operating_revenue_yoy": -0.24872803009982114, 
        "accumulated_operating_revenue": 695413, 
        "long_term_average": 690327, 
        "date": "2014-01-31", 
        "operating_revenue": 695413, 
        "short_term_average": 696978
    }, 
    {
        "accumulated_operating_revenue_yoy": 9.284833360181167, 
        "accumulated_operating_revenue": 1282216, 
        "long_term_average": 699549, 
        "date": "2014-02-28", 
        "operating_revenue": 586803, 
        "short_term_average": 665979
    }, 
    {
        "accumulated_operating_revenue_yoy": 11.138875118375193, 
        "accumulated_operating_revenue": 2049083, 
        "long_term_average": 707585, 
        "date": "2014-03-31", 
        "operating_revenue": 766867, 
        "short_term_average": 683027
    }, 
    {
        "accumulated_operating_revenue_yoy": 13.233090032811507, 
        "accumulated_operating_revenue": 2858823, 
        "long_term_average": 718313, 
        "date": "2014-04-30", 
        "operating_revenue": 809740, 
        "short_term_average": 721136
    }, 
    {
        "accumulated_operating_revenue_yoy": 12.015993530486327, 
        "accumulated_operating_revenue": 3654039, 
        "long_term_average": 723136, 
        "date": "2014-05-31", 
        "operating_revenue": 795216, 
        "short_term_average": 790607
    }, 
    {
        "accumulated_operating_revenue_yoy": 10.743364576716836, 
        "accumulated_operating_revenue": 4437171, 
        "long_term_average": 726343, 
        "date": "2014-06-30", 
        "operating_revenue": 783132, 
        "short_term_average": 796029
    }, 
    {
        "accumulated_operating_revenue_yoy": 9.540355030764063, 
        "accumulated_operating_revenue": 5280992, 
        "long_term_average": 728800, 
        "date": "2014-07-31", 
        "operating_revenue": 843821, 
        "short_term_average": 807389
    }, 
    {
        "accumulated_operating_revenue_yoy": 11.133847212195725, 
        "accumulated_operating_revenue": 6148549, 
        "long_term_average": 741804, 
        "date": "2014-08-31", 
        "operating_revenue": 867557, 
        "short_term_average": 831503
    }, 
    {
        "accumulated_operating_revenue_yoy": 13.169880322633654, 
        "accumulated_operating_revenue": 7017765, 
        "long_term_average": 758528, 
        "date": "2014-09-30", 
        "operating_revenue": 869216, 
        "short_term_average": 860198
    }, 
    {
        "accumulated_operating_revenue_yoy": 13.541029131334179, 
        "accumulated_operating_revenue": 7823137, 
        "long_term_average": 768221, 
        "date": "2014-10-31", 
        "operating_revenue": 805372, 
        "short_term_average": 847381
    }, 
    {
        "accumulated_operating_revenue_yoy": 15.357983730119887, 
        "accumulated_operating_revenue": 8732529, 
        "long_term_average": 787354, 
        "date": "2014-11-30", 
        "operating_revenue": 909392, 
        "short_term_average": 861326
    }, 
    {
        "accumulated_operating_revenue_yoy": 17.334981803505865, 
        "accumulated_operating_revenue": 9721980, 
        "long_term_average": 810165, 
        "date": "2014-12-31", 
        "operating_revenue": 989451, 
        "short_term_average": 901405
    }, 
    {
        "accumulated_operating_revenue_yoy": 26.446155018672357, 
        "accumulated_operating_revenue": 879323, 
        "long_term_average": 825490, 
        "date": "2015-01-31", 
        "operating_revenue": 879323, 
        "short_term_average": 926055
    }, 
    {
        "accumulated_operating_revenue_yoy": 32.481188816860815, 
        "accumulated_operating_revenue": 1698695, 
        "long_term_average": 844871, 
        "date": "2015-02-28", 
        "operating_revenue": 819372, 
        "short_term_average": 896048
    }, 
    {
        "accumulated_operating_revenue_yoy": 21.06347083061057, 
        "accumulated_operating_revenue": 2480691, 
        "long_term_average": 846132, 
        "date": "2015-03-31", 
        "operating_revenue": 781996, 
        "short_term_average": 826897
    }, 
    {
        "accumulated_operating_revenue_yoy": 18.389735915794716, 
        "accumulated_operating_revenue": 3384553, 
        "long_term_average": 853975, 
        "date": "2015-04-30", 
        "operating_revenue": 903862, 
        "short_term_average": 835076
    }, 
    {
        "accumulated_operating_revenue_yoy": 14.902413466303999, 
        "accumulated_operating_revenue": 4198579, 
        "long_term_average": 855543, 
        "date": "2015-05-31", 
        "operating_revenue": 814026, 
        "short_term_average": 833294
    }, 
    {
        "accumulated_operating_revenue_yoy": 12.426318480851876, 
        "accumulated_operating_revenue": 4988548, 
        "long_term_average": 856113, 
        "date": "2015-06-30", 
        "operating_revenue": 789969, 
        "short_term_average": 835952
    }, 
    {
        "accumulated_operating_revenue_yoy": 9.845233622773904, 
        "accumulated_operating_revenue": 5800918, 
        "long_term_average": 853492, 
        "date": "2015-07-31", 
        "operating_revenue": 812370, 
        "short_term_average": 805455
    }, 
    {
        "accumulated_operating_revenue_yoy": 7.749617023463584, 
        "accumulated_operating_revenue": 6625038, 
        "long_term_average": 849872, 
        "date": "2015-08-31", 
        "operating_revenue": 824120, 
        "short_term_average": 808819
    }, 
    {
        "accumulated_operating_revenue_yoy": 5.170349819351318, 
        "accumulated_operating_revenue": 7380608, 
        "long_term_average": 840401, 
        "date": "2015-09-30", 
        "operating_revenue": 755570, 
        "short_term_average": 797353
    }
]