[
    {
        "date": "2011-09-30", 
        "operating_revenue": 624272, 
        "accumulated_operating_revenue": 624272, 
        "long_term_average": 624272, 
        "short_term_average": 624272
    }, 
    {
        "date": "2011-10-31", 
        "operating_revenue": 673848, 
        "accumulated_operating_revenue": 1298120, 
        "long_term_average": 649060, 
        "short_term_average": 649060
    }, 
    {
        "date": "2011-11-30", 
        "operating_revenue": 682789, 
        "accumulated_operating_revenue": 1980909, 
        "long_term_average": 660303, 
        "short_term_average": 660303
    }, 
    {
        "date": "2011-12-31", 
        "operating_revenue": 749901, 
        "accumulated_operating_revenue": 2730810, 
        "long_term_average": 682702, 
        "short_term_average": 702179
    }, 
    {
        "date": "2012-01-31", 
        "operating_revenue": 716172, 
        "accumulated_operating_revenue": 716172, 
        "long_term_average": 689396, 
        "short_term_average": 716287
    }, 
    {
        "date": "2012-02-29", 
        "operating_revenue": 667529, 
        "accumulated_operating_revenue": 1383701, 
        "long_term_average": 685751, 
        "short_term_average": 711200
    }, 
    {
        "date": "2012-03-31", 
        "operating_revenue": 691525, 
        "accumulated_operating_revenue": 2075226, 
        "long_term_average": 686576, 
        "short_term_average": 691742
    }, 
    {
        "date": "2012-04-30", 
        "operating_revenue": 667529, 
        "accumulated_operating_revenue": 2742755, 
        "long_term_average": 684195, 
        "short_term_average": 675527
    }, 
    {
        "date": "2012-05-31", 
        "operating_revenue": 691240, 
        "accumulated_operating_revenue": 3433995, 
        "long_term_average": 684978, 
        "short_term_average": 683431
    }, 
    {
        "date": "2012-06-30", 
        "operating_revenue": 717837, 
        "accumulated_operating_revenue": 4151832, 
        "long_term_average": 688264, 
        "short_term_average": 692202
    }, 
    {
        "date": "2012-07-31", 
        "operating_revenue": 771222, 
        "accumulated_operating_revenue": 4923054, 
        "long_term_average": 695805, 
        "short_term_average": 726766
    }, 
    {
        "date": "2012-08-31", 
        "operating_revenue": 739422, 
        "accumulated_operating_revenue": 5662476, 
        "long_term_average": 699440, 
        "short_term_average": 742827
    }, 
    {
        "accumulated_operating_revenue_yoy": 916.4404298126458, 
        "accumulated_operating_revenue": 6345353, 
        "long_term_average": 704324, 
        "date": "2012-09-30", 
        "operating_revenue": 682877, 
        "short_term_average": 731173
    }, 
    {
        "accumulated_operating_revenue_yoy": 440.17063137460326, 
        "accumulated_operating_revenue": 7012063, 
        "long_term_average": 703729, 
        "date": "2012-10-31", 
        "operating_revenue": 666710, 
        "short_term_average": 696336
    }, 
    {
        "accumulated_operating_revenue_yoy": 287.59024266132366, 
        "accumulated_operating_revenue": 7677810, 
        "long_term_average": 702309, 
        "date": "2012-11-30", 
        "operating_revenue": 665747, 
        "short_term_average": 671778
    }, 
    {
        "accumulated_operating_revenue_yoy": 207.54109586532934, 
        "accumulated_operating_revenue": 8398363, 
        "long_term_average": 699863, 
        "date": "2012-12-31", 
        "operating_revenue": 720553, 
        "short_term_average": 684336
    }, 
    {
        "accumulated_operating_revenue_yoy": -5.609127416318985, 
        "accumulated_operating_revenue": 676001, 
        "long_term_average": 696516, 
        "date": "2013-01-31", 
        "operating_revenue": 676001, 
        "short_term_average": 687433
    }, 
    {
        "accumulated_operating_revenue_yoy": -6.526554508524601, 
        "accumulated_operating_revenue": 1293393, 
        "long_term_average": 692337, 
        "date": "2013-02-28", 
        "operating_revenue": 617392, 
        "short_term_average": 671315
    }, 
    {
        "accumulated_operating_revenue_yoy": -4.313747032853289, 
        "accumulated_operating_revenue": 1985706, 
        "long_term_average": 692403, 
        "date": "2013-03-31", 
        "operating_revenue": 692313, 
        "short_term_average": 661902
    }, 
    {
        "accumulated_operating_revenue_yoy": -2.8375119177615207, 
        "accumulated_operating_revenue": 2664929, 
        "long_term_average": 693378, 
        "date": "2013-04-30", 
        "operating_revenue": 679223, 
        "short_term_average": 662976
    }, 
    {
        "accumulated_operating_revenue_yoy": -2.540335673173665, 
        "accumulated_operating_revenue": 3346760, 
        "long_term_average": 692594, 
        "date": "2013-05-31", 
        "operating_revenue": 681831, 
        "short_term_average": 684455
    }, 
    {
        "accumulated_operating_revenue_yoy": -2.7121039579636173, 
        "accumulated_operating_revenue": 4039230, 
        "long_term_average": 690480, 
        "date": "2013-06-30", 
        "operating_revenue": 692470, 
        "short_term_average": 684508
    }, 
    {
        "accumulated_operating_revenue_yoy": -3.790594212454302, 
        "accumulated_operating_revenue": 4736441, 
        "long_term_average": 684312, 
        "date": "2013-07-31", 
        "operating_revenue": 697211, 
        "short_term_average": 690504
    }, 
    {
        "accumulated_operating_revenue_yoy": -3.948961549682507, 
        "accumulated_operating_revenue": 5438867, 
        "long_term_average": 681229, 
        "date": "2013-08-31", 
        "operating_revenue": 702426, 
        "short_term_average": 697369
    }, 
    {
        "accumulated_operating_revenue_yoy": -2.909546561081787, 
        "accumulated_operating_revenue": 6160732, 
        "long_term_average": 684478, 
        "date": "2013-09-30", 
        "operating_revenue": 721865, 
        "short_term_average": 707167
    }, 
    {
        "accumulated_operating_revenue_yoy": -1.8536199689021617, 
        "accumulated_operating_revenue": 6882086, 
        "long_term_average": 689032, 
        "date": "2013-10-31", 
        "operating_revenue": 721354, 
        "short_term_average": 715215
    }, 
    {
        "accumulated_operating_revenue_yoy": -1.2784765447438788, 
        "accumulated_operating_revenue": 7579651, 
        "long_term_average": 691683, 
        "date": "2013-11-30", 
        "operating_revenue": 697565, 
        "short_term_average": 713594
    }, 
    {
        "accumulated_operating_revenue_yoy": -0.8460815518452822, 
        "accumulated_operating_revenue": 8327306, 
        "long_term_average": 693942, 
        "date": "2013-12-31", 
        "operating_revenue": 747655, 
        "short_term_average": 722191
    }, 
    {
        "accumulated_operating_revenue_yoy": 9.046880108165519, 
        "accumulated_operating_revenue": 737158, 
        "long_term_average": 699038, 
        "date": "2014-01-31", 
        "operating_revenue": 737158, 
        "short_term_average": 727459
    }, 
    {
        "accumulated_operating_revenue_yoy": 10.069947803954406, 
        "accumulated_operating_revenue": 1423637, 
        "long_term_average": 704795, 
        "date": "2014-02-28", 
        "operating_revenue": 686479, 
        "short_term_average": 723764
    }, 
    {
        "accumulated_operating_revenue_yoy": 7.300980104809071, 
        "accumulated_operating_revenue": 2130682, 
        "long_term_average": 706023, 
        "date": "2014-03-31", 
        "operating_revenue": 707045, 
        "short_term_average": 710227
    }, 
    {
        "accumulated_operating_revenue_yoy": 7.264171015437934, 
        "accumulated_operating_revenue": 2858514, 
        "long_term_average": 710074, 
        "date": "2014-04-30", 
        "operating_revenue": 727832, 
        "short_term_average": 707118
    }, 
    {
        "accumulated_operating_revenue_yoy": 7.998272956531093, 
        "accumulated_operating_revenue": 3614443, 
        "long_term_average": 716249, 
        "date": "2014-05-31", 
        "operating_revenue": 755929, 
        "short_term_average": 730268
    }, 
    {
        "accumulated_operating_revenue_yoy": 7.384798587849664, 
        "accumulated_operating_revenue": 4337519, 
        "long_term_average": 718799, 
        "date": "2014-06-30", 
        "operating_revenue": 723076, 
        "short_term_average": 735612
    }, 
    {
        "accumulated_operating_revenue_yoy": 7.327041548707141, 
        "accumulated_operating_revenue": 5083482, 
        "long_term_average": 722862, 
        "date": "2014-07-31", 
        "operating_revenue": 745963, 
        "short_term_average": 741656
    }, 
    {
        "accumulated_operating_revenue_yoy": 7.479186382016696, 
        "accumulated_operating_revenue": 5845650, 
        "long_term_average": 727840, 
        "date": "2014-08-31", 
        "operating_revenue": 762168, 
        "short_term_average": 743735
    }, 
    {
        "accumulated_operating_revenue_yoy": 7.484143118058049, 
        "accumulated_operating_revenue": 6621810, 
        "long_term_average": 732365, 
        "date": "2014-09-30", 
        "operating_revenue": 776160, 
        "short_term_average": 761430
    }, 
    {
        "accumulated_operating_revenue_yoy": 7.686274190703226, 
        "accumulated_operating_revenue": 7411062, 
        "long_term_average": 738023, 
        "date": "2014-10-31", 
        "operating_revenue": 789252, 
        "short_term_average": 775860
    }, 
    {
        "accumulated_operating_revenue_yoy": 8.224217711343174, 
        "accumulated_operating_revenue": 8203018, 
        "long_term_average": 745889, 
        "date": "2014-11-30", 
        "operating_revenue": 791956, 
        "short_term_average": 785789
    }, 
    {
        "accumulated_operating_revenue_yoy": 8.80187421958554, 
        "accumulated_operating_revenue": 9060265, 
        "long_term_average": 755022, 
        "date": "2014-12-31", 
        "operating_revenue": 857247, 
        "short_term_average": 812818
    }, 
    {
        "accumulated_operating_revenue_yoy": 17.595278081496776, 
        "accumulated_operating_revenue": 866863, 
        "long_term_average": 765830, 
        "date": "2015-01-31", 
        "operating_revenue": 866863, 
        "short_term_average": 838688
    }, 
    {
        "accumulated_operating_revenue_yoy": 17.861154212766316, 
        "accumulated_operating_revenue": 1677915, 
        "long_term_average": 776211, 
        "date": "2015-02-28", 
        "operating_revenue": 811052, 
        "short_term_average": 845054
    }, 
    {
        "accumulated_operating_revenue_yoy": 20.76006649514099, 
        "accumulated_operating_revenue": 2573013, 
        "long_term_average": 791883, 
        "date": "2015-03-31", 
        "operating_revenue": 895098, 
        "short_term_average": 857671
    }, 
    {
        "accumulated_operating_revenue_yoy": 21.18163493339546, 
        "accumulated_operating_revenue": 3463994, 
        "long_term_average": 805478, 
        "date": "2015-04-30", 
        "operating_revenue": 890981, 
        "short_term_average": 865710
    }, 
    {
        "accumulated_operating_revenue_yoy": 20.961514678748568, 
        "accumulated_operating_revenue": 4372085, 
        "long_term_average": 818158, 
        "date": "2015-05-31", 
        "operating_revenue": 908091, 
        "short_term_average": 898056
    }, 
    {
        "accumulated_operating_revenue_yoy": 21.607236763689105, 
        "accumulated_operating_revenue": 5274737, 
        "long_term_average": 833123, 
        "date": "2015-06-30", 
        "operating_revenue": 902652, 
        "short_term_average": 900574
    }, 
    {
        "accumulated_operating_revenue_yoy": 22.08722289171084, 
        "accumulated_operating_revenue": 6206282, 
        "long_term_average": 848588, 
        "date": "2015-07-31", 
        "operating_revenue": 931545, 
        "short_term_average": 914096
    }, 
    {
        "accumulated_operating_revenue_yoy": 22.74958302327372, 
        "accumulated_operating_revenue": 7175511, 
        "long_term_average": 865843, 
        "date": "2015-08-31", 
        "operating_revenue": 969229, 
        "short_term_average": 934475
    }
]