[
    {
        "date": "2011-10-31", 
        "operating_revenue": 66876, 
        "accumulated_operating_revenue": 66876, 
        "long_term_average": 66876, 
        "short_term_average": 66876
    }, 
    {
        "date": "2011-11-30", 
        "operating_revenue": 69777, 
        "accumulated_operating_revenue": 136653, 
        "long_term_average": 68326, 
        "short_term_average": 68326
    }, 
    {
        "date": "2011-12-31", 
        "operating_revenue": 65075, 
        "accumulated_operating_revenue": 201728, 
        "long_term_average": 67242, 
        "short_term_average": 67242
    }, 
    {
        "date": "2012-01-31", 
        "operating_revenue": 72024, 
        "accumulated_operating_revenue": 72024, 
        "long_term_average": 68438, 
        "short_term_average": 68958
    }, 
    {
        "date": "2012-02-29", 
        "operating_revenue": 65667, 
        "accumulated_operating_revenue": 137691, 
        "long_term_average": 67883, 
        "short_term_average": 67588
    }, 
    {
        "date": "2012-03-31", 
        "operating_revenue": 72462, 
        "accumulated_operating_revenue": 210153, 
        "long_term_average": 68646, 
        "short_term_average": 70051
    }, 
    {
        "date": "2012-04-30", 
        "operating_revenue": 68902, 
        "accumulated_operating_revenue": 279055, 
        "long_term_average": 68683, 
        "short_term_average": 69010
    }, 
    {
        "date": "2012-05-31", 
        "operating_revenue": 74475, 
        "accumulated_operating_revenue": 353530, 
        "long_term_average": 69407, 
        "short_term_average": 71946
    }, 
    {
        "date": "2012-06-30", 
        "operating_revenue": 79918, 
        "accumulated_operating_revenue": 433448, 
        "long_term_average": 70575, 
        "short_term_average": 74431
    }, 
    {
        "date": "2012-07-31", 
        "operating_revenue": 75583, 
        "accumulated_operating_revenue": 509031, 
        "long_term_average": 71075, 
        "short_term_average": 76658
    }, 
    {
        "date": "2012-08-31", 
        "operating_revenue": 75708, 
        "accumulated_operating_revenue": 584739, 
        "long_term_average": 71497, 
        "short_term_average": 77069
    }, 
    {
        "date": "2012-09-30", 
        "operating_revenue": 69663, 
        "accumulated_operating_revenue": 654402, 
        "long_term_average": 71344, 
        "short_term_average": 73651
    }, 
    {
        "accumulated_operating_revenue_yoy": 987.6114002033615, 
        "accumulated_operating_revenue": 727351, 
        "long_term_average": 71850, 
        "date": "2012-10-31", 
        "operating_revenue": 72949, 
        "short_term_average": 72773
    }, 
    {
        "accumulated_operating_revenue_yoy": 487.21067228674093, 
        "accumulated_operating_revenue": 802441, 
        "long_term_average": 72293, 
        "date": "2012-11-30", 
        "operating_revenue": 75090, 
        "short_term_average": 72567
    }, 
    {
        "accumulated_operating_revenue_yoy": 335.60388245558374, 
        "accumulated_operating_revenue": 878735, 
        "long_term_average": 73227, 
        "date": "2012-12-31", 
        "operating_revenue": 76294, 
        "short_term_average": 74777
    }, 
    {
        "accumulated_operating_revenue_yoy": 20.432078196156837, 
        "accumulated_operating_revenue": 86740, 
        "long_term_average": 74454, 
        "date": "2013-01-31", 
        "operating_revenue": 86740, 
        "short_term_average": 79374
    }, 
    {
        "accumulated_operating_revenue_yoy": 14.906566151745576, 
        "accumulated_operating_revenue": 158216, 
        "long_term_average": 74938, 
        "date": "2013-02-28", 
        "operating_revenue": 71476, 
        "short_term_average": 78170
    }, 
    {
        "accumulated_operating_revenue_yoy": 11.774754583565308, 
        "accumulated_operating_revenue": 234898, 
        "long_term_average": 75290, 
        "date": "2013-03-31", 
        "operating_revenue": 76682, 
        "short_term_average": 78299
    }, 
    {
        "accumulated_operating_revenue_yoy": 14.029492393972514, 
        "accumulated_operating_revenue": 318205, 
        "long_term_average": 76490, 
        "date": "2013-04-30", 
        "operating_revenue": 83307, 
        "short_term_average": 77155
    }, 
    {
        "accumulated_operating_revenue_yoy": 17.332051028201285, 
        "accumulated_operating_revenue": 414804, 
        "long_term_average": 78334, 
        "date": "2013-05-31", 
        "operating_revenue": 96599, 
        "short_term_average": 85529
    }, 
    {
        "accumulated_operating_revenue_yoy": 18.630147099536735, 
        "accumulated_operating_revenue": 514200, 
        "long_term_average": 79957, 
        "date": "2013-06-30", 
        "operating_revenue": 99396, 
        "short_term_average": 93100
    }, 
    {
        "accumulated_operating_revenue_yoy": 20.392274733758846, 
        "accumulated_operating_revenue": 612834, 
        "long_term_average": 81878, 
        "date": "2013-07-31", 
        "operating_revenue": 98634, 
        "short_term_average": 98209
    }, 
    {
        "accumulated_operating_revenue_yoy": 22.942201563432572, 
        "accumulated_operating_revenue": 718891, 
        "long_term_average": 84407, 
        "date": "2013-08-31", 
        "operating_revenue": 106057, 
        "short_term_average": 101362
    }, 
    {
        "accumulated_operating_revenue_yoy": 24.753744640144742, 
        "accumulated_operating_revenue": 816391, 
        "long_term_average": 86727, 
        "date": "2013-09-30", 
        "operating_revenue": 97500, 
        "short_term_average": 100730
    }, 
    {
        "accumulated_operating_revenue_yoy": 26.10912750515226, 
        "accumulated_operating_revenue": 917256, 
        "long_term_average": 89053, 
        "date": "2013-10-31", 
        "operating_revenue": 100865, 
        "short_term_average": 101474
    }, 
    {
        "accumulated_operating_revenue_yoy": 26.242303172445077, 
        "accumulated_operating_revenue": 1013020, 
        "long_term_average": 90776, 
        "date": "2013-11-30", 
        "operating_revenue": 95764, 
        "short_term_average": 98043
    }, 
    {
        "accumulated_operating_revenue_yoy": 27.082112354691688, 
        "accumulated_operating_revenue": 1116715, 
        "long_term_average": 93059, 
        "date": "2013-12-31", 
        "operating_revenue": 103695, 
        "short_term_average": 100108
    }, 
    {
        "accumulated_operating_revenue_yoy": 26.028360617938667, 
        "accumulated_operating_revenue": 109317, 
        "long_term_average": 94941, 
        "date": "2014-01-31", 
        "operating_revenue": 109317, 
        "short_term_average": 102925
    }, 
    {
        "accumulated_operating_revenue_yoy": 24.28515447236689, 
        "accumulated_operating_revenue": 196639, 
        "long_term_average": 96261, 
        "date": "2014-02-28", 
        "operating_revenue": 87322, 
        "short_term_average": 100111
    }, 
    {
        "accumulated_operating_revenue_yoy": 25.699665386678472, 
        "accumulated_operating_revenue": 295266, 
        "long_term_average": 98090, 
        "date": "2014-03-31", 
        "operating_revenue": 98627, 
        "short_term_average": 98422
    }, 
    {
        "accumulated_operating_revenue_yoy": 24.129413428450214, 
        "accumulated_operating_revenue": 394986, 
        "long_term_average": 99458, 
        "date": "2014-04-30", 
        "operating_revenue": 99720, 
        "short_term_average": 95223
    }, 
    {
        "accumulated_operating_revenue_yoy": 23.51472020520535, 
        "accumulated_operating_revenue": 512344, 
        "long_term_average": 101187, 
        "date": "2014-05-31", 
        "operating_revenue": 117358, 
        "short_term_average": 105235
    }, 
    {
        "accumulated_operating_revenue_yoy": 22.364644107351225, 
        "accumulated_operating_revenue": 629199, 
        "long_term_average": 102642, 
        "date": "2014-06-30", 
        "operating_revenue": 116855, 
        "short_term_average": 111311
    }, 
    {
        "accumulated_operating_revenue_yoy": 27.383924521159074, 
        "accumulated_operating_revenue": 780652, 
        "long_term_average": 107044, 
        "date": "2014-07-31", 
        "operating_revenue": 151453, 
        "short_term_average": 128555
    }, 
    {
        "accumulated_operating_revenue_yoy": 27.54478773555379, 
        "accumulated_operating_revenue": 916908, 
        "long_term_average": 109561, 
        "date": "2014-08-31", 
        "operating_revenue": 136256, 
        "short_term_average": 134854
    }, 
    {
        "accumulated_operating_revenue_yoy": 29.197774105789996, 
        "accumulated_operating_revenue": 1054759, 
        "long_term_average": 112923, 
        "date": "2014-09-30", 
        "operating_revenue": 137851, 
        "short_term_average": 141853
    }, 
    {
        "accumulated_operating_revenue_yoy": 30.588080099775855, 
        "accumulated_operating_revenue": 1197827, 
        "long_term_average": 116440, 
        "date": "2014-10-31", 
        "operating_revenue": 143068, 
        "short_term_average": 139058
    }, 
    {
        "accumulated_operating_revenue_yoy": 31.151803518193127, 
        "accumulated_operating_revenue": 1328594, 
        "long_term_average": 119357, 
        "date": "2014-11-30", 
        "operating_revenue": 130767, 
        "short_term_average": 137228
    }, 
    {
        "accumulated_operating_revenue_yoy": 33.058210913258975, 
        "accumulated_operating_revenue": 1485881, 
        "long_term_average": 123823, 
        "date": "2014-12-31", 
        "operating_revenue": 157287, 
        "short_term_average": 143707
    }, 
    {
        "accumulated_operating_revenue_yoy": 23.74287622236249, 
        "accumulated_operating_revenue": 135272, 
        "long_term_average": 125986, 
        "date": "2015-01-31", 
        "operating_revenue": 135272, 
        "short_term_average": 141108
    }, 
    {
        "accumulated_operating_revenue_yoy": 34.52824719409679, 
        "accumulated_operating_revenue": 264535, 
        "long_term_average": 129481, 
        "date": "2015-02-28", 
        "operating_revenue": 129263, 
        "short_term_average": 140607
    }, 
    {
        "accumulated_operating_revenue_yoy": 30.972749994919834, 
        "accumulated_operating_revenue": 386718, 
        "long_term_average": 131444, 
        "date": "2015-03-31", 
        "operating_revenue": 122183, 
        "short_term_average": 128906
    }, 
    {
        "accumulated_operating_revenue_yoy": 30.76235613414146, 
        "accumulated_operating_revenue": 516493, 
        "long_term_average": 133949, 
        "date": "2015-04-30", 
        "operating_revenue": 129775, 
        "short_term_average": 127073
    }, 
    {
        "accumulated_operating_revenue_yoy": 28.007159252377313, 
        "accumulated_operating_revenue": 655837, 
        "long_term_average": 135781, 
        "date": "2015-05-31", 
        "operating_revenue": 139344, 
        "short_term_average": 130434
    }, 
    {
        "accumulated_operating_revenue_yoy": 25.549627383387453, 
        "accumulated_operating_revenue": 789957, 
        "long_term_average": 137219, 
        "date": "2015-06-30", 
        "operating_revenue": 134120, 
        "short_term_average": 134413
    }, 
    {
        "accumulated_operating_revenue_yoy": 19.19805495918796, 
        "accumulated_operating_revenue": 930522, 
        "long_term_average": 136312, 
        "date": "2015-07-31", 
        "operating_revenue": 140565, 
        "short_term_average": 138009
    }, 
    {
        "accumulated_operating_revenue_yoy": 17.066052428378857, 
        "accumulated_operating_revenue": 1073388, 
        "long_term_average": 136863, 
        "date": "2015-08-31", 
        "operating_revenue": 142866, 
        "short_term_average": 139183
    }, 
    {
        "accumulated_operating_revenue_yoy": 14.510897750102156, 
        "accumulated_operating_revenue": 1207814, 
        "long_term_average": 136578, 
        "date": "2015-09-30", 
        "operating_revenue": 134426, 
        "short_term_average": 139285
    }
]