[
    {
        "date": "2012-01-31", 
        "operating_revenue": 57815, 
        "accumulated_operating_revenue": 57815, 
        "long_term_average": 57815, 
        "short_term_average": 57815
    }, 
    {
        "date": "2012-02-29", 
        "operating_revenue": 65404, 
        "accumulated_operating_revenue": 123219, 
        "long_term_average": 61609, 
        "short_term_average": 61609
    }, 
    {
        "date": "2012-03-31", 
        "operating_revenue": 51211, 
        "accumulated_operating_revenue": 174430, 
        "long_term_average": 58143, 
        "short_term_average": 58143
    }, 
    {
        "date": "2012-04-30", 
        "operating_revenue": 64571, 
        "accumulated_operating_revenue": 239001, 
        "long_term_average": 59750, 
        "short_term_average": 60395
    }, 
    {
        "date": "2012-05-31", 
        "operating_revenue": 48864, 
        "accumulated_operating_revenue": 287865, 
        "long_term_average": 57573, 
        "short_term_average": 54882
    }, 
    {
        "date": "2012-06-30", 
        "operating_revenue": 54989, 
        "accumulated_operating_revenue": 342854, 
        "long_term_average": 57142, 
        "short_term_average": 56141
    }, 
    {
        "date": "2012-07-31", 
        "operating_revenue": 50115, 
        "accumulated_operating_revenue": 392969, 
        "long_term_average": 56138, 
        "short_term_average": 51322
    }, 
    {
        "date": "2012-08-31", 
        "operating_revenue": 57896, 
        "accumulated_operating_revenue": 450865, 
        "long_term_average": 56358, 
        "short_term_average": 54333
    }, 
    {
        "date": "2012-09-30", 
        "operating_revenue": 31740, 
        "accumulated_operating_revenue": 482605, 
        "long_term_average": 53622, 
        "short_term_average": 46583
    }, 
    {
        "date": "2012-10-31", 
        "operating_revenue": 56255, 
        "accumulated_operating_revenue": 538860, 
        "long_term_average": 53886, 
        "short_term_average": 48630
    }, 
    {
        "date": "2012-11-30", 
        "operating_revenue": 43848, 
        "accumulated_operating_revenue": 582708, 
        "long_term_average": 52973, 
        "short_term_average": 43947
    }, 
    {
        "date": "2012-12-31", 
        "operating_revenue": 62840, 
        "accumulated_operating_revenue": 645548, 
        "long_term_average": 53795, 
        "short_term_average": 54314
    }, 
    {
        "accumulated_operating_revenue_yoy": -7.814580991092276, 
        "accumulated_operating_revenue": 53297, 
        "long_term_average": 53419, 
        "date": "2013-01-31", 
        "operating_revenue": 53297, 
        "short_term_average": 53328
    }, 
    {
        "accumulated_operating_revenue_yoy": -20.170590574505557, 
        "accumulated_operating_revenue": 98365, 
        "long_term_average": 51724, 
        "date": "2013-02-28", 
        "operating_revenue": 45068, 
        "short_term_average": 53735
    }, 
    {
        "accumulated_operating_revenue_yoy": -16.705268589118845, 
        "accumulated_operating_revenue": 145291, 
        "long_term_average": 51367, 
        "date": "2013-03-31", 
        "operating_revenue": 46926, 
        "short_term_average": 48430
    }, 
    {
        "accumulated_operating_revenue_yoy": -12.839276823109527, 
        "accumulated_operating_revenue": 208315, 
        "long_term_average": 51238, 
        "date": "2013-04-30", 
        "operating_revenue": 63024, 
        "short_term_average": 51672
    }, 
    {
        "accumulated_operating_revenue_yoy": -5.636322581765758, 
        "accumulated_operating_revenue": 271640, 
        "long_term_average": 52443, 
        "date": "2013-05-31", 
        "operating_revenue": 63325, 
        "short_term_average": 57758
    }, 
    {
        "accumulated_operating_revenue_yoy": -4.231830458445869, 
        "accumulated_operating_revenue": 328345, 
        "long_term_average": 52586, 
        "date": "2013-06-30", 
        "operating_revenue": 56705, 
        "short_term_average": 61018
    }, 
    {
        "accumulated_operating_revenue_yoy": -2.70937402186941, 
        "accumulated_operating_revenue": 382322, 
        "long_term_average": 52908, 
        "date": "2013-07-31", 
        "operating_revenue": 53977, 
        "short_term_average": 58002
    }, 
    {
        "accumulated_operating_revenue_yoy": -2.361460747673916, 
        "accumulated_operating_revenue": 440218, 
        "long_term_average": 52908, 
        "date": "2013-08-31", 
        "operating_revenue": 57896, 
        "short_term_average": 56192
    }, 
    {
        "accumulated_operating_revenue_yoy": 4.5248184332943095, 
        "accumulated_operating_revenue": 504442, 
        "long_term_average": 55615, 
        "date": "2013-09-30", 
        "operating_revenue": 64224, 
        "short_term_average": 58699
    }, 
    {
        "accumulated_operating_revenue_yoy": 3.4149871951898456, 
        "accumulated_operating_revenue": 557262, 
        "long_term_average": 55329, 
        "date": "2013-10-31", 
        "operating_revenue": 52820, 
        "short_term_average": 58313
    }, 
    {
        "accumulated_operating_revenue_yoy": 5.644851280572774, 
        "accumulated_operating_revenue": 615601, 
        "long_term_average": 56536, 
        "date": "2013-11-30", 
        "operating_revenue": 58339, 
        "short_term_average": 58461
    }, 
    {
        "accumulated_operating_revenue_yoy": 3.8172219571588792, 
        "accumulated_operating_revenue": 670190, 
        "long_term_average": 55849, 
        "date": "2013-12-31", 
        "operating_revenue": 54589, 
        "short_term_average": 55249
    }, 
    {
        "accumulated_operating_revenue_yoy": 17.29740885978573, 
        "accumulated_operating_revenue": 62516, 
        "long_term_average": 56617, 
        "date": "2014-01-31", 
        "operating_revenue": 62516, 
        "short_term_average": 58481
    }, 
    {
        "accumulated_operating_revenue_yoy": 7.009607075687491, 
        "accumulated_operating_revenue": 105260, 
        "long_term_average": 56423, 
        "date": "2014-02-28", 
        "operating_revenue": 42744, 
        "short_term_average": 53283
    }, 
    {
        "accumulated_operating_revenue_yoy": 16.7133545780537, 
        "accumulated_operating_revenue": 169574, 
        "long_term_average": 57872, 
        "date": "2014-03-31", 
        "operating_revenue": 64314, 
        "short_term_average": 56524
    }, 
    {
        "accumulated_operating_revenue_yoy": 2.9090559969277296, 
        "accumulated_operating_revenue": 214375, 
        "long_term_average": 56354, 
        "date": "2014-04-30", 
        "operating_revenue": 44801, 
        "short_term_average": 50619
    }, 
    {
        "accumulated_operating_revenue_yoy": 1.8498748343395672, 
        "accumulated_operating_revenue": 276665, 
        "long_term_average": 56267, 
        "date": "2014-05-31", 
        "operating_revenue": 62290, 
        "short_term_average": 57135
    }, 
    {
        "accumulated_operating_revenue_yoy": 3.575812026983813, 
        "accumulated_operating_revenue": 340086, 
        "long_term_average": 56827, 
        "date": "2014-06-30", 
        "operating_revenue": 63421, 
        "short_term_average": 56837
    }, 
    {
        "accumulated_operating_revenue_yoy": 3.7630583644153357, 
        "accumulated_operating_revenue": 396709, 
        "long_term_average": 57048, 
        "date": "2014-07-31", 
        "operating_revenue": 56623, 
        "short_term_average": 60778
    }, 
    {
        "accumulated_operating_revenue_yoy": 3.185467200341649, 
        "accumulated_operating_revenue": 454241, 
        "long_term_average": 57017, 
        "date": "2014-08-31", 
        "operating_revenue": 57532, 
        "short_term_average": 59192
    }, 
    {
        "accumulated_operating_revenue_yoy": 0.06759944651714171, 
        "accumulated_operating_revenue": 504783, 
        "long_term_average": 55877, 
        "date": "2014-09-30", 
        "operating_revenue": 50542, 
        "short_term_average": 54899
    }, 
    {
        "accumulated_operating_revenue_yoy": 0.7229992355480904, 
        "accumulated_operating_revenue": 561291, 
        "long_term_average": 56184, 
        "date": "2014-10-31", 
        "operating_revenue": 56508, 
        "short_term_average": 54860
    }, 
    {
        "accumulated_operating_revenue_yoy": 2.7214055857609067, 
        "accumulated_operating_revenue": 632354, 
        "long_term_average": 57245, 
        "date": "2014-11-30", 
        "operating_revenue": 71063, 
        "short_term_average": 59371
    }, 
    {
        "accumulated_operating_revenue_yoy": 5.310434354436802, 
        "accumulated_operating_revenue": 705780, 
        "long_term_average": 58815, 
        "date": "2014-12-31", 
        "operating_revenue": 73426, 
        "short_term_average": 66999
    }, 
    {
        "accumulated_operating_revenue_yoy": 1.48761916949261, 
        "accumulated_operating_revenue": 63446, 
        "long_term_average": 58892, 
        "date": "2015-01-31", 
        "operating_revenue": 63446, 
        "short_term_average": 69311
    }, 
    {
        "accumulated_operating_revenue_yoy": 14.109823294698842, 
        "accumulated_operating_revenue": 120112, 
        "long_term_average": 60052, 
        "date": "2015-02-28", 
        "operating_revenue": 56666, 
        "short_term_average": 64512
    }, 
    {
        "accumulated_operating_revenue_yoy": 8.70003656220883, 
        "accumulated_operating_revenue": 184327, 
        "long_term_average": 60044, 
        "date": "2015-03-31", 
        "operating_revenue": 64215, 
        "short_term_average": 61442
    }, 
    {
        "accumulated_operating_revenue_yoy": 12.055510204081632, 
        "accumulated_operating_revenue": 240219, 
        "long_term_average": 60968, 
        "date": "2015-04-30", 
        "operating_revenue": 55892, 
        "short_term_average": 58924
    }, 
    {
        "accumulated_operating_revenue_yoy": 6.795583105922325, 
        "accumulated_operating_revenue": 295466, 
        "long_term_average": 60381, 
        "date": "2015-05-31", 
        "operating_revenue": 55247, 
        "short_term_average": 58451
    }, 
    {
        "accumulated_operating_revenue_yoy": 8.741612415683091, 
        "accumulated_operating_revenue": 369815, 
        "long_term_average": 61292, 
        "date": "2015-06-30", 
        "operating_revenue": 74349, 
        "short_term_average": 61829
    }, 
    {
        "accumulated_operating_revenue_yoy": 9.157089957626372, 
        "accumulated_operating_revenue": 433036, 
        "long_term_average": 61842, 
        "date": "2015-07-31", 
        "operating_revenue": 63221, 
        "short_term_average": 64272
    }, 
    {
        "accumulated_operating_revenue_yoy": 8.342707945782085, 
        "accumulated_operating_revenue": 492137, 
        "long_term_average": 61973, 
        "date": "2015-08-31", 
        "operating_revenue": 59101, 
        "short_term_average": 65557
    }, 
    {
        "accumulated_operating_revenue_yoy": 8.983662286566704, 
        "accumulated_operating_revenue": 550131, 
        "long_term_average": 62594, 
        "date": "2015-09-30", 
        "operating_revenue": 57994, 
        "short_term_average": 60105
    }
]