[
    {
        "date": "2012-01-31", 
        "operating_revenue": 257360, 
        "accumulated_operating_revenue": 257360, 
        "long_term_average": 257360, 
        "short_term_average": 257360
    }, 
    {
        "date": "2012-02-29", 
        "operating_revenue": 190771, 
        "accumulated_operating_revenue": 448131, 
        "long_term_average": 224065, 
        "short_term_average": 224065
    }, 
    {
        "date": "2012-03-31", 
        "operating_revenue": 185848, 
        "accumulated_operating_revenue": 633979, 
        "long_term_average": 211326, 
        "short_term_average": 211326
    }, 
    {
        "date": "2012-04-30", 
        "operating_revenue": 202065, 
        "accumulated_operating_revenue": 836044, 
        "long_term_average": 209011, 
        "short_term_average": 192894
    }, 
    {
        "date": "2012-05-31", 
        "operating_revenue": 206522, 
        "accumulated_operating_revenue": 1042566, 
        "long_term_average": 208513, 
        "short_term_average": 198145
    }, 
    {
        "date": "2012-06-30", 
        "operating_revenue": 206945, 
        "accumulated_operating_revenue": 1249511, 
        "long_term_average": 208251, 
        "short_term_average": 205177
    }, 
    {
        "date": "2012-07-31", 
        "operating_revenue": 219168, 
        "accumulated_operating_revenue": 1468679, 
        "long_term_average": 209811, 
        "short_term_average": 210878
    }, 
    {
        "date": "2012-08-31", 
        "operating_revenue": 209665, 
        "accumulated_operating_revenue": 1678344, 
        "long_term_average": 209793, 
        "short_term_average": 211926
    }, 
    {
        "date": "2012-09-30", 
        "operating_revenue": 231860, 
        "accumulated_operating_revenue": 1910204, 
        "long_term_average": 212244, 
        "short_term_average": 220231
    }, 
    {
        "date": "2012-10-31", 
        "operating_revenue": 203022, 
        "accumulated_operating_revenue": 2113226, 
        "long_term_average": 211322, 
        "short_term_average": 214849
    }, 
    {
        "date": "2012-11-30", 
        "operating_revenue": 211183, 
        "accumulated_operating_revenue": 2324409, 
        "long_term_average": 211309, 
        "short_term_average": 215355
    }, 
    {
        "date": "2012-12-31", 
        "operating_revenue": 226455, 
        "accumulated_operating_revenue": 2550864, 
        "long_term_average": 212572, 
        "short_term_average": 213553
    }, 
    {
        "accumulated_operating_revenue_yoy": 0.38778364936276033, 
        "accumulated_operating_revenue": 258358, 
        "long_term_average": 212655, 
        "date": "2013-01-31", 
        "operating_revenue": 258358, 
        "short_term_average": 231998
    }, 
    {
        "accumulated_operating_revenue_yoy": 8.719994822942398, 
        "accumulated_operating_revenue": 487208, 
        "long_term_average": 215828, 
        "date": "2013-02-28", 
        "operating_revenue": 228850, 
        "short_term_average": 237887
    }, 
    {
        "accumulated_operating_revenue_yoy": 6.847703157360102, 
        "accumulated_operating_revenue": 677392, 
        "long_term_average": 216189, 
        "date": "2013-03-31", 
        "operating_revenue": 190184, 
        "short_term_average": 225797
    }, 
    {
        "accumulated_operating_revenue_yoy": 5.8781595227045464, 
        "accumulated_operating_revenue": 885188, 
        "long_term_average": 216667, 
        "date": "2013-04-30", 
        "operating_revenue": 207796, 
        "short_term_average": 208943
    }, 
    {
        "accumulated_operating_revenue_yoy": 4.654573427485646, 
        "accumulated_operating_revenue": 1091093, 
        "long_term_average": 216615, 
        "date": "2013-05-31", 
        "operating_revenue": 205905, 
        "short_term_average": 201295
    }, 
    {
        "accumulated_operating_revenue_yoy": 4.643256441920079, 
        "accumulated_operating_revenue": 1307529, 
        "long_term_average": 217406, 
        "date": "2013-06-30", 
        "operating_revenue": 216436, 
        "short_term_average": 210045
    }, 
    {
        "accumulated_operating_revenue_yoy": 2.8506569509062225, 
        "accumulated_operating_revenue": 1510546, 
        "long_term_average": 216060, 
        "date": "2013-07-31", 
        "operating_revenue": 203017, 
        "short_term_average": 208452
    }, 
    {
        "accumulated_operating_revenue_yoy": 1.879709999857002, 
        "accumulated_operating_revenue": 1709892, 
        "long_term_average": 215201, 
        "date": "2013-08-31", 
        "operating_revenue": 199346, 
        "short_term_average": 206266
    }, 
    {
        "accumulated_operating_revenue_yoy": 1.2371453520147586, 
        "accumulated_operating_revenue": 1933836, 
        "long_term_average": 214541, 
        "date": "2013-09-30", 
        "operating_revenue": 223944, 
        "short_term_average": 208769
    }, 
    {
        "accumulated_operating_revenue_yoy": 0.7943305637920413, 
        "accumulated_operating_revenue": 2130012, 
        "long_term_average": 213970, 
        "date": "2013-10-31", 
        "operating_revenue": 196176, 
        "short_term_average": 206488
    }, 
    {
        "accumulated_operating_revenue_yoy": 0.7167413308070998, 
        "accumulated_operating_revenue": 2341069, 
        "long_term_average": 213960, 
        "date": "2013-11-30", 
        "operating_revenue": 211057, 
        "short_term_average": 210392
    }, 
    {
        "accumulated_operating_revenue_yoy": 1.0566223836315853, 
        "accumulated_operating_revenue": 2577817, 
        "long_term_average": 214818, 
        "date": "2013-12-31", 
        "operating_revenue": 236748, 
        "short_term_average": 214660
    }, 
    {
        "accumulated_operating_revenue_yoy": 7.861184867509424, 
        "accumulated_operating_revenue": 278668, 
        "long_term_average": 216510, 
        "date": "2014-01-31", 
        "operating_revenue": 278668, 
        "short_term_average": 242157
    }, 
    {
        "accumulated_operating_revenue_yoy": -4.358508070475033, 
        "accumulated_operating_revenue": 465973, 
        "long_term_average": 213048, 
        "date": "2014-02-28", 
        "operating_revenue": 187305, 
        "short_term_average": 234240
    }, 
    {
        "accumulated_operating_revenue_yoy": -4.508763020525781, 
        "accumulated_operating_revenue": 646850, 
        "long_term_average": 212272, 
        "date": "2014-03-31", 
        "operating_revenue": 180877, 
        "short_term_average": 215616
    }, 
    {
        "accumulated_operating_revenue_yoy": -4.162731532736549, 
        "accumulated_operating_revenue": 848340, 
        "long_term_average": 211747, 
        "date": "2014-04-30", 
        "operating_revenue": 201490, 
        "short_term_average": 189890
    }, 
    {
        "accumulated_operating_revenue_yoy": -3.4871454587280826, 
        "accumulated_operating_revenue": 1053045, 
        "long_term_average": 211647, 
        "date": "2014-05-31", 
        "operating_revenue": 204705, 
        "short_term_average": 195690
    }, 
    {
        "accumulated_operating_revenue_yoy": -2.388704189352588, 
        "accumulated_operating_revenue": 1276296, 
        "long_term_average": 212215, 
        "date": "2014-06-30", 
        "operating_revenue": 223251, 
        "short_term_average": 209815
    }, 
    {
        "accumulated_operating_revenue_yoy": -1.5286525534475615, 
        "accumulated_operating_revenue": 1487455, 
        "long_term_average": 212893, 
        "date": "2014-07-31", 
        "operating_revenue": 211159, 
        "short_term_average": 213038
    }, 
    {
        "accumulated_operating_revenue_yoy": -0.7318590881763293, 
        "accumulated_operating_revenue": 1697378, 
        "long_term_average": 213775, 
        "date": "2014-08-31", 
        "operating_revenue": 209923, 
        "short_term_average": 214777
    }, 
    {
        "accumulated_operating_revenue_yoy": -0.6243549091029436, 
        "accumulated_operating_revenue": 1921762, 
        "long_term_average": 213811, 
        "date": "2014-09-30", 
        "operating_revenue": 224384, 
        "short_term_average": 215155
    }, 
    {
        "accumulated_operating_revenue_yoy": -0.6372264569401487, 
        "accumulated_operating_revenue": 2116439, 
        "long_term_average": 213687, 
        "date": "2014-10-31", 
        "operating_revenue": 194677, 
        "short_term_average": 209661
    }, 
    {
        "accumulated_operating_revenue_yoy": -0.30648391824418675, 
        "accumulated_operating_revenue": 2333894, 
        "long_term_average": 214220, 
        "date": "2014-11-30", 
        "operating_revenue": 217455, 
        "short_term_average": 212172
    }, 
    {
        "accumulated_operating_revenue_yoy": -0.1380625544792357, 
        "accumulated_operating_revenue": 2574258, 
        "long_term_average": 214521, 
        "date": "2014-12-31", 
        "operating_revenue": 240364, 
        "short_term_average": 217498
    }, 
    {
        "accumulated_operating_revenue_yoy": -17.242022765441316, 
        "accumulated_operating_revenue": 230620, 
        "long_term_average": 210517, 
        "date": "2015-01-31", 
        "operating_revenue": 230620, 
        "short_term_average": 229479
    }, 
    {
        "accumulated_operating_revenue_yoy": 1.9258626572784259, 
        "accumulated_operating_revenue": 474947, 
        "long_term_average": 215269, 
        "date": "2015-02-28", 
        "operating_revenue": 244327, 
        "short_term_average": 238437
    }, 
    {
        "accumulated_operating_revenue_yoy": 3.161474839607328, 
        "accumulated_operating_revenue": 667300, 
        "long_term_average": 216225, 
        "date": "2015-03-31", 
        "operating_revenue": 192353, 
        "short_term_average": 222433
    }, 
    {
        "accumulated_operating_revenue_yoy": 2.4438314826602543, 
        "accumulated_operating_revenue": 869072, 
        "long_term_average": 216249, 
        "date": "2015-04-30", 
        "operating_revenue": 201772, 
        "short_term_average": 212817
    }, 
    {
        "accumulated_operating_revenue_yoy": 2.188130611702254, 
        "accumulated_operating_revenue": 1076087, 
        "long_term_average": 216441, 
        "date": "2015-05-31", 
        "operating_revenue": 207015, 
        "short_term_average": 200380
    }, 
    {
        "accumulated_operating_revenue_yoy": 2.120589581100309, 
        "accumulated_operating_revenue": 1303361, 
        "long_term_average": 216776, 
        "date": "2015-06-30", 
        "operating_revenue": 227274, 
        "short_term_average": 212020
    }, 
    {
        "accumulated_operating_revenue_yoy": 1.7424392670702642, 
        "accumulated_operating_revenue": 1513373, 
        "long_term_average": 216681, 
        "date": "2015-07-31", 
        "operating_revenue": 210012, 
        "short_term_average": 214767
    }, 
    {
        "accumulated_operating_revenue_yoy": 1.239499981736537, 
        "accumulated_operating_revenue": 1718417, 
        "long_term_average": 216274, 
        "date": "2015-08-31", 
        "operating_revenue": 205044, 
        "short_term_average": 214110
    }, 
    {
        "accumulated_operating_revenue_yoy": 1.5027875460124616, 
        "accumulated_operating_revenue": 1950642, 
        "long_term_average": 216928, 
        "date": "2015-09-30", 
        "operating_revenue": 232225, 
        "short_term_average": 215760
    }
]