[
    {
        "date": "2012-01-31", 
        "operating_revenue": 32541, 
        "accumulated_operating_revenue": 32541, 
        "long_term_average": 32541, 
        "short_term_average": 32541
    }, 
    {
        "date": "2012-02-29", 
        "operating_revenue": 21213, 
        "accumulated_operating_revenue": 53754, 
        "long_term_average": 26877, 
        "short_term_average": 26877
    }, 
    {
        "date": "2012-03-31", 
        "operating_revenue": 25806, 
        "accumulated_operating_revenue": 79560, 
        "long_term_average": 26520, 
        "short_term_average": 26520
    }, 
    {
        "date": "2012-04-30", 
        "operating_revenue": 32309, 
        "accumulated_operating_revenue": 111869, 
        "long_term_average": 27967, 
        "short_term_average": 26442
    }, 
    {
        "date": "2012-05-31", 
        "operating_revenue": 27078, 
        "accumulated_operating_revenue": 138947, 
        "long_term_average": 27789, 
        "short_term_average": 28397
    }, 
    {
        "date": "2012-06-30", 
        "operating_revenue": 26087, 
        "accumulated_operating_revenue": 165034, 
        "long_term_average": 27505, 
        "short_term_average": 28491
    }, 
    {
        "date": "2012-07-31", 
        "operating_revenue": 34000, 
        "accumulated_operating_revenue": 199034, 
        "long_term_average": 28433, 
        "short_term_average": 29055
    }, 
    {
        "date": "2012-08-31", 
        "operating_revenue": 34059, 
        "accumulated_operating_revenue": 233093, 
        "long_term_average": 29136, 
        "short_term_average": 31382
    }, 
    {
        "date": "2012-09-30", 
        "operating_revenue": 26733, 
        "accumulated_operating_revenue": 259826, 
        "long_term_average": 28869, 
        "short_term_average": 31597
    }, 
    {
        "date": "2012-10-31", 
        "operating_revenue": 23064, 
        "accumulated_operating_revenue": 282890, 
        "long_term_average": 28289, 
        "short_term_average": 27952
    }, 
    {
        "date": "2012-11-30", 
        "operating_revenue": 23360, 
        "accumulated_operating_revenue": 306250, 
        "long_term_average": 27840, 
        "short_term_average": 24385
    }, 
    {
        "date": "2012-12-31", 
        "operating_revenue": 26887, 
        "accumulated_operating_revenue": 333137, 
        "long_term_average": 27761, 
        "short_term_average": 24437
    }, 
    {
        "accumulated_operating_revenue_yoy": -29.925324974647367, 
        "accumulated_operating_revenue": 22803, 
        "long_term_average": 26949, 
        "date": "2013-01-31", 
        "operating_revenue": 22803, 
        "short_term_average": 24350
    }, 
    {
        "accumulated_operating_revenue_yoy": 12.404658257990103, 
        "accumulated_operating_revenue": 60422, 
        "long_term_average": 28317, 
        "date": "2013-02-28", 
        "operating_revenue": 37619, 
        "short_term_average": 29103
    }, 
    {
        "accumulated_operating_revenue_yoy": 9.582704876822525, 
        "accumulated_operating_revenue": 87184, 
        "long_term_average": 28396, 
        "date": "2013-03-31", 
        "operating_revenue": 26762, 
        "short_term_average": 29061
    }, 
    {
        "accumulated_operating_revenue_yoy": 3.738301048547855, 
        "accumulated_operating_revenue": 116051, 
        "long_term_average": 28109, 
        "date": "2013-04-30", 
        "operating_revenue": 28867, 
        "short_term_average": 31082
    }, 
    {
        "accumulated_operating_revenue_yoy": 5.05732401563186, 
        "accumulated_operating_revenue": 145974, 
        "long_term_average": 28347, 
        "date": "2013-05-31", 
        "operating_revenue": 29923, 
        "short_term_average": 28517
    }, 
    {
        "accumulated_operating_revenue_yoy": 7.375449907291831, 
        "accumulated_operating_revenue": 177206, 
        "long_term_average": 28775, 
        "date": "2013-06-30", 
        "operating_revenue": 31232, 
        "short_term_average": 30007
    }, 
    {
        "accumulated_operating_revenue_yoy": 7.356532049800537, 
        "accumulated_operating_revenue": 213676, 
        "long_term_average": 28981, 
        "date": "2013-07-31", 
        "operating_revenue": 36470, 
        "short_term_average": 32541
    }, 
    {
        "accumulated_operating_revenue_yoy": 5.103971376231804, 
        "accumulated_operating_revenue": 244990, 
        "long_term_average": 28752, 
        "date": "2013-08-31", 
        "operating_revenue": 31314, 
        "short_term_average": 33005
    }, 
    {
        "accumulated_operating_revenue_yoy": 5.523696627743182, 
        "accumulated_operating_revenue": 274178, 
        "long_term_average": 28957, 
        "date": "2013-09-30", 
        "operating_revenue": 29188, 
        "short_term_average": 32324
    }, 
    {
        "accumulated_operating_revenue_yoy": 5.627275619498745, 
        "accumulated_operating_revenue": 298809, 
        "long_term_average": 29088, 
        "date": "2013-10-31", 
        "operating_revenue": 24631, 
        "short_term_average": 28377
    }, 
    {
        "accumulated_operating_revenue_yoy": 7.572897959183673, 
        "accumulated_operating_revenue": 329442, 
        "long_term_average": 29694, 
        "date": "2013-11-30", 
        "operating_revenue": 30633, 
        "short_term_average": 28150
    }, 
    {
        "accumulated_operating_revenue_yoy": 7.885644644695726, 
        "accumulated_operating_revenue": 359407, 
        "long_term_average": 29950, 
        "date": "2013-12-31", 
        "operating_revenue": 29965, 
        "short_term_average": 28409
    }, 
    {
        "accumulated_operating_revenue_yoy": 20.418366004473096, 
        "accumulated_operating_revenue": 27459, 
        "long_term_average": 30338, 
        "date": "2014-01-31", 
        "operating_revenue": 27459, 
        "short_term_average": 29352
    }, 
    {
        "accumulated_operating_revenue_yoy": 0.09764655258018602, 
        "accumulated_operating_revenue": 60481, 
        "long_term_average": 29955, 
        "date": "2014-02-28", 
        "operating_revenue": 33022, 
        "short_term_average": 30148
    }, 
    {
        "accumulated_operating_revenue_yoy": 2.129977977610571, 
        "accumulated_operating_revenue": 89041, 
        "long_term_average": 30105, 
        "date": "2014-03-31", 
        "operating_revenue": 28560, 
        "short_term_average": 29680
    }, 
    {
        "accumulated_operating_revenue_yoy": -0.095647603208934, 
        "accumulated_operating_revenue": 115940, 
        "long_term_average": 29941, 
        "date": "2014-04-30", 
        "operating_revenue": 26899, 
        "short_term_average": 29493
    }, 
    {
        "accumulated_operating_revenue_yoy": 0.9809966158356968, 
        "accumulated_operating_revenue": 147406, 
        "long_term_average": 30069, 
        "date": "2014-05-31", 
        "operating_revenue": 31466, 
        "short_term_average": 28975
    }, 
    {
        "accumulated_operating_revenue_yoy": 0.5090121101994289, 
        "accumulated_operating_revenue": 178108, 
        "long_term_average": 30025, 
        "date": "2014-06-30", 
        "operating_revenue": 30702, 
        "short_term_average": 29689
    }, 
    {
        "accumulated_operating_revenue_yoy": -2.4031711563301448, 
        "accumulated_operating_revenue": 208541, 
        "long_term_average": 29522, 
        "date": "2014-07-31", 
        "operating_revenue": 30433, 
        "short_term_average": 30867
    }, 
    {
        "accumulated_operating_revenue_yoy": 2.437650516347606, 
        "accumulated_operating_revenue": 250962, 
        "long_term_average": 30448, 
        "date": "2014-08-31", 
        "operating_revenue": 42421, 
        "short_term_average": 34518
    }, 
    {
        "accumulated_operating_revenue_yoy": 2.4090189584868225, 
        "accumulated_operating_revenue": 280783, 
        "long_term_average": 30501, 
        "date": "2014-09-30", 
        "operating_revenue": 29821, 
        "short_term_average": 34225
    }, 
    {
        "accumulated_operating_revenue_yoy": 5.4322326302085955, 
        "accumulated_operating_revenue": 315041, 
        "long_term_average": 31303, 
        "date": "2014-10-31", 
        "operating_revenue": 34258, 
        "short_term_average": 35500
    }, 
    {
        "accumulated_operating_revenue_yoy": 4.273893431924284, 
        "accumulated_operating_revenue": 343522, 
        "long_term_average": 31123, 
        "date": "2014-11-30", 
        "operating_revenue": 28481, 
        "short_term_average": 30853
    }, 
    {
        "accumulated_operating_revenue_yoy": 3.551127273536687, 
        "accumulated_operating_revenue": 372170, 
        "long_term_average": 31014, 
        "date": "2014-12-31", 
        "operating_revenue": 28648, 
        "short_term_average": 30462
    }, 
    {
        "accumulated_operating_revenue_yoy": 16.974398193670563, 
        "accumulated_operating_revenue": 32120, 
        "long_term_average": 31402, 
        "date": "2015-01-31", 
        "operating_revenue": 32120, 
        "short_term_average": 29749
    }, 
    {
        "accumulated_operating_revenue_yoy": 11.84669565648716, 
        "accumulated_operating_revenue": 67646, 
        "long_term_average": 31611, 
        "date": "2015-02-28", 
        "operating_revenue": 35526, 
        "short_term_average": 32098
    }, 
    {
        "accumulated_operating_revenue_yoy": 7.068653766242518, 
        "accumulated_operating_revenue": 95335, 
        "long_term_average": 31538, 
        "date": "2015-03-31", 
        "operating_revenue": 27689, 
        "short_term_average": 31778
    }, 
    {
        "accumulated_operating_revenue_yoy": 12.102811799206487, 
        "accumulated_operating_revenue": 129972, 
        "long_term_average": 32183, 
        "date": "2015-04-30", 
        "operating_revenue": 34637, 
        "short_term_average": 32617
    }, 
    {
        "accumulated_operating_revenue_yoy": 10.46226069495136, 
        "accumulated_operating_revenue": 162828, 
        "long_term_average": 32299, 
        "date": "2015-05-31", 
        "operating_revenue": 32856, 
        "short_term_average": 31727
    }, 
    {
        "accumulated_operating_revenue_yoy": 10.927639409796305, 
        "accumulated_operating_revenue": 197571, 
        "long_term_average": 32636, 
        "date": "2015-06-30", 
        "operating_revenue": 34743, 
        "short_term_average": 34078
    }, 
    {
        "accumulated_operating_revenue_yoy": 12.07292570765461, 
        "accumulated_operating_revenue": 233718, 
        "long_term_average": 33112, 
        "date": "2015-07-31", 
        "operating_revenue": 36147, 
        "short_term_average": 34582
    }, 
    {
        "accumulated_operating_revenue_yoy": 9.404611056653996, 
        "accumulated_operating_revenue": 274564, 
        "long_term_average": 32981, 
        "date": "2015-08-31", 
        "operating_revenue": 40846, 
        "short_term_average": 37245
    }, 
    {
        "accumulated_operating_revenue_yoy": 9.384115135175563, 
        "accumulated_operating_revenue": 307132, 
        "long_term_average": 33209, 
        "date": "2015-09-30", 
        "operating_revenue": 32568, 
        "short_term_average": 36520
    }, 
    {
        "accumulated_operating_revenue_yoy": 8.278605006967348, 
        "accumulated_operating_revenue": 341122, 
        "long_term_average": 33187, 
        "date": "2015-10-31", 
        "operating_revenue": 33990, 
        "short_term_average": 35801
    }
]