[
    {
        "date": "2012-01-31", 
        "operating_revenue": 45020, 
        "accumulated_operating_revenue": 45020, 
        "long_term_average": 45020, 
        "short_term_average": 45020
    }, 
    {
        "date": "2012-02-29", 
        "operating_revenue": 32273, 
        "accumulated_operating_revenue": 77293, 
        "long_term_average": 38646, 
        "short_term_average": 38646
    }, 
    {
        "date": "2012-03-31", 
        "operating_revenue": 48070, 
        "accumulated_operating_revenue": 125363, 
        "long_term_average": 41787, 
        "short_term_average": 41787
    }, 
    {
        "date": "2012-04-30", 
        "operating_revenue": 43659, 
        "accumulated_operating_revenue": 169022, 
        "long_term_average": 42255, 
        "short_term_average": 41334
    }, 
    {
        "date": "2012-05-31", 
        "operating_revenue": 43516, 
        "accumulated_operating_revenue": 212538, 
        "long_term_average": 42507, 
        "short_term_average": 45081
    }, 
    {
        "date": "2012-06-30", 
        "operating_revenue": 44352, 
        "accumulated_operating_revenue": 256890, 
        "long_term_average": 42815, 
        "short_term_average": 43842
    }, 
    {
        "date": "2012-07-31", 
        "operating_revenue": 55346, 
        "accumulated_operating_revenue": 312236, 
        "long_term_average": 44605, 
        "short_term_average": 47738
    }, 
    {
        "date": "2012-08-31", 
        "operating_revenue": 42554, 
        "accumulated_operating_revenue": 354790, 
        "long_term_average": 44348, 
        "short_term_average": 47417
    }, 
    {
        "date": "2012-09-30", 
        "operating_revenue": 36091, 
        "accumulated_operating_revenue": 390881, 
        "long_term_average": 43431, 
        "short_term_average": 44663
    }, 
    {
        "date": "2012-10-31", 
        "operating_revenue": 48450, 
        "accumulated_operating_revenue": 439331, 
        "long_term_average": 43933, 
        "short_term_average": 42365
    }, 
    {
        "date": "2012-11-30", 
        "operating_revenue": 50616, 
        "accumulated_operating_revenue": 489947, 
        "long_term_average": 44540, 
        "short_term_average": 45052
    }, 
    {
        "date": "2012-12-31", 
        "operating_revenue": 52162, 
        "accumulated_operating_revenue": 542109, 
        "long_term_average": 45175, 
        "short_term_average": 50409
    }, 
    {
        "accumulated_operating_revenue_yoy": 1.2527765437583296, 
        "accumulated_operating_revenue": 45584, 
        "long_term_average": 45222, 
        "date": "2013-01-31", 
        "operating_revenue": 45584, 
        "short_term_average": 49454
    }, 
    {
        "accumulated_operating_revenue_yoy": 22.355193872666348, 
        "accumulated_operating_revenue": 94572, 
        "long_term_average": 46615, 
        "date": "2013-02-28", 
        "operating_revenue": 48988, 
        "short_term_average": 48911
    }, 
    {
        "accumulated_operating_revenue_yoy": 24.690698212391215, 
        "accumulated_operating_revenue": 156316, 
        "long_term_average": 47755, 
        "date": "2013-03-31", 
        "operating_revenue": 61744, 
        "short_term_average": 52105
    }, 
    {
        "accumulated_operating_revenue_yoy": 24.287962513755605, 
        "accumulated_operating_revenue": 210074, 
        "long_term_average": 48596, 
        "date": "2013-04-30", 
        "operating_revenue": 53758, 
        "short_term_average": 54830
    }, 
    {
        "accumulated_operating_revenue_yoy": 24.048405461611573, 
        "accumulated_operating_revenue": 263650, 
        "long_term_average": 49435, 
        "date": "2013-05-31", 
        "operating_revenue": 53576, 
        "short_term_average": 56359
    }, 
    {
        "accumulated_operating_revenue_yoy": 24.24890030752462, 
        "accumulated_operating_revenue": 319183, 
        "long_term_average": 50366, 
        "date": "2013-06-30", 
        "operating_revenue": 55533, 
        "short_term_average": 54289
    }, 
    {
        "accumulated_operating_revenue_yoy": 22.446803059224433, 
        "accumulated_operating_revenue": 382323, 
        "long_term_average": 51016, 
        "date": "2013-07-31", 
        "operating_revenue": 63140, 
        "short_term_average": 57416
    }, 
    {
        "accumulated_operating_revenue_yoy": 24.49054370190817, 
        "accumulated_operating_revenue": 441680, 
        "long_term_average": 52416, 
        "date": "2013-08-31", 
        "operating_revenue": 59357, 
        "short_term_average": 59343
    }, 
    {
        "accumulated_operating_revenue_yoy": 24.829807537332336, 
        "accumulated_operating_revenue": 487936, 
        "long_term_average": 53263, 
        "date": "2013-09-30", 
        "operating_revenue": 46256, 
        "short_term_average": 56251
    }, 
    {
        "accumulated_operating_revenue_yoy": 23.140638834955876, 
        "accumulated_operating_revenue": 540995, 
        "long_term_average": 53647, 
        "date": "2013-10-31", 
        "operating_revenue": 53059, 
        "short_term_average": 52890
    }, 
    {
        "accumulated_operating_revenue_yoy": 21.056155053505787, 
        "accumulated_operating_revenue": 593111, 
        "long_term_average": 53772, 
        "date": "2013-11-30", 
        "operating_revenue": 52116, 
        "short_term_average": 50477
    }, 
    {
        "accumulated_operating_revenue_yoy": 19.37451693294153, 
        "accumulated_operating_revenue": 647140, 
        "long_term_average": 53928, 
        "date": "2013-12-31", 
        "operating_revenue": 54029, 
        "short_term_average": 53068
    }, 
    {
        "accumulated_operating_revenue_yoy": 9.090909090909092, 
        "accumulated_operating_revenue": 49728, 
        "long_term_average": 54273, 
        "date": "2014-01-31", 
        "operating_revenue": 49728, 
        "short_term_average": 51957
    }, 
    {
        "accumulated_operating_revenue_yoy": 10.539060186947511, 
        "accumulated_operating_revenue": 104539, 
        "long_term_average": 54758, 
        "date": "2014-02-28", 
        "operating_revenue": 54811, 
        "short_term_average": 52856
    }, 
    {
        "accumulated_operating_revenue_yoy": 10.447427006832315, 
        "accumulated_operating_revenue": 172647, 
        "long_term_average": 55289, 
        "date": "2014-03-31", 
        "operating_revenue": 68108, 
        "short_term_average": 57549
    }, 
    {
        "accumulated_operating_revenue_yoy": 11.569732570427565, 
        "accumulated_operating_revenue": 234379, 
        "long_term_average": 55953, 
        "date": "2014-04-30", 
        "operating_revenue": 61732, 
        "short_term_average": 61550
    }, 
    {
        "accumulated_operating_revenue_yoy": 12.100891333206903, 
        "accumulated_operating_revenue": 295554, 
        "long_term_average": 56587, 
        "date": "2014-05-31", 
        "operating_revenue": 61175, 
        "short_term_average": 63671
    }, 
    {
        "accumulated_operating_revenue_yoy": 12.724988486228902, 
        "accumulated_operating_revenue": 359799, 
        "long_term_average": 57313, 
        "date": "2014-06-30", 
        "operating_revenue": 64245, 
        "short_term_average": 62384
    }, 
    {
        "accumulated_operating_revenue_yoy": 10.622170259178757, 
        "accumulated_operating_revenue": 422934, 
        "long_term_average": 57312, 
        "date": "2014-07-31", 
        "operating_revenue": 63135, 
        "short_term_average": 62851
    }, 
    {
        "accumulated_operating_revenue_yoy": 9.661066835718167, 
        "accumulated_operating_revenue": 484351, 
        "long_term_average": 57484, 
        "date": "2014-08-31", 
        "operating_revenue": 61417, 
        "short_term_average": 62932
    }, 
    {
        "accumulated_operating_revenue_yoy": 9.431564795383002, 
        "accumulated_operating_revenue": 533956, 
        "long_term_average": 57763, 
        "date": "2014-09-30", 
        "operating_revenue": 49605, 
        "short_term_average": 58052
    }, 
    {
        "accumulated_operating_revenue_yoy": 9.665338866348119, 
        "accumulated_operating_revenue": 593284, 
        "long_term_average": 58285, 
        "date": "2014-10-31", 
        "operating_revenue": 59328, 
        "short_term_average": 56783
    }, 
    {
        "accumulated_operating_revenue_yoy": 9.124767539297029, 
        "accumulated_operating_revenue": 647231, 
        "long_term_average": 58438, 
        "date": "2014-11-30", 
        "operating_revenue": 53947, 
        "short_term_average": 54293
    }, 
    {
        "accumulated_operating_revenue_yoy": 9.148252310164724, 
        "accumulated_operating_revenue": 706342, 
        "long_term_average": 58861, 
        "date": "2014-12-31", 
        "operating_revenue": 59111, 
        "short_term_average": 57462
    }, 
    {
        "accumulated_operating_revenue_yoy": 1.5061936936936937, 
        "accumulated_operating_revenue": 50477, 
        "long_term_average": 58924, 
        "date": "2015-01-31", 
        "operating_revenue": 50477, 
        "short_term_average": 54511
    }, 
    {
        "accumulated_operating_revenue_yoy": -2.3991046403734493, 
        "accumulated_operating_revenue": 102031, 
        "long_term_average": 58652, 
        "date": "2015-02-28", 
        "operating_revenue": 51554, 
        "short_term_average": 53714
    }, 
    {
        "accumulated_operating_revenue_yoy": -1.6235439943931835, 
        "accumulated_operating_revenue": 169844, 
        "long_term_average": 58628, 
        "date": "2015-03-31", 
        "operating_revenue": 67813, 
        "short_term_average": 56614
    }, 
    {
        "accumulated_operating_revenue_yoy": -5.043967249625606, 
        "accumulated_operating_revenue": 222557, 
        "long_term_average": 57876, 
        "date": "2015-04-30", 
        "operating_revenue": 52713, 
        "short_term_average": 57360
    }, 
    {
        "accumulated_operating_revenue_yoy": -3.681899077664318, 
        "accumulated_operating_revenue": 284672, 
        "long_term_average": 57955, 
        "date": "2015-05-31", 
        "operating_revenue": 62115, 
        "short_term_average": 60880
    }, 
    {
        "accumulated_operating_revenue_yoy": -3.2059566591346838, 
        "accumulated_operating_revenue": 348264, 
        "long_term_average": 57900, 
        "date": "2015-06-30", 
        "operating_revenue": 63592, 
        "short_term_average": 59473
    }, 
    {
        "accumulated_operating_revenue_yoy": -0.5700653056978158, 
        "accumulated_operating_revenue": 420523, 
        "long_term_average": 58660, 
        "date": "2015-07-31", 
        "operating_revenue": 72259, 
        "short_term_average": 65988
    }, 
    {
        "accumulated_operating_revenue_yoy": 0.40962029602499017, 
        "accumulated_operating_revenue": 486335, 
        "long_term_average": 59027, 
        "date": "2015-08-31", 
        "operating_revenue": 65812, 
        "short_term_average": 67221
    }, 
    {
        "accumulated_operating_revenue_yoy": 1.9063368517256103, 
        "accumulated_operating_revenue": 544135, 
        "long_term_average": 59710, 
        "date": "2015-09-30", 
        "operating_revenue": 57800, 
        "short_term_average": 65290
    }, 
    {
        "accumulated_operating_revenue_yoy": 10.445924717336048, 
        "accumulated_operating_revenue": 655258, 
        "long_term_average": 64026, 
        "date": "2015-10-31", 
        "operating_revenue": 111123, 
        "short_term_average": 78245
    }
]