[
    {
        "date": "2012-01-31", 
        "operating_revenue": 278389, 
        "accumulated_operating_revenue": 278389, 
        "long_term_average": 278389, 
        "short_term_average": 278389
    }, 
    {
        "date": "2012-02-29", 
        "operating_revenue": 238856, 
        "accumulated_operating_revenue": 517245, 
        "long_term_average": 258622, 
        "short_term_average": 258622
    }, 
    {
        "date": "2012-03-31", 
        "operating_revenue": 266158, 
        "accumulated_operating_revenue": 783403, 
        "long_term_average": 261134, 
        "short_term_average": 261134
    }, 
    {
        "date": "2012-04-30", 
        "operating_revenue": 230138, 
        "accumulated_operating_revenue": 1013541, 
        "long_term_average": 253385, 
        "short_term_average": 245050
    }, 
    {
        "date": "2012-05-31", 
        "operating_revenue": 237496, 
        "accumulated_operating_revenue": 1251037, 
        "long_term_average": 250207, 
        "short_term_average": 244597
    }, 
    {
        "date": "2012-06-30", 
        "operating_revenue": 263779, 
        "accumulated_operating_revenue": 1514816, 
        "long_term_average": 252469, 
        "short_term_average": 243804
    }, 
    {
        "date": "2012-07-31", 
        "operating_revenue": 240931, 
        "accumulated_operating_revenue": 1755747, 
        "long_term_average": 250821, 
        "short_term_average": 247402
    }, 
    {
        "date": "2012-08-31", 
        "operating_revenue": 225557, 
        "accumulated_operating_revenue": 1981304, 
        "long_term_average": 247663, 
        "short_term_average": 243422
    }, 
    {
        "date": "2012-09-30", 
        "operating_revenue": 257349, 
        "accumulated_operating_revenue": 2238653, 
        "long_term_average": 248739, 
        "short_term_average": 241279
    }, 
    {
        "date": "2012-10-31", 
        "operating_revenue": 259949, 
        "accumulated_operating_revenue": 2498602, 
        "long_term_average": 249860, 
        "short_term_average": 247618
    }, 
    {
        "date": "2012-11-30", 
        "operating_revenue": 267129, 
        "accumulated_operating_revenue": 2765731, 
        "long_term_average": 251430, 
        "short_term_average": 261475
    }, 
    {
        "date": "2012-12-31", 
        "operating_revenue": 284912, 
        "accumulated_operating_revenue": 3050643, 
        "long_term_average": 254220, 
        "short_term_average": 270663
    }, 
    {
        "accumulated_operating_revenue_yoy": -0.08764714123043654, 
        "accumulated_operating_revenue": 278145, 
        "long_term_average": 254199, 
        "date": "2013-01-31", 
        "operating_revenue": 278145, 
        "short_term_average": 276728
    }, 
    {
        "accumulated_operating_revenue_yoy": 4.401782520855687, 
        "accumulated_operating_revenue": 540013, 
        "long_term_average": 256117, 
        "date": "2013-02-28", 
        "operating_revenue": 261868, 
        "short_term_average": 274975
    }, 
    {
        "accumulated_operating_revenue_yoy": 5.299571229622558, 
        "accumulated_operating_revenue": 824920, 
        "long_term_average": 257680, 
        "date": "2013-03-31", 
        "operating_revenue": 284907, 
        "short_term_average": 274973
    }, 
    {
        "accumulated_operating_revenue_yoy": 4.78697951044901, 
        "accumulated_operating_revenue": 1062059, 
        "long_term_average": 258263, 
        "date": "2013-04-30", 
        "operating_revenue": 237139, 
        "short_term_average": 261304
    }, 
    {
        "accumulated_operating_revenue_yoy": 4.052078395762875, 
        "accumulated_operating_revenue": 1301730, 
        "long_term_average": 258444, 
        "date": "2013-05-31", 
        "operating_revenue": 239671, 
        "short_term_average": 253905
    }, 
    {
        "accumulated_operating_revenue_yoy": 3.499236871012717, 
        "accumulated_operating_revenue": 1567823, 
        "long_term_average": 258637, 
        "date": "2013-06-30", 
        "operating_revenue": 266093, 
        "short_term_average": 247634
    }, 
    {
        "accumulated_operating_revenue_yoy": 3.0418391715890727, 
        "accumulated_operating_revenue": 1809154, 
        "long_term_average": 258670, 
        "date": "2013-07-31", 
        "operating_revenue": 241331, 
        "short_term_average": 249031
    }, 
    {
        "accumulated_operating_revenue_yoy": 3.4073014539919164, 
        "accumulated_operating_revenue": 2048813, 
        "long_term_average": 259846, 
        "date": "2013-08-31", 
        "operating_revenue": 239659, 
        "short_term_average": 249027
    }, 
    {
        "accumulated_operating_revenue_yoy": 4.561090977476188, 
        "accumulated_operating_revenue": 2340760, 
        "long_term_average": 262729, 
        "date": "2013-09-30", 
        "operating_revenue": 291947, 
        "short_term_average": 257645
    }, 
    {
        "accumulated_operating_revenue_yoy": 4.565272900606019, 
        "accumulated_operating_revenue": 2612670, 
        "long_term_average": 263725, 
        "date": "2013-10-31", 
        "operating_revenue": 271910, 
        "short_term_average": 267838
    }, 
    {
        "accumulated_operating_revenue_yoy": 5.214281504600411, 
        "accumulated_operating_revenue": 2909944, 
        "long_term_average": 266238, 
        "date": "2013-11-30", 
        "operating_revenue": 297274, 
        "short_term_average": 287043
    }, 
    {
        "accumulated_operating_revenue_yoy": 5.381357307295544, 
        "accumulated_operating_revenue": 3214809, 
        "long_term_average": 267900, 
        "date": "2013-12-31", 
        "operating_revenue": 304865, 
        "short_term_average": 291349
    }, 
    {
        "accumulated_operating_revenue_yoy": 18.15887396861349, 
        "accumulated_operating_revenue": 328653, 
        "long_term_average": 272109, 
        "date": "2014-01-31", 
        "operating_revenue": 328653, 
        "short_term_average": 310264
    }, 
    {
        "accumulated_operating_revenue_yoy": 12.261556666228406, 
        "accumulated_operating_revenue": 606227, 
        "long_term_average": 273418, 
        "date": "2014-02-28", 
        "operating_revenue": 277574, 
        "short_term_average": 303697
    }, 
    {
        "accumulated_operating_revenue_yoy": 8.416694952237792, 
        "accumulated_operating_revenue": 894351, 
        "long_term_average": 273686, 
        "date": "2014-03-31", 
        "operating_revenue": 288124, 
        "short_term_average": 298117
    }, 
    {
        "accumulated_operating_revenue_yoy": 7.95388956734042, 
        "accumulated_operating_revenue": 1146534, 
        "long_term_average": 274940, 
        "date": "2014-04-30", 
        "operating_revenue": 252183, 
        "short_term_average": 272627
    }, 
    {
        "accumulated_operating_revenue_yoy": 10.503637467063061, 
        "accumulated_operating_revenue": 1438459, 
        "long_term_average": 279294, 
        "date": "2014-05-31", 
        "operating_revenue": 291925, 
        "short_term_average": 277410
    }, 
    {
        "accumulated_operating_revenue_yoy": 10.346384764096458, 
        "accumulated_operating_revenue": 1730036, 
        "long_term_average": 281418, 
        "date": "2014-06-30", 
        "operating_revenue": 291577, 
        "short_term_average": 278561
    }, 
    {
        "accumulated_operating_revenue_yoy": 10.802673514803052, 
        "accumulated_operating_revenue": 2004591, 
        "long_term_average": 284187, 
        "date": "2014-07-31", 
        "operating_revenue": 274555, 
        "short_term_average": 286019
    }, 
    {
        "accumulated_operating_revenue_yoy": 10.641576366413137, 
        "accumulated_operating_revenue": 2266839, 
        "long_term_average": 286069, 
        "date": "2014-08-31", 
        "operating_revenue": 262248, 
        "short_term_average": 276126
    }, 
    {
        "accumulated_operating_revenue_yoy": 10.243254327654267, 
        "accumulated_operating_revenue": 2580530, 
        "long_term_average": 287881, 
        "date": "2014-09-30", 
        "operating_revenue": 313691, 
        "short_term_average": 283498
    }, 
    {
        "accumulated_operating_revenue_yoy": 9.787382256465609, 
        "accumulated_operating_revenue": 2868382, 
        "long_term_average": 289210, 
        "date": "2014-10-31", 
        "operating_revenue": 287852, 
        "short_term_average": 287930
    }, 
    {
        "accumulated_operating_revenue_yoy": 8.702779160011326, 
        "accumulated_operating_revenue": 3163190, 
        "long_term_average": 289004, 
        "date": "2014-11-30", 
        "operating_revenue": 294808, 
        "short_term_average": 298783
    }, 
    {
        "accumulated_operating_revenue_yoy": 8.234237243954462, 
        "accumulated_operating_revenue": 3479524, 
        "long_term_average": 289960, 
        "date": "2014-12-31", 
        "operating_revenue": 316334, 
        "short_term_average": 299664
    }, 
    {
        "accumulated_operating_revenue_yoy": -4.567431302924361, 
        "accumulated_operating_revenue": 313642, 
        "long_term_average": 288709, 
        "date": "2015-01-31", 
        "operating_revenue": 313642, 
        "short_term_average": 308261
    }, 
    {
        "accumulated_operating_revenue_yoy": 2.781796257837411, 
        "accumulated_operating_revenue": 623091, 
        "long_term_average": 291365, 
        "date": "2015-02-28", 
        "operating_revenue": 309449, 
        "short_term_average": 313141
    }, 
    {
        "accumulated_operating_revenue_yoy": 4.090787621414858, 
        "accumulated_operating_revenue": 930937, 
        "long_term_average": 293009, 
        "date": "2015-03-31", 
        "operating_revenue": 307846, 
        "short_term_average": 310312
    }, 
    {
        "accumulated_operating_revenue_yoy": 4.164638815769964, 
        "accumulated_operating_revenue": 1194283, 
        "long_term_average": 293939, 
        "date": "2015-04-30", 
        "operating_revenue": 263346, 
        "short_term_average": 293547
    }, 
    {
        "accumulated_operating_revenue_yoy": 4.546254012106011, 
        "accumulated_operating_revenue": 1503855, 
        "long_term_average": 295410, 
        "date": "2015-05-31", 
        "operating_revenue": 309572, 
        "short_term_average": 293588
    }, 
    {
        "accumulated_operating_revenue_yoy": 3.9958128038954097, 
        "accumulated_operating_revenue": 1799165, 
        "long_term_average": 295721, 
        "date": "2015-06-30", 
        "operating_revenue": 295310, 
        "short_term_average": 289409
    }, 
    {
        "accumulated_operating_revenue_yoy": 4.20115624583768, 
        "accumulated_operating_revenue": 2088807, 
        "long_term_average": 296978, 
        "date": "2015-07-31", 
        "operating_revenue": 289642, 
        "short_term_average": 298174
    }, 
    {
        "accumulated_operating_revenue_yoy": 4.092924111505051, 
        "accumulated_operating_revenue": 2359619, 
        "long_term_average": 297692, 
        "date": "2015-08-31", 
        "operating_revenue": 270812, 
        "short_term_average": 285254
    }, 
    {
        "accumulated_operating_revenue_yoy": 3.277660015578195, 
        "accumulated_operating_revenue": 2665111, 
        "long_term_average": 297008, 
        "date": "2015-09-30", 
        "operating_revenue": 305492, 
        "short_term_average": 288648
    }
]