[
    {
        "date": "2012-01-31", 
        "operating_revenue": 233365, 
        "accumulated_operating_revenue": 233365, 
        "long_term_average": 233365, 
        "short_term_average": 233365
    }, 
    {
        "date": "2012-02-29", 
        "operating_revenue": 188281, 
        "accumulated_operating_revenue": 421646, 
        "long_term_average": 210823, 
        "short_term_average": 210823
    }, 
    {
        "date": "2012-03-31", 
        "operating_revenue": 205200, 
        "accumulated_operating_revenue": 626846, 
        "long_term_average": 208948, 
        "short_term_average": 208948
    }, 
    {
        "date": "2012-04-30", 
        "operating_revenue": 1329122, 
        "accumulated_operating_revenue": 1955968, 
        "long_term_average": 488992, 
        "short_term_average": 574201
    }, 
    {
        "date": "2012-05-31", 
        "operating_revenue": 192996, 
        "accumulated_operating_revenue": 2148964, 
        "long_term_average": 429792, 
        "short_term_average": 575772
    }, 
    {
        "date": "2012-06-30", 
        "operating_revenue": 221961, 
        "accumulated_operating_revenue": 2370925, 
        "long_term_average": 395154, 
        "short_term_average": 581359
    }, 
    {
        "date": "2012-07-31", 
        "operating_revenue": 279714, 
        "accumulated_operating_revenue": 2650639, 
        "long_term_average": 378662, 
        "short_term_average": 231557
    }, 
    {
        "date": "2012-08-31", 
        "operating_revenue": 274207, 
        "accumulated_operating_revenue": 2924846, 
        "long_term_average": 365605, 
        "short_term_average": 258627
    }, 
    {
        "date": "2012-09-30", 
        "operating_revenue": 205111, 
        "accumulated_operating_revenue": 3129957, 
        "long_term_average": 347773, 
        "short_term_average": 253010
    }, 
    {
        "date": "2012-10-31", 
        "operating_revenue": 236350, 
        "accumulated_operating_revenue": 3366307, 
        "long_term_average": 336630, 
        "short_term_average": 238556
    }, 
    {
        "date": "2012-11-30", 
        "operating_revenue": 234889, 
        "accumulated_operating_revenue": 3601196, 
        "long_term_average": 327381, 
        "short_term_average": 225450
    }, 
    {
        "date": "2012-12-31", 
        "operating_revenue": 227983, 
        "accumulated_operating_revenue": 3829179, 
        "long_term_average": 319098, 
        "short_term_average": 233074
    }, 
    {
        "accumulated_operating_revenue_yoy": -19.605767788657253, 
        "accumulated_operating_revenue": 187612, 
        "long_term_average": 315285, 
        "date": "2013-01-31", 
        "operating_revenue": 187612, 
        "short_term_average": 216828
    }, 
    {
        "accumulated_operating_revenue_yoy": -1.975590898526252, 
        "accumulated_operating_revenue": 413316, 
        "long_term_average": 318404, 
        "date": "2013-02-28", 
        "operating_revenue": 225704, 
        "short_term_average": 213766
    }, 
    {
        "accumulated_operating_revenue_yoy": 8.050143097347675, 
        "accumulated_operating_revenue": 677308, 
        "long_term_average": 323303, 
        "date": "2013-03-31", 
        "operating_revenue": 263992, 
        "short_term_average": 225769
    }, 
    {
        "accumulated_operating_revenue_yoy": -55.09062520450232, 
        "accumulated_operating_revenue": 878413, 
        "long_term_average": 229302, 
        "date": "2013-04-30", 
        "operating_revenue": 201105, 
        "short_term_average": 230267
    }, 
    {
        "accumulated_operating_revenue_yoy": -50.436489396751185, 
        "accumulated_operating_revenue": 1065102, 
        "long_term_average": 228776, 
        "date": "2013-05-31", 
        "operating_revenue": 186689, 
        "short_term_average": 217262
    }, 
    {
        "accumulated_operating_revenue_yoy": -45.86758332718242, 
        "accumulated_operating_revenue": 1283439, 
        "long_term_average": 228474, 
        "date": "2013-06-30", 
        "operating_revenue": 218337, 
        "short_term_average": 202043
    }, 
    {
        "accumulated_operating_revenue_yoy": -42.30802459331505, 
        "accumulated_operating_revenue": 1529206, 
        "long_term_average": 225645, 
        "date": "2013-07-31", 
        "operating_revenue": 245767, 
        "short_term_average": 216931
    }, 
    {
        "accumulated_operating_revenue_yoy": -38.54849110004424, 
        "accumulated_operating_revenue": 1797362, 
        "long_term_average": 225141, 
        "date": "2013-08-31", 
        "operating_revenue": 268156, 
        "short_term_average": 244086
    }, 
    {
        "accumulated_operating_revenue_yoy": -37.15303437075973, 
        "accumulated_operating_revenue": 1967083, 
        "long_term_average": 222192, 
        "date": "2013-09-30", 
        "operating_revenue": 169721, 
        "short_term_average": 227881
    }, 
    {
        "accumulated_operating_revenue_yoy": -35.79201183968069, 
        "accumulated_operating_revenue": 2161438, 
        "long_term_average": 218692, 
        "date": "2013-10-31", 
        "operating_revenue": 194355, 
        "short_term_average": 210744
    }, 
    {
        "accumulated_operating_revenue_yoy": -34.196611348007714, 
        "accumulated_operating_revenue": 2369709, 
        "long_term_average": 216474, 
        "date": "2013-11-30", 
        "operating_revenue": 208271, 
        "short_term_average": 190782
    }, 
    {
        "accumulated_operating_revenue_yoy": -32.94894284127224, 
        "accumulated_operating_revenue": 2567505, 
        "long_term_average": 213958, 
        "date": "2013-12-31", 
        "operating_revenue": 197796, 
        "short_term_average": 200140
    }, 
    {
        "accumulated_operating_revenue_yoy": -0.47065219708760636, 
        "accumulated_operating_revenue": 186729, 
        "long_term_average": 213885, 
        "date": "2014-01-31", 
        "operating_revenue": 186729, 
        "short_term_average": 197598
    }, 
    {
        "accumulated_operating_revenue_yoy": -0.9363295880149813, 
        "accumulated_operating_revenue": 409446, 
        "long_term_average": 213636, 
        "date": "2014-02-28", 
        "operating_revenue": 222717, 
        "short_term_average": 202414
    }, 
    {
        "accumulated_operating_revenue_yoy": -9.84618519196584, 
        "accumulated_operating_revenue": 610619, 
        "long_term_average": 208401, 
        "date": "2014-03-31", 
        "operating_revenue": 201173, 
        "short_term_average": 203539
    }, 
    {
        "accumulated_operating_revenue_yoy": -10.598431489515752, 
        "accumulated_operating_revenue": 785315, 
        "long_term_average": 206200, 
        "date": "2014-04-30", 
        "operating_revenue": 174696, 
        "short_term_average": 199528
    }, 
    {
        "accumulated_operating_revenue_yoy": -9.346522680456895, 
        "accumulated_operating_revenue": 965552, 
        "long_term_average": 205662, 
        "date": "2014-05-31", 
        "operating_revenue": 180237, 
        "short_term_average": 185368
    }, 
    {
        "accumulated_operating_revenue_yoy": -8.83096119098765, 
        "accumulated_operating_revenue": 1170099, 
        "long_term_average": 204513, 
        "date": "2014-06-30", 
        "operating_revenue": 204547, 
        "short_term_average": 186493
    }, 
    {
        "accumulated_operating_revenue_yoy": -5.280387338265741, 
        "accumulated_operating_revenue": 1448458, 
        "long_term_average": 207229, 
        "date": "2014-07-31", 
        "operating_revenue": 278359, 
        "short_term_average": 221047
    }, 
    {
        "accumulated_operating_revenue_yoy": -1.5667405898199693, 
        "accumulated_operating_revenue": 1769202, 
        "long_term_average": 211612, 
        "date": "2014-08-31", 
        "operating_revenue": 320744, 
        "short_term_average": 267883
    }, 
    {
        "accumulated_operating_revenue_yoy": 0.37827585312871903, 
        "accumulated_operating_revenue": 1974524, 
        "long_term_average": 214578, 
        "date": "2014-09-30", 
        "operating_revenue": 205322, 
        "short_term_average": 268141
    }, 
    {
        "accumulated_operating_revenue_yoy": 3.347956314268556, 
        "accumulated_operating_revenue": 2233802, 
        "long_term_average": 219989, 
        "date": "2014-10-31", 
        "operating_revenue": 259278, 
        "short_term_average": 261781
    }, 
    {
        "accumulated_operating_revenue_yoy": 4.817258152794288, 
        "accumulated_operating_revenue": 2483864, 
        "long_term_average": 223471, 
        "date": "2014-11-30", 
        "operating_revenue": 250062, 
        "short_term_average": 238220
    }, 
    {
        "accumulated_operating_revenue_yoy": 6.331983774130917, 
        "accumulated_operating_revenue": 2730079, 
        "long_term_average": 227506, 
        "date": "2014-12-31", 
        "operating_revenue": 246215, 
        "short_term_average": 251851
    }, 
    {
        "accumulated_operating_revenue_yoy": 18.80961179034858, 
        "accumulated_operating_revenue": 221852, 
        "long_term_average": 230433, 
        "date": "2015-01-31", 
        "operating_revenue": 221852, 
        "short_term_average": 239376
    }, 
    {
        "accumulated_operating_revenue_yoy": 21.740107364585317, 
        "accumulated_operating_revenue": 498460, 
        "long_term_average": 234924, 
        "date": "2015-02-28", 
        "operating_revenue": 276608, 
        "short_term_average": 248225
    }, 
    {
        "accumulated_operating_revenue_yoy": 20.40306639655825, 
        "accumulated_operating_revenue": 735204, 
        "long_term_average": 237888, 
        "date": "2015-03-31", 
        "operating_revenue": 236744, 
        "short_term_average": 245068
    }, 
    {
        "accumulated_operating_revenue_yoy": 21.066069029625055, 
        "accumulated_operating_revenue": 950750, 
        "long_term_average": 241292, 
        "date": "2015-04-30", 
        "operating_revenue": 215546, 
        "short_term_average": 242966
    }, 
    {
        "accumulated_operating_revenue_yoy": 20.698315574925015, 
        "accumulated_operating_revenue": 1165405, 
        "long_term_average": 244161, 
        "date": "2015-05-31", 
        "operating_revenue": 214655, 
        "short_term_average": 222315
    }, 
    {
        "accumulated_operating_revenue_yoy": 19.090094086055966, 
        "accumulated_operating_revenue": 1393472, 
        "long_term_average": 246121, 
        "date": "2015-06-30", 
        "operating_revenue": 228067, 
        "short_term_average": 219422
    }, 
    {
        "accumulated_operating_revenue_yoy": 14.898947708528656, 
        "accumulated_operating_revenue": 1664263, 
        "long_term_average": 245490, 
        "date": "2015-07-31", 
        "operating_revenue": 270791, 
        "short_term_average": 237837
    }, 
    {
        "accumulated_operating_revenue_yoy": 9.168936051394923, 
        "accumulated_operating_revenue": 1931419, 
        "long_term_average": 241024, 
        "date": "2015-08-31", 
        "operating_revenue": 267156, 
        "short_term_average": 255338
    }, 
    {
        "accumulated_operating_revenue_yoy": 9.073376672048553, 
        "accumulated_operating_revenue": 2153680, 
        "long_term_average": 242436, 
        "date": "2015-09-30", 
        "operating_revenue": 222261, 
        "short_term_average": 253402
    }
]