[
    {
        "date": "2012-01-31", 
        "operating_revenue": 485806, 
        "accumulated_operating_revenue": 485806, 
        "long_term_average": 485806, 
        "short_term_average": 485806
    }, 
    {
        "date": "2012-02-29", 
        "operating_revenue": 401962, 
        "accumulated_operating_revenue": 887768, 
        "long_term_average": 443884, 
        "short_term_average": 443884
    }, 
    {
        "date": "2012-03-31", 
        "operating_revenue": 503760, 
        "accumulated_operating_revenue": 1391528, 
        "long_term_average": 463842, 
        "short_term_average": 463842
    }, 
    {
        "date": "2012-04-30", 
        "operating_revenue": 410828, 
        "accumulated_operating_revenue": 1802356, 
        "long_term_average": 450589, 
        "short_term_average": 438850
    }, 
    {
        "date": "2012-05-31", 
        "operating_revenue": 437006, 
        "accumulated_operating_revenue": 2239362, 
        "long_term_average": 447872, 
        "short_term_average": 450531
    }, 
    {
        "date": "2012-06-30", 
        "operating_revenue": 467432, 
        "accumulated_operating_revenue": 2706794, 
        "long_term_average": 451132, 
        "short_term_average": 438422
    }, 
    {
        "date": "2012-07-31", 
        "operating_revenue": 431072, 
        "accumulated_operating_revenue": 3137866, 
        "long_term_average": 448266, 
        "short_term_average": 445170
    }, 
    {
        "date": "2012-08-31", 
        "operating_revenue": 431041, 
        "accumulated_operating_revenue": 3568907, 
        "long_term_average": 446113, 
        "short_term_average": 443181
    }, 
    {
        "date": "2012-09-30", 
        "operating_revenue": 437553, 
        "accumulated_operating_revenue": 4006460, 
        "long_term_average": 445162, 
        "short_term_average": 433222
    }, 
    {
        "date": "2012-10-31", 
        "operating_revenue": 486705, 
        "accumulated_operating_revenue": 4493165, 
        "long_term_average": 449316, 
        "short_term_average": 451766
    }, 
    {
        "date": "2012-11-30", 
        "operating_revenue": 470169, 
        "accumulated_operating_revenue": 4963334, 
        "long_term_average": 451212, 
        "short_term_average": 464809
    }, 
    {
        "date": "2012-12-31", 
        "operating_revenue": 492284, 
        "accumulated_operating_revenue": 5455618, 
        "long_term_average": 454634, 
        "short_term_average": 483052
    }, 
    {
        "accumulated_operating_revenue_yoy": -5.182315574529751, 
        "accumulated_operating_revenue": 460630, 
        "long_term_average": 452536, 
        "date": "2013-01-31", 
        "operating_revenue": 460630, 
        "short_term_average": 474361
    }, 
    {
        "accumulated_operating_revenue_yoy": 1.7170026403294556, 
        "accumulated_operating_revenue": 903011, 
        "long_term_average": 455905, 
        "date": "2013-02-28", 
        "operating_revenue": 442381, 
        "short_term_average": 465098
    }, 
    {
        "accumulated_operating_revenue_yoy": 3.3801691378110967, 
        "accumulated_operating_revenue": 1438564, 
        "long_term_average": 458554, 
        "date": "2013-03-31", 
        "operating_revenue": 535553, 
        "short_term_average": 479521
    }, 
    {
        "accumulated_operating_revenue_yoy": 4.698294898455133, 
        "accumulated_operating_revenue": 1887036, 
        "long_term_average": 461691, 
        "date": "2013-04-30", 
        "operating_revenue": 448472, 
        "short_term_average": 475468
    }, 
    {
        "accumulated_operating_revenue_yoy": 4.136267383299351, 
        "accumulated_operating_revenue": 2331988, 
        "long_term_average": 462353, 
        "date": "2013-05-31", 
        "operating_revenue": 444952, 
        "short_term_average": 476325
    }, 
    {
        "accumulated_operating_revenue_yoy": 3.7625692978483034, 
        "accumulated_operating_revenue": 2808639, 
        "long_term_average": 463121, 
        "date": "2013-06-30", 
        "operating_revenue": 476651, 
        "short_term_average": 456691
    }, 
    {
        "accumulated_operating_revenue_yoy": 3.5115903610925385, 
        "accumulated_operating_revenue": 3248055, 
        "long_term_average": 463817, 
        "date": "2013-07-31", 
        "operating_revenue": 439416, 
        "short_term_average": 453673
    }, 
    {
        "accumulated_operating_revenue_yoy": 3.089853560207649, 
        "accumulated_operating_revenue": 3679181, 
        "long_term_average": 463824, 
        "date": "2013-08-31", 
        "operating_revenue": 431126, 
        "short_term_average": 449064
    }, 
    {
        "accumulated_operating_revenue_yoy": 3.377270707806892, 
        "accumulated_operating_revenue": 4141769, 
        "long_term_average": 465910, 
        "date": "2013-09-30", 
        "operating_revenue": 462588, 
        "short_term_average": 444376
    }, 
    {
        "accumulated_operating_revenue_yoy": 3.5295832670289204, 
        "accumulated_operating_revenue": 4651755, 
        "long_term_average": 467850, 
        "date": "2013-10-31", 
        "operating_revenue": 509986, 
        "short_term_average": 467900
    }, 
    {
        "accumulated_operating_revenue_yoy": 3.9457751583915166, 
        "accumulated_operating_revenue": 5159176, 
        "long_term_average": 470955, 
        "date": "2013-11-30", 
        "operating_revenue": 507421, 
        "short_term_average": 493331
    }, 
    {
        "accumulated_operating_revenue_yoy": 4.978794336406985, 
        "accumulated_operating_revenue": 5727242, 
        "long_term_average": 477270, 
        "date": "2013-12-31", 
        "operating_revenue": 568066, 
        "short_term_average": 528491
    }, 
    {
        "accumulated_operating_revenue_yoy": 21.113040835377635, 
        "accumulated_operating_revenue": 557883, 
        "long_term_average": 485374, 
        "date": "2014-01-31", 
        "operating_revenue": 557883, 
        "short_term_average": 544456
    }, 
    {
        "accumulated_operating_revenue_yoy": 11.594543145100115, 
        "accumulated_operating_revenue": 1007711, 
        "long_term_average": 485995, 
        "date": "2014-02-28", 
        "operating_revenue": 449828, 
        "short_term_average": 525259
    }, 
    {
        "accumulated_operating_revenue_yoy": 3.998501283224104, 
        "accumulated_operating_revenue": 1496085, 
        "long_term_average": 482063, 
        "date": "2014-03-31", 
        "operating_revenue": 488374, 
        "short_term_average": 498695
    }, 
    {
        "accumulated_operating_revenue_yoy": 2.329208345786726, 
        "accumulated_operating_revenue": 1930989, 
        "long_term_average": 480932, 
        "date": "2014-04-30", 
        "operating_revenue": 434904, 
        "short_term_average": 457702
    }, 
    {
        "accumulated_operating_revenue_yoy": 6.813113961135306, 
        "accumulated_operating_revenue": 2490869, 
        "long_term_average": 490510, 
        "date": "2014-05-31", 
        "operating_revenue": 559880, 
        "short_term_average": 494386
    }, 
    {
        "accumulated_operating_revenue_yoy": 7.706365965864606, 
        "accumulated_operating_revenue": 3025083, 
        "long_term_average": 495307, 
        "date": "2014-06-30", 
        "operating_revenue": 534214, 
        "short_term_average": 509666
    }, 
    {
        "accumulated_operating_revenue_yoy": 8.581227842508826, 
        "accumulated_operating_revenue": 3526778, 
        "long_term_average": 500497, 
        "date": "2014-07-31", 
        "operating_revenue": 501695, 
        "short_term_average": 531929
    }, 
    {
        "accumulated_operating_revenue_yoy": 9.739504525599584, 
        "accumulated_operating_revenue": 4037515, 
        "long_term_average": 507131, 
        "date": "2014-08-31", 
        "operating_revenue": 510737, 
        "short_term_average": 515548
    }, 
    {
        "accumulated_operating_revenue_yoy": 10.461809917453147, 
        "accumulated_operating_revenue": 4575073, 
        "long_term_average": 513378, 
        "date": "2014-09-30", 
        "operating_revenue": 537558, 
        "short_term_average": 516663
    }, 
    {
        "accumulated_operating_revenue_yoy": 10.507518130254065, 
        "accumulated_operating_revenue": 5140539, 
        "long_term_average": 518002, 
        "date": "2014-10-31", 
        "operating_revenue": 565466, 
        "short_term_average": 537920
    }, 
    {
        "accumulated_operating_revenue_yoy": 10.841963910515943, 
        "accumulated_operating_revenue": 5718532, 
        "long_term_average": 523883, 
        "date": "2014-11-30", 
        "operating_revenue": 577993, 
        "short_term_average": 560339
    }, 
    {
        "accumulated_operating_revenue_yoy": 10.500830940966, 
        "accumulated_operating_revenue": 6328650, 
        "long_term_average": 527387, 
        "date": "2014-12-31", 
        "operating_revenue": 610118, 
        "short_term_average": 584525
    }, 
    {
        "accumulated_operating_revenue_yoy": 1.429869703862638, 
        "accumulated_operating_revenue": 565860, 
        "long_term_average": 528052, 
        "date": "2015-01-31", 
        "operating_revenue": 565860, 
        "short_term_average": 584657
    }, 
    {
        "accumulated_operating_revenue_yoy": 16.00706948718432, 
        "accumulated_operating_revenue": 1169016, 
        "long_term_average": 540829, 
        "date": "2015-02-28", 
        "operating_revenue": 603156, 
        "short_term_average": 593044
    }, 
    {
        "accumulated_operating_revenue_yoy": 15.565492602358825, 
        "accumulated_operating_revenue": 1728958, 
        "long_term_average": 546793, 
        "date": "2015-03-31", 
        "operating_revenue": 559942, 
        "short_term_average": 576319
    }, 
    {
        "accumulated_operating_revenue_yoy": 15.874818551529813, 
        "accumulated_operating_revenue": 2237530, 
        "long_term_average": 552932, 
        "date": "2015-04-30", 
        "operating_revenue": 508572, 
        "short_term_average": 557223
    }, 
    {
        "accumulated_operating_revenue_yoy": 12.655302225849693, 
        "accumulated_operating_revenue": 2806096, 
        "long_term_average": 553656, 
        "date": "2015-05-31", 
        "operating_revenue": 568566, 
        "short_term_average": 545693
    }, 
    {
        "accumulated_operating_revenue_yoy": 11.423752670587882, 
        "accumulated_operating_revenue": 3370661, 
        "long_term_average": 556185, 
        "date": "2015-06-30", 
        "operating_revenue": 564565, 
        "short_term_average": 547234
    }, 
    {
        "accumulated_operating_revenue_yoy": 10.710285705536329, 
        "accumulated_operating_revenue": 3904506, 
        "long_term_average": 558864, 
        "date": "2015-07-31", 
        "operating_revenue": 533845, 
        "short_term_average": 555658
    }, 
    {
        "accumulated_operating_revenue_yoy": 9.323185177021013, 
        "accumulated_operating_revenue": 4413940, 
        "long_term_average": 558756, 
        "date": "2015-08-31", 
        "operating_revenue": 509434, 
        "short_term_average": 535948
    }, 
    {
        "accumulated_operating_revenue_yoy": 7.4821975518204855, 
        "accumulated_operating_revenue": 4917389, 
        "long_term_average": 555913, 
        "date": "2015-09-30", 
        "operating_revenue": 503449, 
        "short_term_average": 515576
    }
]