[
    {
        "date": "2012-01-31", 
        "operating_revenue": 48011, 
        "accumulated_operating_revenue": 48011, 
        "long_term_average": 48011, 
        "short_term_average": 48011
    }, 
    {
        "date": "2012-02-29", 
        "operating_revenue": 34947, 
        "accumulated_operating_revenue": 82958, 
        "long_term_average": 41479, 
        "short_term_average": 41479
    }, 
    {
        "date": "2012-03-31", 
        "operating_revenue": 25030, 
        "accumulated_operating_revenue": 107988, 
        "long_term_average": 35996, 
        "short_term_average": 35996
    }, 
    {
        "date": "2012-04-30", 
        "operating_revenue": 38128, 
        "accumulated_operating_revenue": 146116, 
        "long_term_average": 36529, 
        "short_term_average": 32701
    }, 
    {
        "date": "2012-05-31", 
        "operating_revenue": 37710, 
        "accumulated_operating_revenue": 183826, 
        "long_term_average": 36765, 
        "short_term_average": 33622
    }, 
    {
        "date": "2012-06-30", 
        "operating_revenue": 42198, 
        "accumulated_operating_revenue": 226024, 
        "long_term_average": 37670, 
        "short_term_average": 39345
    }, 
    {
        "date": "2012-07-31", 
        "operating_revenue": 76999, 
        "accumulated_operating_revenue": 303023, 
        "long_term_average": 43289, 
        "short_term_average": 52302
    }, 
    {
        "date": "2012-08-31", 
        "operating_revenue": 50825, 
        "accumulated_operating_revenue": 353848, 
        "long_term_average": 44231, 
        "short_term_average": 56674
    }, 
    {
        "date": "2012-09-30", 
        "operating_revenue": 47216, 
        "accumulated_operating_revenue": 401064, 
        "long_term_average": 44562, 
        "short_term_average": 58346
    }, 
    {
        "date": "2012-10-31", 
        "operating_revenue": 48596, 
        "accumulated_operating_revenue": 449660, 
        "long_term_average": 44966, 
        "short_term_average": 48879
    }, 
    {
        "date": "2012-11-30", 
        "operating_revenue": 41831, 
        "accumulated_operating_revenue": 491491, 
        "long_term_average": 44681, 
        "short_term_average": 45881
    }, 
    {
        "date": "2012-12-31", 
        "operating_revenue": 36202, 
        "accumulated_operating_revenue": 527693, 
        "long_term_average": 43974, 
        "short_term_average": 42209
    }, 
    {
        "accumulated_operating_revenue_yoy": -60.21120159963341, 
        "accumulated_operating_revenue": 19103, 
        "long_term_average": 41565, 
        "date": "2013-01-31", 
        "operating_revenue": 19103, 
        "short_term_average": 32378
    }, 
    {
        "accumulated_operating_revenue_yoy": -23.61918079027942, 
        "accumulated_operating_revenue": 63364, 
        "long_term_average": 42341, 
        "date": "2013-02-28", 
        "operating_revenue": 44261, 
        "short_term_average": 33188
    }, 
    {
        "accumulated_operating_revenue_yoy": -13.839500685261324, 
        "accumulated_operating_revenue": 93043, 
        "long_term_average": 42729, 
        "date": "2013-03-31", 
        "operating_revenue": 29679, 
        "short_term_average": 31014
    }, 
    {
        "accumulated_operating_revenue_yoy": -15.384352158558952, 
        "accumulated_operating_revenue": 123637, 
        "long_term_average": 42101, 
        "date": "2013-04-30", 
        "operating_revenue": 30594, 
        "short_term_average": 34844
    }, 
    {
        "accumulated_operating_revenue_yoy": -13.884325394666696, 
        "accumulated_operating_revenue": 158303, 
        "long_term_average": 41847, 
        "date": "2013-05-31", 
        "operating_revenue": 34666, 
        "short_term_average": 31646
    }, 
    {
        "accumulated_operating_revenue_yoy": -7.899603581920505, 
        "accumulated_operating_revenue": 208169, 
        "long_term_average": 42486, 
        "date": "2013-06-30", 
        "operating_revenue": 49866, 
        "short_term_average": 38375
    }, 
    {
        "accumulated_operating_revenue_yoy": -9.317774558366857, 
        "accumulated_operating_revenue": 274788, 
        "long_term_average": 41621, 
        "date": "2013-07-31", 
        "operating_revenue": 66619, 
        "short_term_average": 50383
    }, 
    {
        "accumulated_operating_revenue_yoy": -2.323879179760801, 
        "accumulated_operating_revenue": 345625, 
        "long_term_average": 43289, 
        "date": "2013-08-31", 
        "operating_revenue": 70837, 
        "short_term_average": 62440
    }, 
    {
        "accumulated_operating_revenue_yoy": -0.8130871880797079, 
        "accumulated_operating_revenue": 397803, 
        "long_term_average": 43702, 
        "date": "2013-09-30", 
        "operating_revenue": 52178, 
        "short_term_average": 63211
    }, 
    {
        "accumulated_operating_revenue_yoy": -0.7441177778766178, 
        "accumulated_operating_revenue": 446314, 
        "long_term_average": 43695, 
        "date": "2013-10-31", 
        "operating_revenue": 48511, 
        "short_term_average": 57175
    }, 
    {
        "accumulated_operating_revenue_yoy": -0.9998148491020181, 
        "accumulated_operating_revenue": 486577, 
        "long_term_average": 43564, 
        "date": "2013-11-30", 
        "operating_revenue": 40263, 
        "short_term_average": 46984
    }, 
    {
        "accumulated_operating_revenue_yoy": -1.4934820056358526, 
        "accumulated_operating_revenue": 519812, 
        "long_term_average": 43317, 
        "date": "2013-12-31", 
        "operating_revenue": 33235, 
        "short_term_average": 40669
    }, 
    {
        "accumulated_operating_revenue_yoy": 98.26728786054547, 
        "accumulated_operating_revenue": 37875, 
        "long_term_average": 44882, 
        "date": "2014-01-31", 
        "operating_revenue": 37875, 
        "short_term_average": 37124
    }, 
    {
        "accumulated_operating_revenue_yoy": 26.448772173473895, 
        "accumulated_operating_revenue": 80123, 
        "long_term_average": 44714, 
        "date": "2014-02-28", 
        "operating_revenue": 42248, 
        "short_term_average": 37786
    }, 
    {
        "accumulated_operating_revenue_yoy": 22.335909203271605, 
        "accumulated_operating_revenue": 113825, 
        "long_term_average": 45049, 
        "date": "2014-03-31", 
        "operating_revenue": 33702, 
        "short_term_average": 37941
    }, 
    {
        "accumulated_operating_revenue_yoy": 23.911126928023165, 
        "accumulated_operating_revenue": 153200, 
        "long_term_average": 45781, 
        "date": "2014-04-30", 
        "operating_revenue": 39375, 
        "short_term_average": 38441
    }, 
    {
        "accumulated_operating_revenue_yoy": 24.508063650088754, 
        "accumulated_operating_revenue": 197100, 
        "long_term_average": 46550, 
        "date": "2014-05-31", 
        "operating_revenue": 43900, 
        "short_term_average": 38992
    }, 
    {
        "accumulated_operating_revenue_yoy": 20.9983234775591, 
        "accumulated_operating_revenue": 251881, 
        "long_term_average": 46960, 
        "date": "2014-06-30", 
        "operating_revenue": 54781, 
        "short_term_average": 46018
    }, 
    {
        "accumulated_operating_revenue_yoy": 21.773148754676335, 
        "accumulated_operating_revenue": 334618, 
        "long_term_average": 48303, 
        "date": "2014-07-31", 
        "operating_revenue": 82737, 
        "short_term_average": 60472
    }, 
    {
        "accumulated_operating_revenue_yoy": 21.333236889692586, 
        "accumulated_operating_revenue": 419358, 
        "long_term_average": 49462, 
        "date": "2014-08-31", 
        "operating_revenue": 84740, 
        "short_term_average": 74086
    }, 
    {
        "accumulated_operating_revenue_yoy": 18.701216431248632, 
        "accumulated_operating_revenue": 472197, 
        "long_term_average": 49517, 
        "date": "2014-09-30", 
        "operating_revenue": 52839, 
        "short_term_average": 73438
    }, 
    {
        "accumulated_operating_revenue_yoy": 18.059930900666345, 
        "accumulated_operating_revenue": 526918, 
        "long_term_average": 50034, 
        "date": "2014-10-31", 
        "operating_revenue": 54721, 
        "short_term_average": 64100
    }, 
    {
        "accumulated_operating_revenue_yoy": 16.65943930765326, 
        "accumulated_operating_revenue": 567638, 
        "long_term_average": 50072, 
        "date": "2014-11-30", 
        "operating_revenue": 40720, 
        "short_term_average": 49426
    }, 
    {
        "accumulated_operating_revenue_yoy": 16.00828761167499, 
        "accumulated_operating_revenue": 603025, 
        "long_term_average": 50252, 
        "date": "2014-12-31", 
        "operating_revenue": 35387, 
        "short_term_average": 43609
    }, 
    {
        "accumulated_operating_revenue_yoy": -22.695709570957096, 
        "accumulated_operating_revenue": 29279, 
        "long_term_average": 49535, 
        "date": "2015-01-31", 
        "operating_revenue": 29279, 
        "short_term_average": 35128
    }, 
    {
        "accumulated_operating_revenue_yoy": 11.796862324176578, 
        "accumulated_operating_revenue": 89575, 
        "long_term_average": 51039, 
        "date": "2015-02-28", 
        "operating_revenue": 60296, 
        "short_term_average": 41654
    }, 
    {
        "accumulated_operating_revenue_yoy": 7.860311882275423, 
        "accumulated_operating_revenue": 122772, 
        "long_term_average": 50997, 
        "date": "2015-03-31", 
        "operating_revenue": 33197, 
        "short_term_average": 40924
    }, 
    {
        "accumulated_operating_revenue_yoy": 4.381853785900783, 
        "accumulated_operating_revenue": 159913, 
        "long_term_average": 50811, 
        "date": "2015-04-30", 
        "operating_revenue": 37141, 
        "short_term_average": 43544
    }, 
    {
        "accumulated_operating_revenue_yoy": 0.8513444951801116, 
        "accumulated_operating_revenue": 198778, 
        "long_term_average": 50391, 
        "date": "2015-05-31", 
        "operating_revenue": 38865, 
        "short_term_average": 36401
    }, 
    {
        "accumulated_operating_revenue_yoy": -0.4077322227559839, 
        "accumulated_operating_revenue": 250854, 
        "long_term_average": 50166, 
        "date": "2015-06-30", 
        "operating_revenue": 52076, 
        "short_term_average": 42694
    }, 
    {
        "accumulated_operating_revenue_yoy": -2.5085321172202333, 
        "accumulated_operating_revenue": 326224, 
        "long_term_average": 49552, 
        "date": "2015-07-31", 
        "operating_revenue": 75370, 
        "short_term_average": 55437
    }, 
    {
        "accumulated_operating_revenue_yoy": -7.507666480668068, 
        "accumulated_operating_revenue": 387874, 
        "long_term_average": 47628, 
        "date": "2015-08-31", 
        "operating_revenue": 61650, 
        "short_term_average": 63032
    }, 
    {
        "accumulated_operating_revenue_yoy": -7.134522243893968, 
        "accumulated_operating_revenue": 438508, 
        "long_term_average": 47444, 
        "date": "2015-09-30", 
        "operating_revenue": 50634, 
        "short_term_average": 62551
    }
]