[
    {
        "date": "2012-01-31", 
        "operating_revenue": 20332, 
        "accumulated_operating_revenue": 20332, 
        "long_term_average": 20332, 
        "short_term_average": 20332
    }, 
    {
        "date": "2012-02-29", 
        "operating_revenue": 18621, 
        "accumulated_operating_revenue": 38953, 
        "long_term_average": 19476, 
        "short_term_average": 19476
    }, 
    {
        "date": "2012-03-31", 
        "operating_revenue": 22413, 
        "accumulated_operating_revenue": 61366, 
        "long_term_average": 20455, 
        "short_term_average": 20455
    }, 
    {
        "date": "2012-04-30", 
        "operating_revenue": 18792, 
        "accumulated_operating_revenue": 80158, 
        "long_term_average": 20039, 
        "short_term_average": 19942
    }, 
    {
        "date": "2012-05-31", 
        "operating_revenue": 19828, 
        "accumulated_operating_revenue": 99986, 
        "long_term_average": 19997, 
        "short_term_average": 20344
    }, 
    {
        "date": "2012-06-30", 
        "operating_revenue": 21594, 
        "accumulated_operating_revenue": 121580, 
        "long_term_average": 20263, 
        "short_term_average": 20071
    }, 
    {
        "date": "2012-07-31", 
        "operating_revenue": 20972, 
        "accumulated_operating_revenue": 142552, 
        "long_term_average": 20364, 
        "short_term_average": 20798
    }, 
    {
        "date": "2012-08-31", 
        "operating_revenue": 19709, 
        "accumulated_operating_revenue": 162261, 
        "long_term_average": 20282, 
        "short_term_average": 20758
    }, 
    {
        "date": "2012-09-30", 
        "operating_revenue": 16992, 
        "accumulated_operating_revenue": 179253, 
        "long_term_average": 19917, 
        "short_term_average": 19224
    }, 
    {
        "date": "2012-10-31", 
        "operating_revenue": 24500, 
        "accumulated_operating_revenue": 203753, 
        "long_term_average": 20375, 
        "short_term_average": 20400
    }, 
    {
        "date": "2012-11-30", 
        "operating_revenue": 27370, 
        "accumulated_operating_revenue": 231123, 
        "long_term_average": 21011, 
        "short_term_average": 22954
    }, 
    {
        "date": "2012-12-31", 
        "operating_revenue": 27901, 
        "accumulated_operating_revenue": 259024, 
        "long_term_average": 21585, 
        "short_term_average": 26590
    }, 
    {
        "accumulated_operating_revenue_yoy": 0.09344875073775329, 
        "accumulated_operating_revenue": 20351, 
        "long_term_average": 21586, 
        "date": "2013-01-31", 
        "operating_revenue": 20351, 
        "short_term_average": 25207
    }, 
    {
        "accumulated_operating_revenue_yoy": 1.0679536877775782, 
        "accumulated_operating_revenue": 39369, 
        "long_term_average": 21620, 
        "date": "2013-02-28", 
        "operating_revenue": 19018, 
        "short_term_average": 22423
    }, 
    {
        "accumulated_operating_revenue_yoy": -0.19554802333539745, 
        "accumulated_operating_revenue": 61246, 
        "long_term_average": 21575, 
        "date": "2013-03-31", 
        "operating_revenue": 21877, 
        "short_term_average": 20415
    }, 
    {
        "accumulated_operating_revenue_yoy": 4.340178148157389, 
        "accumulated_operating_revenue": 83637, 
        "long_term_average": 21875, 
        "date": "2013-04-30", 
        "operating_revenue": 22391, 
        "short_term_average": 21095
    }, 
    {
        "accumulated_operating_revenue_yoy": 4.634648850839118, 
        "accumulated_operating_revenue": 104620, 
        "long_term_average": 21971, 
        "date": "2013-05-31", 
        "operating_revenue": 20983, 
        "short_term_average": 21750
    }, 
    {
        "accumulated_operating_revenue_yoy": 3.620661292975819, 
        "accumulated_operating_revenue": 125982, 
        "long_term_average": 21952, 
        "date": "2013-06-30", 
        "operating_revenue": 21362, 
        "short_term_average": 21578
    }, 
    {
        "accumulated_operating_revenue_yoy": 2.3836915651832316, 
        "accumulated_operating_revenue": 145950, 
        "long_term_average": 21868, 
        "date": "2013-07-31", 
        "operating_revenue": 19968, 
        "short_term_average": 20771
    }, 
    {
        "accumulated_operating_revenue_yoy": 1.0908351359846173, 
        "accumulated_operating_revenue": 164031, 
        "long_term_average": 21732, 
        "date": "2013-08-31", 
        "operating_revenue": 18081, 
        "short_term_average": 19803
    }, 
    {
        "accumulated_operating_revenue_yoy": 2.479177475411848, 
        "accumulated_operating_revenue": 183697, 
        "long_term_average": 21955, 
        "date": "2013-09-30", 
        "operating_revenue": 19666, 
        "short_term_average": 19238
    }, 
    {
        "accumulated_operating_revenue_yoy": 0.2763149499639269, 
        "accumulated_operating_revenue": 204316, 
        "long_term_average": 21632, 
        "date": "2013-10-31", 
        "operating_revenue": 20619, 
        "short_term_average": 19455
    }, 
    {
        "accumulated_operating_revenue_yoy": -1.6138592870462913, 
        "accumulated_operating_revenue": 227393, 
        "long_term_average": 21274, 
        "date": "2013-11-30", 
        "operating_revenue": 23077, 
        "short_term_average": 21120
    }, 
    {
        "accumulated_operating_revenue_yoy": -3.117085675458645, 
        "accumulated_operating_revenue": 250950, 
        "long_term_average": 20912, 
        "date": "2013-12-31", 
        "operating_revenue": 23557, 
        "short_term_average": 22417
    }, 
    {
        "accumulated_operating_revenue_yoy": 7.100388187312663, 
        "accumulated_operating_revenue": 21796, 
        "long_term_average": 21032, 
        "date": "2014-01-31", 
        "operating_revenue": 21796, 
        "short_term_average": 22810
    }, 
    {
        "accumulated_operating_revenue_yoy": 8.049480555767229, 
        "accumulated_operating_revenue": 42538, 
        "long_term_average": 21176, 
        "date": "2014-02-28", 
        "operating_revenue": 20742, 
        "short_term_average": 22031
    }, 
    {
        "accumulated_operating_revenue_yoy": 7.6004963589458905, 
        "accumulated_operating_revenue": 65901, 
        "long_term_average": 21300, 
        "date": "2014-03-31", 
        "operating_revenue": 23363, 
        "short_term_average": 21967
    }, 
    {
        "accumulated_operating_revenue_yoy": 6.219735284622834, 
        "accumulated_operating_revenue": 88839, 
        "long_term_average": 21346, 
        "date": "2014-04-30", 
        "operating_revenue": 22938, 
        "short_term_average": 22347
    }, 
    {
        "accumulated_operating_revenue_yoy": 5.808640795259032, 
        "accumulated_operating_revenue": 110697, 
        "long_term_average": 21418, 
        "date": "2014-05-31", 
        "operating_revenue": 21858, 
        "short_term_average": 22719
    }, 
    {
        "accumulated_operating_revenue_yoy": 5.8476607769363875, 
        "accumulated_operating_revenue": 133349, 
        "long_term_average": 21526, 
        "date": "2014-06-30", 
        "operating_revenue": 22652, 
        "short_term_average": 22482
    }, 
    {
        "accumulated_operating_revenue_yoy": 5.927372387804042, 
        "accumulated_operating_revenue": 154601, 
        "long_term_average": 21633, 
        "date": "2014-07-31", 
        "operating_revenue": 21252, 
        "short_term_average": 21920
    }, 
    {
        "accumulated_operating_revenue_yoy": 7.952765026123111, 
        "accumulated_operating_revenue": 177076, 
        "long_term_average": 21999, 
        "date": "2014-08-31", 
        "operating_revenue": 22475, 
        "short_term_average": 22126
    }, 
    {
        "accumulated_operating_revenue_yoy": 7.250526682526116, 
        "accumulated_operating_revenue": 197016, 
        "long_term_average": 22022, 
        "date": "2014-09-30", 
        "operating_revenue": 19940, 
        "short_term_average": 21222
    }, 
    {
        "accumulated_operating_revenue_yoy": 8.081109653673721, 
        "accumulated_operating_revenue": 220827, 
        "long_term_average": 22288, 
        "date": "2014-10-31", 
        "operating_revenue": 23811, 
        "short_term_average": 22075
    }, 
    {
        "accumulated_operating_revenue_yoy": 7.30541397492447, 
        "accumulated_operating_revenue": 244005, 
        "long_term_average": 22296, 
        "date": "2014-11-30", 
        "operating_revenue": 23178, 
        "short_term_average": 22309
    }, 
    {
        "accumulated_operating_revenue_yoy": 7.911934648336322, 
        "accumulated_operating_revenue": 270805, 
        "long_term_average": 22567, 
        "date": "2014-12-31", 
        "operating_revenue": 26800, 
        "short_term_average": 24596
    }, 
    {
        "accumulated_operating_revenue_yoy": 12.2407781244265, 
        "accumulated_operating_revenue": 24464, 
        "long_term_average": 22789, 
        "date": "2015-01-31", 
        "operating_revenue": 24464, 
        "short_term_average": 24814
    }, 
    {
        "accumulated_operating_revenue_yoy": 8.319620104377263, 
        "accumulated_operating_revenue": 46077, 
        "long_term_average": 22862, 
        "date": "2015-02-28", 
        "operating_revenue": 21613, 
        "short_term_average": 24292
    }, 
    {
        "accumulated_operating_revenue_yoy": 3.860335958483179, 
        "accumulated_operating_revenue": 68445, 
        "long_term_average": 22779, 
        "date": "2015-03-31", 
        "operating_revenue": 22368, 
        "short_term_average": 22815
    }, 
    {
        "accumulated_operating_revenue_yoy": 2.7960692938911964, 
        "accumulated_operating_revenue": 91323, 
        "long_term_average": 22774, 
        "date": "2015-04-30", 
        "operating_revenue": 22878, 
        "short_term_average": 22286
    }, 
    {
        "accumulated_operating_revenue_yoy": 5.515957975374219, 
        "accumulated_operating_revenue": 116803, 
        "long_term_average": 23075, 
        "date": "2015-05-31", 
        "operating_revenue": 25480, 
        "short_term_average": 23575
    }, 
    {
        "accumulated_operating_revenue_yoy": 2.7589258262154197, 
        "accumulated_operating_revenue": 137028, 
        "long_term_average": 22873, 
        "date": "2015-06-30", 
        "operating_revenue": 20225, 
        "short_term_average": 22861
    }, 
    {
        "accumulated_operating_revenue_yoy": 5.911345980944495, 
        "accumulated_operating_revenue": 163740, 
        "long_term_average": 23328, 
        "date": "2015-07-31", 
        "operating_revenue": 26712, 
        "short_term_average": 24139
    }, 
    {
        "accumulated_operating_revenue_yoy": 4.830129435948407, 
        "accumulated_operating_revenue": 185629, 
        "long_term_average": 23279, 
        "date": "2015-08-31", 
        "operating_revenue": 21889, 
        "short_term_average": 22942
    }, 
    {
        "accumulated_operating_revenue_yoy": 3.578389572420514, 
        "accumulated_operating_revenue": 204066, 
        "long_term_average": 23154, 
        "date": "2015-09-30", 
        "operating_revenue": 18437, 
        "short_term_average": 22346
    }, 
    {
        "accumulated_operating_revenue_yoy": 5.064145235863368, 
        "accumulated_operating_revenue": 232010, 
        "long_term_average": 23499, 
        "date": "2015-10-31", 
        "operating_revenue": 27944, 
        "short_term_average": 22756
    }
]