[
    {
        "date": "2011-09-30", 
        "operating_revenue": 247410, 
        "accumulated_operating_revenue": 247410, 
        "long_term_average": 247410, 
        "short_term_average": 247410
    }, 
    {
        "date": "2011-10-31", 
        "operating_revenue": 265835, 
        "accumulated_operating_revenue": 513245, 
        "long_term_average": 256622, 
        "short_term_average": 256622
    }, 
    {
        "date": "2011-11-30", 
        "operating_revenue": 196656, 
        "accumulated_operating_revenue": 709901, 
        "long_term_average": 236633, 
        "short_term_average": 236633
    }, 
    {
        "date": "2011-12-31", 
        "operating_revenue": 200635, 
        "accumulated_operating_revenue": 910536, 
        "long_term_average": 227634, 
        "short_term_average": 221042
    }, 
    {
        "date": "2012-01-31", 
        "operating_revenue": 369648, 
        "accumulated_operating_revenue": 369648, 
        "long_term_average": 256036, 
        "short_term_average": 255646
    }, 
    {
        "date": "2012-02-29", 
        "operating_revenue": 215330, 
        "accumulated_operating_revenue": 584978, 
        "long_term_average": 249252, 
        "short_term_average": 261871
    }, 
    {
        "date": "2012-03-31", 
        "operating_revenue": 146019, 
        "accumulated_operating_revenue": 730997, 
        "long_term_average": 234504, 
        "short_term_average": 243665
    }, 
    {
        "date": "2012-04-30", 
        "operating_revenue": 178611, 
        "accumulated_operating_revenue": 909608, 
        "long_term_average": 227518, 
        "short_term_average": 179986
    }, 
    {
        "date": "2012-05-31", 
        "operating_revenue": 189219, 
        "accumulated_operating_revenue": 1098827, 
        "long_term_average": 223262, 
        "short_term_average": 171283
    }, 
    {
        "date": "2012-06-30", 
        "operating_revenue": 222794, 
        "accumulated_operating_revenue": 1321621, 
        "long_term_average": 223215, 
        "short_term_average": 196874
    }, 
    {
        "date": "2012-07-31", 
        "operating_revenue": 357424, 
        "accumulated_operating_revenue": 1679045, 
        "long_term_average": 235416, 
        "short_term_average": 256479
    }, 
    {
        "date": "2012-08-31", 
        "operating_revenue": 297241, 
        "accumulated_operating_revenue": 1976286, 
        "long_term_average": 240568, 
        "short_term_average": 292486
    }, 
    {
        "accumulated_operating_revenue_yoy": 769.968473384261, 
        "accumulated_operating_revenue": 2152389, 
        "long_term_average": 234626, 
        "date": "2012-09-30", 
        "operating_revenue": 176103, 
        "short_term_average": 276922
    }, 
    {
        "accumulated_operating_revenue_yoy": 356.25149782267727, 
        "accumulated_operating_revenue": 2341688, 
        "long_term_average": 228248, 
        "date": "2012-10-31", 
        "operating_revenue": 189299, 
        "short_term_average": 220881
    }, 
    {
        "accumulated_operating_revenue_yoy": 253.7097426260845, 
        "accumulated_operating_revenue": 2510989, 
        "long_term_average": 225968, 
        "date": "2012-11-30", 
        "operating_revenue": 169301, 
        "short_term_average": 178234
    }, 
    {
        "accumulated_operating_revenue_yoy": 195.39161548802025, 
        "accumulated_operating_revenue": 2689647, 
        "long_term_average": 224137, 
        "date": "2012-12-31", 
        "operating_revenue": 178658, 
        "short_term_average": 179086
    }, 
    {
        "accumulated_operating_revenue_yoy": -47.04015712245163, 
        "accumulated_operating_revenue": 195765, 
        "long_term_average": 209647, 
        "date": "2013-01-31", 
        "operating_revenue": 195765, 
        "short_term_average": 181241
    }, 
    {
        "accumulated_operating_revenue_yoy": -7.781318271798256, 
        "accumulated_operating_revenue": 539459, 
        "long_term_average": 220344, 
        "date": "2013-02-28", 
        "operating_revenue": 343694, 
        "short_term_average": 239372
    }, 
    {
        "accumulated_operating_revenue_yoy": 2.485646315921953, 
        "accumulated_operating_revenue": 749167, 
        "long_term_average": 225651, 
        "date": "2013-03-31", 
        "operating_revenue": 209708, 
        "short_term_average": 249722
    }, 
    {
        "accumulated_operating_revenue_yoy": 5.272930756985426, 
        "accumulated_operating_revenue": 957571, 
        "long_term_average": 228134, 
        "date": "2013-04-30", 
        "operating_revenue": 208404, 
        "short_term_average": 253935
    }, 
    {
        "accumulated_operating_revenue_yoy": 3.7370759910340756, 
        "accumulated_operating_revenue": 1139891, 
        "long_term_average": 227559, 
        "date": "2013-05-31", 
        "operating_revenue": 182320, 
        "short_term_average": 200144
    }, 
    {
        "accumulated_operating_revenue_yoy": 8.2955703639697, 
        "accumulated_operating_revenue": 1431257, 
        "long_term_average": 233273, 
        "date": "2013-06-30", 
        "operating_revenue": 291366, 
        "short_term_average": 227363
    }, 
    {
        "accumulated_operating_revenue_yoy": 10.114023150064472, 
        "accumulated_operating_revenue": 1848864, 
        "long_term_average": 238288, 
        "date": "2013-07-31", 
        "operating_revenue": 417607, 
        "short_term_average": 297097
    }, 
    {
        "accumulated_operating_revenue_yoy": 11.466407190052452, 
        "accumulated_operating_revenue": 2202895, 
        "long_term_average": 243021, 
        "date": "2013-08-31", 
        "operating_revenue": 354031, 
        "short_term_average": 354334
    }, 
    {
        "accumulated_operating_revenue_yoy": 14.735394020318818, 
        "accumulated_operating_revenue": 2469552, 
        "long_term_average": 250567, 
        "date": "2013-09-30", 
        "operating_revenue": 266657, 
        "short_term_average": 346098
    }, 
    {
        "accumulated_operating_revenue_yoy": 16.05495693704712, 
        "accumulated_operating_revenue": 2717645, 
        "long_term_average": 255467, 
        "date": "2013-10-31", 
        "operating_revenue": 248093, 
        "short_term_average": 289593
    }, 
    {
        "accumulated_operating_revenue_yoy": 15.602895910734773, 
        "accumulated_operating_revenue": 2902776, 
        "long_term_average": 256786, 
        "date": "2013-11-30", 
        "operating_revenue": 185131, 
        "short_term_average": 233293
    }, 
    {
        "accumulated_operating_revenue_yoy": 14.585705856567795, 
        "accumulated_operating_revenue": 3081951, 
        "long_term_average": 256829, 
        "date": "2013-12-31", 
        "operating_revenue": 179175, 
        "short_term_average": 204133
    }, 
    {
        "accumulated_operating_revenue_yoy": 15.247362909611011, 
        "accumulated_operating_revenue": 225614, 
        "long_term_average": 259316, 
        "date": "2014-01-31", 
        "operating_revenue": 225614, 
        "short_term_average": 196640
    }, 
    {
        "accumulated_operating_revenue_yoy": 0.8944145894312635, 
        "accumulated_operating_revenue": 544284, 
        "long_term_average": 257231, 
        "date": "2014-02-28", 
        "operating_revenue": 318670, 
        "short_term_average": 241153
    }, 
    {
        "accumulated_operating_revenue_yoy": 1.3964843619646887, 
        "accumulated_operating_revenue": 759629, 
        "long_term_average": 257701, 
        "date": "2014-03-31", 
        "operating_revenue": 215345, 
        "short_term_average": 253209
    }, 
    {
        "accumulated_operating_revenue_yoy": 0.4494705875595648, 
        "accumulated_operating_revenue": 961875, 
        "long_term_average": 257187, 
        "date": "2014-04-30", 
        "operating_revenue": 202246, 
        "short_term_average": 245420
    }, 
    {
        "accumulated_operating_revenue_yoy": 6.015926084160679, 
        "accumulated_operating_revenue": 1208466, 
        "long_term_average": 262543, 
        "date": "2014-05-31", 
        "operating_revenue": 246591, 
        "short_term_average": 221394
    }, 
    {
        "accumulated_operating_revenue_yoy": 4.274075166095257, 
        "accumulated_operating_revenue": 1492430, 
        "long_term_average": 261927, 
        "date": "2014-06-30", 
        "operating_revenue": 283964, 
        "short_term_average": 244267
    }, 
    {
        "accumulated_operating_revenue_yoy": 3.504584436713571, 
        "accumulated_operating_revenue": 1913659, 
        "long_term_average": 262228, 
        "date": "2014-07-31", 
        "operating_revenue": 421229, 
        "short_term_average": 317261
    }, 
    {
        "accumulated_operating_revenue_yoy": 3.3093270446389864, 
        "accumulated_operating_revenue": 2275796, 
        "long_term_average": 262904, 
        "date": "2014-08-31", 
        "operating_revenue": 362137, 
        "short_term_average": 355776
    }, 
    {
        "accumulated_operating_revenue_yoy": 1.4414760248012595, 
        "accumulated_operating_revenue": 2505150, 
        "long_term_average": 259795, 
        "date": "2014-09-30", 
        "operating_revenue": 229354, 
        "short_term_average": 337573
    }, 
    {
        "accumulated_operating_revenue_yoy": 1.0904293975114483, 
        "accumulated_operating_revenue": 2747279, 
        "long_term_average": 259298, 
        "date": "2014-10-31", 
        "operating_revenue": 242129, 
        "short_term_average": 277873
    }, 
    {
        "accumulated_operating_revenue_yoy": 0.6267448814514106, 
        "accumulated_operating_revenue": 2920969, 
        "long_term_average": 258345, 
        "date": "2014-11-30", 
        "operating_revenue": 173690, 
        "short_term_average": 215057
    }, 
    {
        "accumulated_operating_revenue_yoy": 1.0449874121944183, 
        "accumulated_operating_revenue": 3114157, 
        "long_term_average": 259513, 
        "date": "2014-12-31", 
        "operating_revenue": 193188, 
        "short_term_average": 203002
    }, 
    {
        "accumulated_operating_revenue_yoy": -4.942512432739103, 
        "accumulated_operating_revenue": 214463, 
        "long_term_average": 258583, 
        "date": "2015-01-31", 
        "operating_revenue": 214463, 
        "short_term_average": 193780
    }, 
    {
        "accumulated_operating_revenue_yoy": 7.649499158527534, 
        "accumulated_operating_revenue": 585919, 
        "long_term_average": 262982, 
        "date": "2015-02-28", 
        "operating_revenue": 371456, 
        "short_term_average": 259702
    }, 
    {
        "accumulated_operating_revenue_yoy": 7.594101857617337, 
        "accumulated_operating_revenue": 817316, 
        "long_term_average": 264320, 
        "date": "2015-03-31", 
        "operating_revenue": 231397, 
        "short_term_average": 272438
    }, 
    {
        "accumulated_operating_revenue_yoy": 10.533073424301495, 
        "accumulated_operating_revenue": 1063190, 
        "long_term_average": 267956, 
        "date": "2015-04-30", 
        "operating_revenue": 245874, 
        "short_term_average": 282909
    }, 
    {
        "accumulated_operating_revenue_yoy": 7.442989707612792, 
        "accumulated_operating_revenue": 1298412, 
        "long_term_average": 267008, 
        "date": "2015-05-31", 
        "operating_revenue": 235222, 
        "short_term_average": 237497
    }, 
    {
        "accumulated_operating_revenue_yoy": 5.351071742058254, 
        "accumulated_operating_revenue": 1572291, 
        "long_term_average": 266168, 
        "date": "2015-06-30", 
        "operating_revenue": 273879, 
        "short_term_average": 251658
    }, 
    {
        "accumulated_operating_revenue_yoy": 1.4224582331543916, 
        "accumulated_operating_revenue": 1940880, 
        "long_term_average": 261781, 
        "date": "2015-07-31", 
        "operating_revenue": 368589, 
        "short_term_average": 292563
    }, 
    {
        "accumulated_operating_revenue_yoy": -1.1777417659579328, 
        "accumulated_operating_revenue": 2248993, 
        "long_term_average": 257279, 
        "date": "2015-08-31", 
        "operating_revenue": 308113, 
        "short_term_average": 316860
    }
]