[
    {
        "date": "2012-01-31", 
        "operating_revenue": 43058, 
        "accumulated_operating_revenue": 43058, 
        "long_term_average": 43058, 
        "short_term_average": 43058
    }, 
    {
        "date": "2012-02-29", 
        "operating_revenue": 31631, 
        "accumulated_operating_revenue": 74689, 
        "long_term_average": 37344, 
        "short_term_average": 37344
    }, 
    {
        "date": "2012-03-31", 
        "operating_revenue": 36060, 
        "accumulated_operating_revenue": 110749, 
        "long_term_average": 36916, 
        "short_term_average": 36916
    }, 
    {
        "date": "2012-04-30", 
        "operating_revenue": 45816, 
        "accumulated_operating_revenue": 156565, 
        "long_term_average": 39141, 
        "short_term_average": 37835
    }, 
    {
        "date": "2012-05-31", 
        "operating_revenue": 51793, 
        "accumulated_operating_revenue": 208358, 
        "long_term_average": 41671, 
        "short_term_average": 44556
    }, 
    {
        "date": "2012-06-30", 
        "operating_revenue": 60100, 
        "accumulated_operating_revenue": 268458, 
        "long_term_average": 44743, 
        "short_term_average": 52569
    }, 
    {
        "date": "2012-07-31", 
        "operating_revenue": 104609, 
        "accumulated_operating_revenue": 373067, 
        "long_term_average": 53295, 
        "short_term_average": 72167
    }, 
    {
        "date": "2012-08-31", 
        "operating_revenue": 73364, 
        "accumulated_operating_revenue": 446431, 
        "long_term_average": 55803, 
        "short_term_average": 79357
    }, 
    {
        "date": "2012-09-30", 
        "operating_revenue": 55586, 
        "accumulated_operating_revenue": 502017, 
        "long_term_average": 55779, 
        "short_term_average": 77853
    }, 
    {
        "date": "2012-10-31", 
        "operating_revenue": 50888, 
        "accumulated_operating_revenue": 552905, 
        "long_term_average": 55290, 
        "short_term_average": 59946
    }, 
    {
        "date": "2012-11-30", 
        "operating_revenue": 32583, 
        "accumulated_operating_revenue": 585488, 
        "long_term_average": 53226, 
        "short_term_average": 46352
    }, 
    {
        "date": "2012-12-31", 
        "operating_revenue": 34767, 
        "accumulated_operating_revenue": 620255, 
        "long_term_average": 51687, 
        "short_term_average": 39412
    }, 
    {
        "accumulated_operating_revenue_yoy": -47.57071856565563, 
        "accumulated_operating_revenue": 22575, 
        "long_term_average": 49981, 
        "date": "2013-01-31", 
        "operating_revenue": 22575, 
        "short_term_average": 29975
    }, 
    {
        "accumulated_operating_revenue_yoy": -0.5743817697385157, 
        "accumulated_operating_revenue": 74260, 
        "long_term_average": 51652, 
        "date": "2013-02-28", 
        "operating_revenue": 51685, 
        "short_term_average": 36342
    }, 
    {
        "accumulated_operating_revenue_yoy": 3.765271018248472, 
        "accumulated_operating_revenue": 114919, 
        "long_term_average": 52035, 
        "date": "2013-03-31", 
        "operating_revenue": 40659, 
        "short_term_average": 38306
    }, 
    {
        "accumulated_operating_revenue_yoy": 6.063935106824641, 
        "accumulated_operating_revenue": 166059, 
        "long_term_average": 52479, 
        "date": "2013-04-30", 
        "operating_revenue": 51140, 
        "short_term_average": 47828
    }, 
    {
        "accumulated_operating_revenue_yoy": 7.23274364315265, 
        "accumulated_operating_revenue": 223428, 
        "long_term_average": 52943, 
        "date": "2013-05-31", 
        "operating_revenue": 57369, 
        "short_term_average": 49722
    }, 
    {
        "accumulated_operating_revenue_yoy": 9.797063227767472, 
        "accumulated_operating_revenue": 294759, 
        "long_term_average": 53879, 
        "date": "2013-06-30", 
        "operating_revenue": 71331, 
        "short_term_average": 59946
    }, 
    {
        "accumulated_operating_revenue_yoy": 6.6532285085520835, 
        "accumulated_operating_revenue": 397888, 
        "long_term_average": 53756, 
        "date": "2013-07-31", 
        "operating_revenue": 103129, 
        "short_term_average": 77276
    }, 
    {
        "accumulated_operating_revenue_yoy": 9.635755581489637, 
        "accumulated_operating_revenue": 489448, 
        "long_term_average": 55272, 
        "date": "2013-08-31", 
        "operating_revenue": 91560, 
        "short_term_average": 88673
    }, 
    {
        "accumulated_operating_revenue_yoy": 8.57102448721856, 
        "accumulated_operating_revenue": 545045, 
        "long_term_average": 55273, 
        "date": "2013-09-30", 
        "operating_revenue": 55597, 
        "short_term_average": 83428
    }, 
    {
        "accumulated_operating_revenue_yoy": 8.366175021025311, 
        "accumulated_operating_revenue": 599162, 
        "long_term_average": 55542, 
        "date": "2013-10-31", 
        "operating_revenue": 54117, 
        "short_term_average": 67091
    }, 
    {
        "accumulated_operating_revenue_yoy": 8.706924821687208, 
        "accumulated_operating_revenue": 636466, 
        "long_term_average": 55936, 
        "date": "2013-11-30", 
        "operating_revenue": 37304, 
        "short_term_average": 49006
    }, 
    {
        "accumulated_operating_revenue_yoy": 6.927634601897606, 
        "accumulated_operating_revenue": 663224, 
        "long_term_average": 55268, 
        "date": "2013-12-31", 
        "operating_revenue": 26758, 
        "short_term_average": 39393
    }, 
    {
        "accumulated_operating_revenue_yoy": 51.84496124031007, 
        "accumulated_operating_revenue": 34279, 
        "long_term_average": 56244, 
        "date": "2014-01-31", 
        "operating_revenue": 34279, 
        "short_term_average": 32780
    }, 
    {
        "accumulated_operating_revenue_yoy": 6.890654457312147, 
        "accumulated_operating_revenue": 79377, 
        "long_term_average": 55695, 
        "date": "2014-02-28", 
        "operating_revenue": 45098, 
        "short_term_average": 35378
    }, 
    {
        "accumulated_operating_revenue_yoy": 5.717940462412656, 
        "accumulated_operating_revenue": 121490, 
        "long_term_average": 55816, 
        "date": "2014-03-31", 
        "operating_revenue": 42113, 
        "short_term_average": 40496
    }, 
    {
        "accumulated_operating_revenue_yoy": 4.543565841056492, 
        "accumulated_operating_revenue": 173604, 
        "long_term_average": 55897, 
        "date": "2014-04-30", 
        "operating_revenue": 52114, 
        "short_term_average": 46441
    }, 
    {
        "accumulated_operating_revenue_yoy": 5.971498648334139, 
        "accumulated_operating_revenue": 236770, 
        "long_term_average": 56380, 
        "date": "2014-05-31", 
        "operating_revenue": 63166, 
        "short_term_average": 52464
    }, 
    {
        "accumulated_operating_revenue_yoy": 5.235124287977636, 
        "accumulated_operating_revenue": 310190, 
        "long_term_average": 56554, 
        "date": "2014-06-30", 
        "operating_revenue": 73420, 
        "short_term_average": 62900
    }, 
    {
        "accumulated_operating_revenue_yoy": 4.662115972333923, 
        "accumulated_operating_revenue": 416438, 
        "long_term_average": 56814, 
        "date": "2014-07-31", 
        "operating_revenue": 106248, 
        "short_term_average": 80944
    }, 
    {
        "accumulated_operating_revenue_yoy": 5.333968061980027, 
        "accumulated_operating_revenue": 515555, 
        "long_term_average": 57444, 
        "date": "2014-08-31", 
        "operating_revenue": 99117, 
        "short_term_average": 92928
    }, 
    {
        "accumulated_operating_revenue_yoy": 5.814015356530194, 
        "accumulated_operating_revenue": 576734, 
        "long_term_average": 57909, 
        "date": "2014-09-30", 
        "operating_revenue": 61179, 
        "short_term_average": 88848
    }, 
    {
        "accumulated_operating_revenue_yoy": 6.434486833277144, 
        "accumulated_operating_revenue": 637715, 
        "long_term_average": 58481, 
        "date": "2014-10-31", 
        "operating_revenue": 60981, 
        "short_term_average": 73759
    }, 
    {
        "accumulated_operating_revenue_yoy": 6.932184908541855, 
        "accumulated_operating_revenue": 680587, 
        "long_term_average": 58945, 
        "date": "2014-11-30", 
        "operating_revenue": 42872, 
        "short_term_average": 55010
    }, 
    {
        "accumulated_operating_revenue_yoy": 7.659704715149029, 
        "accumulated_operating_revenue": 714025, 
        "long_term_average": 59502, 
        "date": "2014-12-31", 
        "operating_revenue": 33438, 
        "short_term_average": 45763
    }, 
    {
        "accumulated_operating_revenue_yoy": -10.300767233583244, 
        "accumulated_operating_revenue": 30748, 
        "long_term_average": 59207, 
        "date": "2015-01-31", 
        "operating_revenue": 30748, 
        "short_term_average": 35686
    }, 
    {
        "accumulated_operating_revenue_yoy": 10.820514758683245, 
        "accumulated_operating_revenue": 87966, 
        "long_term_average": 60217, 
        "date": "2015-02-28", 
        "operating_revenue": 57218, 
        "short_term_average": 40468
    }, 
    {
        "accumulated_operating_revenue_yoy": 10.50786072927813, 
        "accumulated_operating_revenue": 134256, 
        "long_term_average": 60565, 
        "date": "2015-03-31", 
        "operating_revenue": 46290, 
        "short_term_average": 44752
    }, 
    {
        "accumulated_operating_revenue_yoy": 10.76588097048455, 
        "accumulated_operating_revenue": 192294, 
        "long_term_average": 61059, 
        "date": "2015-04-30", 
        "operating_revenue": 58038, 
        "short_term_average": 53848
    }, 
    {
        "accumulated_operating_revenue_yoy": 8.291168644676269, 
        "accumulated_operating_revenue": 256401, 
        "long_term_average": 61138, 
        "date": "2015-05-31", 
        "operating_revenue": 64107, 
        "short_term_average": 56145
    }, 
    {
        "accumulated_operating_revenue_yoy": 5.649763048454173, 
        "accumulated_operating_revenue": 327715, 
        "long_term_average": 60962, 
        "date": "2015-06-30", 
        "operating_revenue": 71314, 
        "short_term_average": 64486
    }, 
    {
        "accumulated_operating_revenue_yoy": 3.5724405553767906, 
        "accumulated_operating_revenue": 431315, 
        "long_term_average": 60741, 
        "date": "2015-07-31", 
        "operating_revenue": 103600, 
        "short_term_average": 79673
    }, 
    {
        "accumulated_operating_revenue_yoy": 1.6459931530098633, 
        "accumulated_operating_revenue": 524041, 
        "long_term_average": 60209, 
        "date": "2015-08-31", 
        "operating_revenue": 92726, 
        "short_term_average": 89213
    }, 
    {
        "accumulated_operating_revenue_yoy": 2.039588441118436, 
        "accumulated_operating_revenue": 588497, 
        "long_term_average": 60482, 
        "date": "2015-09-30", 
        "operating_revenue": 64456, 
        "short_term_average": 86927
    }
]