[
    {
        "date": "2011-09-30", 
        "operating_revenue": 1158012, 
        "accumulated_operating_revenue": 1158012, 
        "long_term_average": 1158012, 
        "short_term_average": 1158012
    }, 
    {
        "date": "2011-10-31", 
        "operating_revenue": 1011645, 
        "accumulated_operating_revenue": 2169657, 
        "long_term_average": 1084828, 
        "short_term_average": 1084828
    }, 
    {
        "date": "2011-11-30", 
        "operating_revenue": 1028213, 
        "accumulated_operating_revenue": 3197870, 
        "long_term_average": 1065956, 
        "short_term_average": 1065956
    }, 
    {
        "date": "2011-12-31", 
        "operating_revenue": 1126976, 
        "accumulated_operating_revenue": 4324846, 
        "long_term_average": 1081211, 
        "short_term_average": 1055611
    }, 
    {
        "date": "2012-01-31", 
        "operating_revenue": 1122045, 
        "accumulated_operating_revenue": 1122045, 
        "long_term_average": 1089378, 
        "short_term_average": 1092411
    }, 
    {
        "date": "2012-02-29", 
        "operating_revenue": 1015727, 
        "accumulated_operating_revenue": 2137772, 
        "long_term_average": 1077103, 
        "short_term_average": 1088249
    }, 
    {
        "date": "2012-03-31", 
        "operating_revenue": 1155763, 
        "accumulated_operating_revenue": 3293535, 
        "long_term_average": 1088340, 
        "short_term_average": 1097845
    }, 
    {
        "date": "2012-04-30", 
        "operating_revenue": 1050628, 
        "accumulated_operating_revenue": 4344163, 
        "long_term_average": 1083626, 
        "short_term_average": 1074039
    }, 
    {
        "date": "2012-05-31", 
        "operating_revenue": 1118707, 
        "accumulated_operating_revenue": 5462870, 
        "long_term_average": 1087524, 
        "short_term_average": 1108366
    }, 
    {
        "date": "2012-06-30", 
        "operating_revenue": 1011973, 
        "accumulated_operating_revenue": 6474843, 
        "long_term_average": 1079968, 
        "short_term_average": 1060436
    }, 
    {
        "date": "2012-07-31", 
        "operating_revenue": 1029161, 
        "accumulated_operating_revenue": 7504004, 
        "long_term_average": 1075350, 
        "short_term_average": 1053280
    }, 
    {
        "date": "2012-08-31", 
        "operating_revenue": 1146097, 
        "accumulated_operating_revenue": 8650101, 
        "long_term_average": 1081245, 
        "short_term_average": 1062410
    }, 
    {
        "accumulated_operating_revenue_yoy": 763.51264062894, 
        "accumulated_operating_revenue": 9999580, 
        "long_term_average": 1097201, 
        "date": "2012-09-30", 
        "operating_revenue": 1349479, 
        "short_term_average": 1174912
    }, 
    {
        "accumulated_operating_revenue_yoy": 412.79958076322663, 
        "accumulated_operating_revenue": 11125992, 
        "long_term_average": 1106765, 
        "date": "2012-10-31", 
        "operating_revenue": 1126412, 
        "short_term_average": 1207329
    }, 
    {
        "accumulated_operating_revenue_yoy": 284.62898741975124, 
        "accumulated_operating_revenue": 12299935, 
        "long_term_average": 1118909, 
        "date": "2012-11-30", 
        "operating_revenue": 1173943, 
        "short_term_average": 1216611
    }, 
    {
        "accumulated_operating_revenue_yoy": 213.4230444274779, 
        "accumulated_operating_revenue": 13555064, 
        "long_term_average": 1129588, 
        "date": "2012-12-31", 
        "operating_revenue": 1255129, 
        "short_term_average": 1185161
    }, 
    {
        "accumulated_operating_revenue_yoy": 7.855745536052476, 
        "accumulated_operating_revenue": 1210190, 
        "long_term_average": 1136934, 
        "date": "2013-01-31", 
        "operating_revenue": 1210190, 
        "short_term_average": 1213087
    }, 
    {
        "accumulated_operating_revenue_yoy": 8.959280971029651, 
        "accumulated_operating_revenue": 2329301, 
        "long_term_average": 1145549, 
        "date": "2013-02-28", 
        "operating_revenue": 1119111, 
        "short_term_average": 1194810
    }, 
    {
        "accumulated_operating_revenue_yoy": 8.95153687451325, 
        "accumulated_operating_revenue": 3588357, 
        "long_term_average": 1154157, 
        "date": "2013-03-31", 
        "operating_revenue": 1259056, 
        "short_term_average": 1196119
    }, 
    {
        "accumulated_operating_revenue_yoy": 11.144218115204241, 
        "accumulated_operating_revenue": 4828286, 
        "long_term_average": 1169932, 
        "date": "2013-04-30", 
        "operating_revenue": 1239929, 
        "short_term_average": 1206032
    }, 
    {
        "accumulated_operating_revenue_yoy": 10.936558988224139, 
        "accumulated_operating_revenue": 6060320, 
        "long_term_average": 1179376, 
        "date": "2013-05-31", 
        "operating_revenue": 1232034, 
        "short_term_average": 1243673
    }, 
    {
        "accumulated_operating_revenue_yoy": 11.126246613238344, 
        "accumulated_operating_revenue": 7195250, 
        "long_term_average": 1189622, 
        "date": "2013-06-30", 
        "operating_revenue": 1134930, 
        "short_term_average": 1202297
    }, 
    {
        "accumulated_operating_revenue_yoy": 11.58272303692802, 
        "accumulated_operating_revenue": 8373172, 
        "long_term_average": 1202019, 
        "date": "2013-07-31", 
        "operating_revenue": 1177922, 
        "short_term_average": 1181628
    }, 
    {
        "accumulated_operating_revenue_yoy": 12.069200116854127, 
        "accumulated_operating_revenue": 9694099, 
        "long_term_average": 1216588, 
        "date": "2013-08-31", 
        "operating_revenue": 1320927, 
        "short_term_average": 1211259
    }, 
    {
        "accumulated_operating_revenue_yoy": 11.981803235735901, 
        "accumulated_operating_revenue": 11197710, 
        "long_term_average": 1229432, 
        "date": "2013-09-30", 
        "operating_revenue": 1503611, 
        "short_term_average": 1334153
    }, 
    {
        "accumulated_operating_revenue_yoy": 12.18728181720785, 
        "accumulated_operating_revenue": 12481948, 
        "long_term_average": 1242585, 
        "date": "2013-10-31", 
        "operating_revenue": 1284238, 
        "short_term_average": 1369592
    }, 
    {
        "accumulated_operating_revenue_yoy": 12.063567815602278, 
        "accumulated_operating_revenue": 13783746, 
        "long_term_average": 1253239, 
        "date": "2013-11-30", 
        "operating_revenue": 1301798, 
        "short_term_average": 1363215
    }, 
    {
        "accumulated_operating_revenue_yoy": 11.94438477014937, 
        "accumulated_operating_revenue": 15174133, 
        "long_term_average": 1264511, 
        "date": "2013-12-31", 
        "operating_revenue": 1390387, 
        "short_term_average": 1325474
    }, 
    {
        "accumulated_operating_revenue_yoy": 18.5879076839174, 
        "accumulated_operating_revenue": 1435139, 
        "long_term_average": 1283256, 
        "date": "2014-01-31", 
        "operating_revenue": 1435139, 
        "short_term_average": 1375774
    }, 
    {
        "accumulated_operating_revenue_yoy": 17.17176097035119, 
        "accumulated_operating_revenue": 2729283, 
        "long_term_average": 1297842, 
        "date": "2014-02-28", 
        "operating_revenue": 1294144, 
        "short_term_average": 1373223
    }, 
    {
        "accumulated_operating_revenue_yoy": 17.528077613236366, 
        "accumulated_operating_revenue": 4217327, 
        "long_term_average": 1316925, 
        "date": "2014-03-31", 
        "operating_revenue": 1488044, 
        "short_term_average": 1405775
    }, 
    {
        "accumulated_operating_revenue_yoy": 15.864677444542433, 
        "accumulated_operating_revenue": 5594278, 
        "long_term_average": 1328343, 
        "date": "2014-04-30", 
        "operating_revenue": 1376951, 
        "short_term_average": 1386379
    }, 
    {
        "accumulated_operating_revenue_yoy": 15.520995590991896, 
        "accumulated_operating_revenue": 7000942, 
        "long_term_average": 1342896, 
        "date": "2014-05-31", 
        "operating_revenue": 1406664, 
        "short_term_average": 1423886
    }, 
    {
        "accumulated_operating_revenue_yoy": 15.855237830513186, 
        "accumulated_operating_revenue": 8336074, 
        "long_term_average": 1359579, 
        "date": "2014-06-30", 
        "operating_revenue": 1335132, 
        "short_term_average": 1372915
    }, 
    {
        "accumulated_operating_revenue_yoy": 17.10716082268464, 
        "accumulated_operating_revenue": 9805584, 
        "long_term_average": 1383878, 
        "date": "2014-07-31", 
        "operating_revenue": 1469510, 
        "short_term_average": 1403768
    }, 
    {
        "accumulated_operating_revenue_yoy": 19.2089847648554, 
        "accumulated_operating_revenue": 11556237, 
        "long_term_average": 1419689, 
        "date": "2014-08-31", 
        "operating_revenue": 1750653, 
        "short_term_average": 1518431
    }, 
    {
        "accumulated_operating_revenue_yoy": 16.78618217474823, 
        "accumulated_operating_revenue": 13077378, 
        "long_term_average": 1421150, 
        "date": "2014-09-30", 
        "operating_revenue": 1521141, 
        "short_term_average": 1580434
    }, 
    {
        "accumulated_operating_revenue_yoy": 16.86433079195651, 
        "accumulated_operating_revenue": 14586945, 
        "long_term_average": 1439927, 
        "date": "2014-10-31", 
        "operating_revenue": 1509567, 
        "short_term_average": 1593787
    }, 
    {
        "accumulated_operating_revenue_yoy": 17.09302391381849, 
        "accumulated_operating_revenue": 16139805, 
        "long_term_average": 1460849, 
        "date": "2014-11-30", 
        "operating_revenue": 1552860, 
        "short_term_average": 1527856
    }, 
    {
        "accumulated_operating_revenue_yoy": 18.132989871645385, 
        "accumulated_operating_revenue": 17925657, 
        "long_term_average": 1493804, 
        "date": "2014-12-31", 
        "operating_revenue": 1785852, 
        "short_term_average": 1616093
    }, 
    {
        "accumulated_operating_revenue_yoy": 11.954312439422244, 
        "accumulated_operating_revenue": 1606700, 
        "long_term_average": 1508101, 
        "date": "2015-01-31", 
        "operating_revenue": 1606700, 
        "short_term_average": 1648470
    }, 
    {
        "accumulated_operating_revenue_yoy": 14.306687873701629, 
        "accumulated_operating_revenue": 3119753, 
        "long_term_average": 1526343, 
        "date": "2015-02-28", 
        "operating_revenue": 1513053, 
        "short_term_average": 1635201
    }, 
    {
        "accumulated_operating_revenue_yoy": 13.244289570147158, 
        "accumulated_operating_revenue": 4775882, 
        "long_term_average": 1540351, 
        "date": "2015-03-31", 
        "operating_revenue": 1656129, 
        "short_term_average": 1591960
    }, 
    {
        "accumulated_operating_revenue_yoy": 13.761793747110888, 
        "accumulated_operating_revenue": 6364151, 
        "long_term_average": 1557960, 
        "date": "2015-04-30", 
        "operating_revenue": 1588269, 
        "short_term_average": 1585817
    }, 
    {
        "accumulated_operating_revenue_yoy": 14.158594657690351, 
        "accumulated_operating_revenue": 7992177, 
        "long_term_average": 1576407, 
        "date": "2015-05-31", 
        "operating_revenue": 1628026, 
        "short_term_average": 1624141
    }, 
    {
        "accumulated_operating_revenue_yoy": 14.213297530708099, 
        "accumulated_operating_revenue": 9520905, 
        "long_term_average": 1592540, 
        "date": "2015-06-30", 
        "operating_revenue": 1528728, 
        "short_term_average": 1581674
    }, 
    {
        "accumulated_operating_revenue_yoy": 14.13234540645412, 
        "accumulated_operating_revenue": 11191343, 
        "long_term_average": 1609284, 
        "date": "2015-07-31", 
        "operating_revenue": 1670438, 
        "short_term_average": 1609064
    }, 
    {
        "accumulated_operating_revenue_yoy": 12.998080603573637, 
        "accumulated_operating_revenue": 13058326, 
        "long_term_average": 1618978, 
        "date": "2015-08-31", 
        "operating_revenue": 1866983, 
        "short_term_average": 1688716
    }, 
    {
        "accumulated_operating_revenue_yoy": 14.772150808824216, 
        "accumulated_operating_revenue": 15009188, 
        "long_term_average": 1654788, 
        "date": "2015-09-30", 
        "operating_revenue": 1950862, 
        "short_term_average": 1829427
    }
]