[
    {
        "date": "2011-09-30", 
        "operating_revenue": 54098, 
        "accumulated_operating_revenue": 54098, 
        "long_term_average": 54098, 
        "short_term_average": 54098
    }, 
    {
        "date": "2011-10-31", 
        "operating_revenue": 43476, 
        "accumulated_operating_revenue": 97574, 
        "long_term_average": 48787, 
        "short_term_average": 48787
    }, 
    {
        "date": "2011-11-30", 
        "operating_revenue": 50398, 
        "accumulated_operating_revenue": 147972, 
        "long_term_average": 49324, 
        "short_term_average": 49324
    }, 
    {
        "date": "2011-12-31", 
        "operating_revenue": 65714, 
        "accumulated_operating_revenue": 213686, 
        "long_term_average": 53421, 
        "short_term_average": 53196
    }, 
    {
        "date": "2012-01-31", 
        "operating_revenue": 32033, 
        "accumulated_operating_revenue": 32033, 
        "long_term_average": 49143, 
        "short_term_average": 49381
    }, 
    {
        "date": "2012-02-29", 
        "operating_revenue": 44664, 
        "accumulated_operating_revenue": 76697, 
        "long_term_average": 48397, 
        "short_term_average": 47470
    }, 
    {
        "date": "2012-03-31", 
        "operating_revenue": 62836, 
        "accumulated_operating_revenue": 139533, 
        "long_term_average": 50459, 
        "short_term_average": 46511
    }, 
    {
        "date": "2012-04-30", 
        "operating_revenue": 66837, 
        "accumulated_operating_revenue": 206370, 
        "long_term_average": 52507, 
        "short_term_average": 58112
    }, 
    {
        "date": "2012-05-31", 
        "operating_revenue": 70733, 
        "accumulated_operating_revenue": 277103, 
        "long_term_average": 54532, 
        "short_term_average": 66802
    }, 
    {
        "date": "2012-06-30", 
        "operating_revenue": 82134, 
        "accumulated_operating_revenue": 359237, 
        "long_term_average": 57292, 
        "short_term_average": 73234
    }, 
    {
        "date": "2012-07-31", 
        "operating_revenue": 66231, 
        "accumulated_operating_revenue": 425468, 
        "long_term_average": 58104, 
        "short_term_average": 73032
    }, 
    {
        "date": "2012-08-31", 
        "operating_revenue": 81379, 
        "accumulated_operating_revenue": 506847, 
        "long_term_average": 60044, 
        "short_term_average": 76581
    }, 
    {
        "accumulated_operating_revenue_yoy": 984.3358349661726, 
        "accumulated_operating_revenue": 586604, 
        "long_term_average": 62182, 
        "date": "2012-09-30", 
        "operating_revenue": 79757, 
        "short_term_average": 75789
    }, 
    {
        "accumulated_operating_revenue_yoy": 578.5065693729887, 
        "accumulated_operating_revenue": 662046, 
        "long_term_average": 64846, 
        "date": "2012-10-31", 
        "operating_revenue": 75442, 
        "short_term_average": 78859
    }, 
    {
        "accumulated_operating_revenue_yoy": 393.56567458708406, 
        "accumulated_operating_revenue": 730339, 
        "long_term_average": 66337, 
        "date": "2012-11-30", 
        "operating_revenue": 68293, 
        "short_term_average": 74497
    }, 
    {
        "accumulated_operating_revenue_yoy": 281.5776419606338, 
        "accumulated_operating_revenue": 815378, 
        "long_term_average": 67948, 
        "date": "2012-12-31", 
        "operating_revenue": 85039, 
        "short_term_average": 76258
    }, 
    {
        "accumulated_operating_revenue_yoy": 94.44947397995817, 
        "accumulated_operating_revenue": 62288, 
        "long_term_average": 70469, 
        "date": "2013-01-31", 
        "operating_revenue": 62288, 
        "short_term_average": 71873
    }, 
    {
        "accumulated_operating_revenue_yoy": 42.008161988082975, 
        "accumulated_operating_revenue": 108916, 
        "long_term_average": 70633, 
        "date": "2013-02-28", 
        "operating_revenue": 46628, 
        "short_term_average": 64651
    }, 
    {
        "accumulated_operating_revenue_yoy": 34.12454401467753, 
        "accumulated_operating_revenue": 187148, 
        "long_term_average": 71916, 
        "date": "2013-03-31", 
        "operating_revenue": 78232, 
        "short_term_average": 62382
    }, 
    {
        "accumulated_operating_revenue_yoy": 30.570334835489653, 
        "accumulated_operating_revenue": 269458, 
        "long_term_average": 73205, 
        "date": "2013-04-30", 
        "operating_revenue": 82310, 
        "short_term_average": 69056
    }, 
    {
        "accumulated_operating_revenue_yoy": 28.28767642356813, 
        "accumulated_operating_revenue": 355489, 
        "long_term_average": 74480, 
        "date": "2013-05-31", 
        "operating_revenue": 86031, 
        "short_term_average": 82191
    }, 
    {
        "accumulated_operating_revenue_yoy": 22.158352285538516, 
        "accumulated_operating_revenue": 438838, 
        "long_term_average": 74581, 
        "date": "2013-06-30", 
        "operating_revenue": 83349, 
        "short_term_average": 83896
    }, 
    {
        "accumulated_operating_revenue_yoy": 22.979401506106218, 
        "accumulated_operating_revenue": 523238, 
        "long_term_average": 76095, 
        "date": "2013-07-31", 
        "operating_revenue": 84400, 
        "short_term_average": 84593
    }, 
    {
        "accumulated_operating_revenue_yoy": 20.252857371159344, 
        "accumulated_operating_revenue": 609498, 
        "long_term_average": 76502, 
        "date": "2013-08-31", 
        "operating_revenue": 86260, 
        "short_term_average": 84669
    }, 
    {
        "accumulated_operating_revenue_yoy": 20.528158689678218, 
        "accumulated_operating_revenue": 707023, 
        "long_term_average": 77983, 
        "date": "2013-09-30", 
        "operating_revenue": 97525, 
        "short_term_average": 89395
    }, 
    {
        "accumulated_operating_revenue_yoy": 18.964392202354517, 
        "accumulated_operating_revenue": 787599, 
        "long_term_average": 78410, 
        "date": "2013-10-31", 
        "operating_revenue": 80576, 
        "short_term_average": 88120
    }, 
    {
        "accumulated_operating_revenue_yoy": 18.81509819412629, 
        "accumulated_operating_revenue": 867753, 
        "long_term_average": 79399, 
        "date": "2013-11-30", 
        "operating_revenue": 80154, 
        "short_term_average": 86085
    }, 
    {
        "accumulated_operating_revenue_yoy": 17.892069690376733, 
        "accumulated_operating_revenue": 961266, 
        "long_term_average": 80105, 
        "date": "2013-12-31", 
        "operating_revenue": 93513, 
        "short_term_average": 84747
    }, 
    {
        "accumulated_operating_revenue_yoy": 11.576868738761881, 
        "accumulated_operating_revenue": 69499, 
        "long_term_average": 80706, 
        "date": "2014-01-31", 
        "operating_revenue": 69499, 
        "short_term_average": 81055
    }, 
    {
        "accumulated_operating_revenue_yoy": 19.65643248007639, 
        "accumulated_operating_revenue": 130325, 
        "long_term_average": 81889, 
        "date": "2014-02-28", 
        "operating_revenue": 60826, 
        "short_term_average": 74612
    }, 
    {
        "accumulated_operating_revenue_yoy": 12.89834783166264, 
        "accumulated_operating_revenue": 211287, 
        "long_term_average": 82117, 
        "date": "2014-03-31", 
        "operating_revenue": 80962, 
        "short_term_average": 70429
    }, 
    {
        "accumulated_operating_revenue_yoy": 9.165064685405518, 
        "accumulated_operating_revenue": 294154, 
        "long_term_average": 82163, 
        "date": "2014-04-30", 
        "operating_revenue": 82867, 
        "short_term_average": 74885
    }, 
    {
        "accumulated_operating_revenue_yoy": 7.232572597183035, 
        "accumulated_operating_revenue": 381200, 
        "long_term_average": 82248, 
        "date": "2014-05-31", 
        "operating_revenue": 87046, 
        "short_term_average": 83625
    }, 
    {
        "accumulated_operating_revenue_yoy": 13.161348834877561, 
        "accumulated_operating_revenue": 496595, 
        "long_term_average": 84918, 
        "date": "2014-06-30", 
        "operating_revenue": 115395, 
        "short_term_average": 95102
    }, 
    {
        "accumulated_operating_revenue_yoy": 11.129161108329289, 
        "accumulated_operating_revenue": 581470, 
        "long_term_average": 84958, 
        "date": "2014-07-31", 
        "operating_revenue": 84875, 
        "short_term_average": 95772
    }, 
    {
        "accumulated_operating_revenue_yoy": 10.388713334580261, 
        "accumulated_operating_revenue": 672817, 
        "long_term_average": 85382, 
        "date": "2014-08-31", 
        "operating_revenue": 91347, 
        "short_term_average": 97205
    }, 
    {
        "accumulated_operating_revenue_yoy": 8.34414156258, 
        "accumulated_operating_revenue": 766018, 
        "long_term_average": 85021, 
        "date": "2014-09-30", 
        "operating_revenue": 93201, 
        "short_term_average": 89807
    }, 
    {
        "accumulated_operating_revenue_yoy": 8.594729043586902, 
        "accumulated_operating_revenue": 855291, 
        "long_term_average": 85746, 
        "date": "2014-10-31", 
        "operating_revenue": 89273, 
        "short_term_average": 91273
    }, 
    {
        "accumulated_operating_revenue_yoy": 8.709275565742786, 
        "accumulated_operating_revenue": 943328, 
        "long_term_average": 86403, 
        "date": "2014-11-30", 
        "operating_revenue": 88037, 
        "short_term_average": 90170
    }, 
    {
        "accumulated_operating_revenue_yoy": 8.032948216206544, 
        "accumulated_operating_revenue": 1038484, 
        "long_term_average": 86540, 
        "date": "2014-12-31", 
        "operating_revenue": 95156, 
        "short_term_average": 90822
    }, 
    {
        "accumulated_operating_revenue_yoy": 1.3626095339501287, 
        "accumulated_operating_revenue": 70446, 
        "long_term_average": 86619, 
        "date": "2015-01-31", 
        "operating_revenue": 70446, 
        "short_term_average": 84546
    }, 
    {
        "accumulated_operating_revenue_yoy": -3.73144062919624, 
        "accumulated_operating_revenue": 125462, 
        "long_term_average": 86135, 
        "date": "2015-02-28", 
        "operating_revenue": 55016, 
        "short_term_average": 73539
    }, 
    {
        "accumulated_operating_revenue_yoy": -3.8270220127125665, 
        "accumulated_operating_revenue": 203201, 
        "long_term_average": 85866, 
        "date": "2015-03-31", 
        "operating_revenue": 77739, 
        "short_term_average": 67733
    }, 
    {
        "accumulated_operating_revenue_yoy": -3.7534760703577037, 
        "accumulated_operating_revenue": 283113, 
        "long_term_average": 85620, 
        "date": "2015-04-30", 
        "operating_revenue": 79912, 
        "short_term_average": 70889
    }, 
    {
        "accumulated_operating_revenue_yoy": -2.1497901364113328, 
        "accumulated_operating_revenue": 373005, 
        "long_term_average": 85857, 
        "date": "2015-05-31", 
        "operating_revenue": 89892, 
        "short_term_average": 82514
    }, 
    {
        "accumulated_operating_revenue_yoy": -10.136831824726386, 
        "accumulated_operating_revenue": 446256, 
        "long_term_average": 82345, 
        "date": "2015-06-30", 
        "operating_revenue": 73251, 
        "short_term_average": 81018
    }, 
    {
        "accumulated_operating_revenue_yoy": -10.025624709787264, 
        "accumulated_operating_revenue": 523174, 
        "long_term_average": 81682, 
        "date": "2015-07-31", 
        "operating_revenue": 76918, 
        "short_term_average": 80020
    }, 
    {
        "accumulated_operating_revenue_yoy": -10.643012884632821, 
        "accumulated_operating_revenue": 601209, 
        "long_term_average": 80573, 
        "date": "2015-08-31", 
        "operating_revenue": 78035, 
        "short_term_average": 76068
    }, 
    {
        "accumulated_operating_revenue_yoy": -12.461195428828043, 
        "accumulated_operating_revenue": 670563, 
        "long_term_average": 78585, 
        "date": "2015-09-30", 
        "operating_revenue": 69354, 
        "short_term_average": 74769
    }
]