[
    {
        "date": "2012-01-31", 
        "operating_revenue": 112238, 
        "accumulated_operating_revenue": 112238, 
        "long_term_average": 112238, 
        "short_term_average": 112238
    }, 
    {
        "date": "2012-02-29", 
        "operating_revenue": 93252, 
        "accumulated_operating_revenue": 205490, 
        "long_term_average": 102745, 
        "short_term_average": 102745
    }, 
    {
        "date": "2012-03-31", 
        "operating_revenue": 99207, 
        "accumulated_operating_revenue": 304697, 
        "long_term_average": 101565, 
        "short_term_average": 101565
    }, 
    {
        "date": "2012-04-30", 
        "operating_revenue": 103213, 
        "accumulated_operating_revenue": 407910, 
        "long_term_average": 101977, 
        "short_term_average": 98557
    }, 
    {
        "date": "2012-05-31", 
        "operating_revenue": 101012, 
        "accumulated_operating_revenue": 508922, 
        "long_term_average": 101784, 
        "short_term_average": 101144
    }, 
    {
        "date": "2012-06-30", 
        "operating_revenue": 107232, 
        "accumulated_operating_revenue": 616154, 
        "long_term_average": 102692, 
        "short_term_average": 103819
    }, 
    {
        "date": "2012-07-31", 
        "operating_revenue": 134334, 
        "accumulated_operating_revenue": 750488, 
        "long_term_average": 107212, 
        "short_term_average": 114192
    }, 
    {
        "date": "2012-08-31", 
        "operating_revenue": 122623, 
        "accumulated_operating_revenue": 873111, 
        "long_term_average": 109138, 
        "short_term_average": 121396
    }, 
    {
        "date": "2012-09-30", 
        "operating_revenue": 102778, 
        "accumulated_operating_revenue": 975889, 
        "long_term_average": 108432, 
        "short_term_average": 119911
    }, 
    {
        "date": "2012-10-31", 
        "operating_revenue": 89086, 
        "accumulated_operating_revenue": 1064975, 
        "long_term_average": 106497, 
        "short_term_average": 104829
    }, 
    {
        "date": "2012-11-30", 
        "operating_revenue": 87121, 
        "accumulated_operating_revenue": 1152096, 
        "long_term_average": 104736, 
        "short_term_average": 92995
    }, 
    {
        "date": "2012-12-31", 
        "operating_revenue": 126922, 
        "accumulated_operating_revenue": 1279018, 
        "long_term_average": 106584, 
        "short_term_average": 101043
    }, 
    {
        "accumulated_operating_revenue_yoy": 13.572052246119853, 
        "accumulated_operating_revenue": 127471, 
        "long_term_average": 107854, 
        "date": "2013-01-31", 
        "operating_revenue": 127471, 
        "short_term_average": 113838
    }, 
    {
        "accumulated_operating_revenue_yoy": 5.537982383570976, 
        "accumulated_operating_revenue": 216870, 
        "long_term_average": 107533, 
        "date": "2013-02-28", 
        "operating_revenue": 89399, 
        "short_term_average": 114597
    }, 
    {
        "accumulated_operating_revenue_yoy": 8.606582933209058, 
        "accumulated_operating_revenue": 330921, 
        "long_term_average": 108770, 
        "date": "2013-03-31", 
        "operating_revenue": 114051, 
        "short_term_average": 110307
    }, 
    {
        "accumulated_operating_revenue_yoy": 7.061606726974087, 
        "accumulated_operating_revenue": 436715, 
        "long_term_average": 108985, 
        "date": "2013-04-30", 
        "operating_revenue": 105794, 
        "short_term_average": 103081
    }, 
    {
        "accumulated_operating_revenue_yoy": 8.394017157835581, 
        "accumulated_operating_revenue": 551641, 
        "long_term_average": 110144, 
        "date": "2013-05-31", 
        "operating_revenue": 114926, 
        "short_term_average": 111590
    }, 
    {
        "accumulated_operating_revenue_yoy": 11.098361773193064, 
        "accumulated_operating_revenue": 684537, 
        "long_term_average": 112283, 
        "date": "2013-06-30", 
        "operating_revenue": 132896, 
        "short_term_average": 117872
    }, 
    {
        "accumulated_operating_revenue_yoy": 9.821076419609641, 
        "accumulated_operating_revenue": 824194, 
        "long_term_average": 112727, 
        "date": "2013-07-31", 
        "operating_revenue": 139657, 
        "short_term_average": 129159
    }, 
    {
        "accumulated_operating_revenue_yoy": 11.575275079571783, 
        "accumulated_operating_revenue": 974176, 
        "long_term_average": 115006, 
        "date": "2013-08-31", 
        "operating_revenue": 149982, 
        "short_term_average": 140845
    }, 
    {
        "accumulated_operating_revenue_yoy": 15.58220248409399, 
        "accumulated_operating_revenue": 1127954, 
        "long_term_average": 119256, 
        "date": "2013-09-30", 
        "operating_revenue": 153778, 
        "short_term_average": 147805
    }, 
    {
        "accumulated_operating_revenue_yoy": 17.24124979459612, 
        "accumulated_operating_revenue": 1248590, 
        "long_term_average": 121886, 
        "date": "2013-10-31", 
        "operating_revenue": 120636, 
        "short_term_average": 141465
    }, 
    {
        "accumulated_operating_revenue_yoy": 18.09311029636419, 
        "accumulated_operating_revenue": 1360546, 
        "long_term_average": 123955, 
        "date": "2013-11-30", 
        "operating_revenue": 111956, 
        "short_term_average": 128790
    }, 
    {
        "accumulated_operating_revenue_yoy": 16.934476293531446, 
        "accumulated_operating_revenue": 1495613, 
        "long_term_average": 124634, 
        "date": "2013-12-31", 
        "operating_revenue": 135067, 
        "short_term_average": 122553
    }, 
    {
        "accumulated_operating_revenue_yoy": 26.255383577441144, 
        "accumulated_operating_revenue": 160939, 
        "long_term_average": 127423, 
        "date": "2014-01-31", 
        "operating_revenue": 160939, 
        "short_term_average": 135987
    }, 
    {
        "accumulated_operating_revenue_yoy": 20.024899709503387, 
        "accumulated_operating_revenue": 260298, 
        "long_term_average": 128253, 
        "date": "2014-02-28", 
        "operating_revenue": 99359, 
        "short_term_average": 131788
    }, 
    {
        "accumulated_operating_revenue_yoy": 13.313449433550606, 
        "accumulated_operating_revenue": 374978, 
        "long_term_average": 128305, 
        "date": "2014-03-31", 
        "operating_revenue": 114680, 
        "short_term_average": 124992
    }, 
    {
        "accumulated_operating_revenue_yoy": 14.191864259299544, 
        "accumulated_operating_revenue": 498693, 
        "long_term_average": 129799, 
        "date": "2014-04-30", 
        "operating_revenue": 123715, 
        "short_term_average": 112584
    }, 
    {
        "accumulated_operating_revenue_yoy": 13.57223266580983, 
        "accumulated_operating_revenue": 626511, 
        "long_term_average": 130873, 
        "date": "2014-05-31", 
        "operating_revenue": 127818, 
        "short_term_average": 122071
    }, 
    {
        "accumulated_operating_revenue_yoy": 7.968889921216822, 
        "accumulated_operating_revenue": 739087, 
        "long_term_average": 129180, 
        "date": "2014-06-30", 
        "operating_revenue": 112576, 
        "short_term_average": 121369
    }, 
    {
        "accumulated_operating_revenue_yoy": 6.8620980011987465, 
        "accumulated_operating_revenue": 880751, 
        "long_term_average": 129347, 
        "date": "2014-07-31", 
        "operating_revenue": 141664, 
        "short_term_average": 127352
    }, 
    {
        "accumulated_operating_revenue_yoy": 4.947771244621095, 
        "accumulated_operating_revenue": 1022376, 
        "long_term_average": 128651, 
        "date": "2014-08-31", 
        "operating_revenue": 141625, 
        "short_term_average": 131955
    }, 
    {
        "accumulated_operating_revenue_yoy": 2.413662259276531, 
        "accumulated_operating_revenue": 1155179, 
        "long_term_average": 126903, 
        "date": "2014-09-30", 
        "operating_revenue": 132803, 
        "short_term_average": 138697
    }, 
    {
        "accumulated_operating_revenue_yoy": 1.7197799117404433, 
        "accumulated_operating_revenue": 1270063, 
        "long_term_average": 126423, 
        "date": "2014-10-31", 
        "operating_revenue": 114884, 
        "short_term_average": 129770
    }, 
    {
        "accumulated_operating_revenue_yoy": 1.8765995416546004, 
        "accumulated_operating_revenue": 1386078, 
        "long_term_average": 126762, 
        "date": "2014-11-30", 
        "operating_revenue": 116015, 
        "short_term_average": 121234
    }, 
    {
        "accumulated_operating_revenue_yoy": 2.1062266776231553, 
        "accumulated_operating_revenue": 1527114, 
        "long_term_average": 127259, 
        "date": "2014-12-31", 
        "operating_revenue": 141036, 
        "short_term_average": 123978
    }, 
    {
        "accumulated_operating_revenue_yoy": -8.042798824399307, 
        "accumulated_operating_revenue": 147995, 
        "long_term_average": 126180, 
        "date": "2015-01-31", 
        "operating_revenue": 147995, 
        "short_term_average": 135015
    }, 
    {
        "accumulated_operating_revenue_yoy": -4.123735103612014, 
        "accumulated_operating_revenue": 249564, 
        "long_term_average": 126365, 
        "date": "2015-02-28", 
        "operating_revenue": 101569, 
        "short_term_average": 130200
    }, 
    {
        "accumulated_operating_revenue_yoy": 0.6251033393959112, 
        "accumulated_operating_revenue": 377322, 
        "long_term_average": 127454, 
        "date": "2015-03-31", 
        "operating_revenue": 127758, 
        "short_term_average": 125774
    }, 
    {
        "accumulated_operating_revenue_yoy": 0.3394874201161837, 
        "accumulated_operating_revenue": 500386, 
        "long_term_average": 127400, 
        "date": "2015-04-30", 
        "operating_revenue": 123064, 
        "short_term_average": 117463
    }, 
    {
        "accumulated_operating_revenue_yoy": 0.66112167224518, 
        "accumulated_operating_revenue": 630653, 
        "long_term_average": 127604, 
        "date": "2015-05-31", 
        "operating_revenue": 130267, 
        "short_term_average": 127029
    }, 
    {
        "accumulated_operating_revenue_yoy": 2.3074414784727644, 
        "accumulated_operating_revenue": 756141, 
        "long_term_average": 128680, 
        "date": "2015-06-30", 
        "operating_revenue": 125488, 
        "short_term_average": 126273
    }, 
    {
        "accumulated_operating_revenue_yoy": 2.8762953434057983, 
        "accumulated_operating_revenue": 906084, 
        "long_term_average": 129370, 
        "date": "2015-07-31", 
        "operating_revenue": 149943, 
        "short_term_average": 135232
    }, 
    {
        "accumulated_operating_revenue_yoy": 3.016013677942362, 
        "accumulated_operating_revenue": 1053211, 
        "long_term_average": 129829, 
        "date": "2015-08-31", 
        "operating_revenue": 147127, 
        "short_term_average": 140852
    }
]