[
    {
        "date": "2011-09-30", 
        "operating_revenue": 802511, 
        "accumulated_operating_revenue": 802511, 
        "long_term_average": 802511, 
        "short_term_average": 802511
    }, 
    {
        "date": "2011-10-31", 
        "operating_revenue": 843129, 
        "accumulated_operating_revenue": 1645640, 
        "long_term_average": 822820, 
        "short_term_average": 822820
    }, 
    {
        "date": "2011-11-30", 
        "operating_revenue": 792082, 
        "accumulated_operating_revenue": 2437722, 
        "long_term_average": 812574, 
        "short_term_average": 812574
    }, 
    {
        "date": "2011-12-31", 
        "operating_revenue": 929439, 
        "accumulated_operating_revenue": 3367161, 
        "long_term_average": 841790, 
        "short_term_average": 854883
    }, 
    {
        "date": "2012-01-31", 
        "operating_revenue": 1066815, 
        "accumulated_operating_revenue": 1066815, 
        "long_term_average": 886795, 
        "short_term_average": 929445
    }, 
    {
        "date": "2012-02-29", 
        "operating_revenue": 987730, 
        "accumulated_operating_revenue": 2054545, 
        "long_term_average": 903617, 
        "short_term_average": 994661
    }, 
    {
        "date": "2012-03-31", 
        "operating_revenue": 880931, 
        "accumulated_operating_revenue": 2935476, 
        "long_term_average": 900376, 
        "short_term_average": 978492
    }, 
    {
        "date": "2012-04-30", 
        "operating_revenue": 896495, 
        "accumulated_operating_revenue": 3831971, 
        "long_term_average": 899891, 
        "short_term_average": 921718
    }, 
    {
        "date": "2012-05-31", 
        "operating_revenue": 1008116, 
        "accumulated_operating_revenue": 4840087, 
        "long_term_average": 911916, 
        "short_term_average": 928514
    }, 
    {
        "date": "2012-06-30", 
        "operating_revenue": 999643, 
        "accumulated_operating_revenue": 5839730, 
        "long_term_average": 920689, 
        "short_term_average": 968084
    }, 
    {
        "date": "2012-07-31", 
        "operating_revenue": 1109712, 
        "accumulated_operating_revenue": 6949442, 
        "long_term_average": 937873, 
        "short_term_average": 1039157
    }, 
    {
        "date": "2012-08-31", 
        "operating_revenue": 1223645, 
        "accumulated_operating_revenue": 8173087, 
        "long_term_average": 961687, 
        "short_term_average": 1111000
    }, 
    {
        "accumulated_operating_revenue_yoy": 1045.3692223533385, 
        "accumulated_operating_revenue": 9191714, 
        "long_term_average": 979697, 
        "date": "2012-09-30", 
        "operating_revenue": 1018627, 
        "short_term_average": 1117328
    }, 
    {
        "accumulated_operating_revenue_yoy": 518.0193116355946, 
        "accumulated_operating_revenue": 10170373, 
        "long_term_average": 990991, 
        "date": "2012-10-31", 
        "operating_revenue": 978659, 
        "short_term_average": 1073643
    }, 
    {
        "accumulated_operating_revenue_yoy": 356.0549562255253, 
        "accumulated_operating_revenue": 11117352, 
        "long_term_average": 1003899, 
        "date": "2012-11-30", 
        "operating_revenue": 946979, 
        "short_term_average": 981421
    }, 
    {
        "accumulated_operating_revenue_yoy": 265.58142007465636, 
        "accumulated_operating_revenue": 12309715, 
        "long_term_average": 1025809, 
        "date": "2012-12-31", 
        "operating_revenue": 1192363, 
        "short_term_average": 1039333
    }, 
    {
        "accumulated_operating_revenue_yoy": 5.506390517568651, 
        "accumulated_operating_revenue": 1125558, 
        "long_term_average": 1030704, 
        "date": "2013-01-31", 
        "operating_revenue": 1125558, 
        "short_term_average": 1088300
    }, 
    {
        "accumulated_operating_revenue_yoy": 13.941042907310377, 
        "accumulated_operating_revenue": 2340970, 
        "long_term_average": 1049678, 
        "date": "2013-02-28", 
        "operating_revenue": 1215412, 
        "short_term_average": 1177777
    }, 
    {
        "accumulated_operating_revenue_yoy": 17.71777388062447, 
        "accumulated_operating_revenue": 3455577, 
        "long_term_average": 1069151, 
        "date": "2013-03-31", 
        "operating_revenue": 1114607, 
        "short_term_average": 1151859
    }, 
    {
        "accumulated_operating_revenue_yoy": 18.336464446103584, 
        "accumulated_operating_revenue": 4534619, 
        "long_term_average": 1084363, 
        "date": "2013-04-30", 
        "operating_revenue": 1079042, 
        "short_term_average": 1136353
    }, 
    {
        "accumulated_operating_revenue_yoy": 19.227794872282256, 
        "accumulated_operating_revenue": 5770729, 
        "long_term_average": 1103363, 
        "date": "2013-05-31", 
        "operating_revenue": 1236110, 
        "short_term_average": 1143253
    }, 
    {
        "accumulated_operating_revenue_yoy": 20.544425855304954, 
        "accumulated_operating_revenue": 7039469, 
        "long_term_average": 1125787, 
        "date": "2013-06-30", 
        "operating_revenue": 1268740, 
        "short_term_average": 1194630
    }, 
    {
        "accumulated_operating_revenue_yoy": 20.04510577971584, 
        "accumulated_operating_revenue": 8342465, 
        "long_term_average": 1141894, 
        "date": "2013-07-31", 
        "operating_revenue": 1302996, 
        "short_term_average": 1269282
    }, 
    {
        "accumulated_operating_revenue_yoy": 20.49574414171781, 
        "accumulated_operating_revenue": 9848222, 
        "long_term_average": 1165404, 
        "date": "2013-08-31", 
        "operating_revenue": 1505757, 
        "short_term_average": 1359164
    }, 
    {
        "accumulated_operating_revenue_yoy": 20.176715681101477, 
        "accumulated_operating_revenue": 11046300, 
        "long_term_average": 1180358, 
        "date": "2013-09-30", 
        "operating_revenue": 1198078, 
        "short_term_average": 1335610
    }, 
    {
        "accumulated_operating_revenue_yoy": 20.587248864913803, 
        "accumulated_operating_revenue": 12264173, 
        "long_term_average": 1200292, 
        "date": "2013-10-31", 
        "operating_revenue": 1217873, 
        "short_term_average": 1307236
    }, 
    {
        "accumulated_operating_revenue_yoy": 21.17867636106152, 
        "accumulated_operating_revenue": 13471860, 
        "long_term_average": 1222018, 
        "date": "2013-11-30", 
        "operating_revenue": 1207687, 
        "short_term_average": 1207879
    }, 
    {
        "accumulated_operating_revenue_yoy": 20.96543258718825, 
        "accumulated_operating_revenue": 14890500, 
        "long_term_average": 1240875, 
        "date": "2013-12-31", 
        "operating_revenue": 1418640, 
        "short_term_average": 1281400
    }, 
    {
        "accumulated_operating_revenue_yoy": 31.158589783911623, 
        "accumulated_operating_revenue": 1476266, 
        "long_term_average": 1270100, 
        "date": "2014-01-31", 
        "operating_revenue": 1476266, 
        "short_term_average": 1367531
    }, 
    {
        "accumulated_operating_revenue_yoy": 27.369808241882637, 
        "accumulated_operating_revenue": 2981689, 
        "long_term_average": 1294268, 
        "date": "2014-02-28", 
        "operating_revenue": 1505423, 
        "short_term_average": 1466776
    }, 
    {
        "accumulated_operating_revenue_yoy": 24.599220332812727, 
        "accumulated_operating_revenue": 4305622, 
        "long_term_average": 1311712, 
        "date": "2014-03-31", 
        "operating_revenue": 1323933, 
        "short_term_average": 1435207
    }, 
    {
        "accumulated_operating_revenue_yoy": 21.82474426186632, 
        "accumulated_operating_revenue": 5524288, 
        "long_term_average": 1323347, 
        "date": "2014-04-30", 
        "operating_revenue": 1218666, 
        "short_term_average": 1349340
    }, 
    {
        "accumulated_operating_revenue_yoy": 21.424156289439342, 
        "accumulated_operating_revenue": 7007059, 
        "long_term_average": 1343902, 
        "date": "2014-05-31", 
        "operating_revenue": 1482771, 
        "short_term_average": 1341790
    }, 
    {
        "accumulated_operating_revenue_yoy": 19.544300855646924, 
        "accumulated_operating_revenue": 8415284, 
        "long_term_average": 1355526, 
        "date": "2014-06-30", 
        "operating_revenue": 1408225, 
        "short_term_average": 1369887
    }, 
    {
        "accumulated_operating_revenue_yoy": 18.88915326585128, 
        "accumulated_operating_revenue": 9918286, 
        "long_term_average": 1372193, 
        "date": "2014-07-31", 
        "operating_revenue": 1503002, 
        "short_term_average": 1464666
    }, 
    {
        "accumulated_operating_revenue_yoy": 18.807872121485484, 
        "accumulated_operating_revenue": 11700463, 
        "long_term_average": 1395228, 
        "date": "2014-08-31", 
        "operating_revenue": 1782177, 
        "short_term_average": 1564468
    }, 
    {
        "accumulated_operating_revenue_yoy": 18.126141785032093, 
        "accumulated_operating_revenue": 13048568, 
        "long_term_average": 1407730, 
        "date": "2014-09-30", 
        "operating_revenue": 1348105, 
        "short_term_average": 1544428
    }, 
    {
        "accumulated_operating_revenue_yoy": 17.06845622611488, 
        "accumulated_operating_revenue": 14357478, 
        "long_term_average": 1415317, 
        "date": "2014-10-31", 
        "operating_revenue": 1308910, 
        "short_term_average": 1479730
    }, 
    {
        "accumulated_operating_revenue_yoy": 15.191450920659804, 
        "accumulated_operating_revenue": 15518431, 
        "long_term_average": 1411422, 
        "date": "2014-11-30", 
        "operating_revenue": 1160953, 
        "short_term_average": 1272656
    }, 
    {
        "accumulated_operating_revenue_yoy": 13.60197441321648, 
        "accumulated_operating_revenue": 16915902, 
        "long_term_average": 1409658, 
        "date": "2014-12-31", 
        "operating_revenue": 1397471, 
        "short_term_average": 1289111
    }, 
    {
        "accumulated_operating_revenue_yoy": -6.184725516946133, 
        "accumulated_operating_revenue": 1384963, 
        "long_term_average": 1402049, 
        "date": "2015-01-31", 
        "operating_revenue": 1384963, 
        "short_term_average": 1314462
    }, 
    {
        "accumulated_operating_revenue_yoy": 0.141765288063242, 
        "accumulated_operating_revenue": 2985916, 
        "long_term_average": 1410010, 
        "date": "2015-02-28", 
        "operating_revenue": 1600953, 
        "short_term_average": 1461129
    }, 
    {
        "accumulated_operating_revenue_yoy": 0.7821169624272637, 
        "accumulated_operating_revenue": 4339297, 
        "long_term_average": 1412464, 
        "date": "2015-03-31", 
        "operating_revenue": 1353381, 
        "short_term_average": 1446432
    }, 
    {
        "accumulated_operating_revenue_yoy": 2.0340901850156983, 
        "accumulated_operating_revenue": 5636657, 
        "long_term_average": 1419022, 
        "date": "2015-04-30", 
        "operating_revenue": 1297360, 
        "short_term_average": 1417231
    }, 
    {
        "accumulated_operating_revenue_yoy": 2.733629044653399, 
        "accumulated_operating_revenue": 7198606, 
        "long_term_average": 1425620, 
        "date": "2015-05-31", 
        "operating_revenue": 1561949, 
        "short_term_average": 1404230
    }, 
    {
        "accumulated_operating_revenue_yoy": 1.7252656000676863, 
        "accumulated_operating_revenue": 8560470, 
        "long_term_average": 1421757, 
        "date": "2015-06-30", 
        "operating_revenue": 1361864, 
        "short_term_average": 1407057
    }, 
    {
        "accumulated_operating_revenue_yoy": 0.7735005826611574, 
        "accumulated_operating_revenue": 9995004, 
        "long_term_average": 1416051, 
        "date": "2015-07-31", 
        "operating_revenue": 1434534, 
        "short_term_average": 1452782
    }, 
    {
        "accumulated_operating_revenue_yoy": -0.5186888758162818, 
        "accumulated_operating_revenue": 11639774, 
        "long_term_average": 1404601, 
        "date": "2015-08-31", 
        "operating_revenue": 1644770, 
        "short_term_average": 1480389
    }
]