[
    {
        "date": "2012-01-31", 
        "operating_revenue": 203978, 
        "accumulated_operating_revenue": 203978, 
        "long_term_average": 203978, 
        "short_term_average": 203978
    }, 
    {
        "date": "2012-02-29", 
        "operating_revenue": 148611, 
        "accumulated_operating_revenue": 352589, 
        "long_term_average": 176294, 
        "short_term_average": 176294
    }, 
    {
        "date": "2012-03-31", 
        "operating_revenue": 130589, 
        "accumulated_operating_revenue": 483178, 
        "long_term_average": 161059, 
        "short_term_average": 161059
    }, 
    {
        "date": "2012-04-30", 
        "operating_revenue": 142856, 
        "accumulated_operating_revenue": 626034, 
        "long_term_average": 156508, 
        "short_term_average": 140685
    }, 
    {
        "date": "2012-05-31", 
        "operating_revenue": 161508, 
        "accumulated_operating_revenue": 787542, 
        "long_term_average": 157508, 
        "short_term_average": 144984
    }, 
    {
        "date": "2012-06-30", 
        "operating_revenue": 159706, 
        "accumulated_operating_revenue": 947248, 
        "long_term_average": 157874, 
        "short_term_average": 154690
    }, 
    {
        "date": "2012-07-31", 
        "operating_revenue": 183169, 
        "accumulated_operating_revenue": 1130417, 
        "long_term_average": 161488, 
        "short_term_average": 168127
    }, 
    {
        "date": "2012-08-31", 
        "operating_revenue": 177545, 
        "accumulated_operating_revenue": 1307962, 
        "long_term_average": 163495, 
        "short_term_average": 173473
    }, 
    {
        "date": "2012-09-30", 
        "operating_revenue": 148763, 
        "accumulated_operating_revenue": 1456725, 
        "long_term_average": 161858, 
        "short_term_average": 169825
    }, 
    {
        "date": "2012-10-31", 
        "operating_revenue": 143612, 
        "accumulated_operating_revenue": 1600337, 
        "long_term_average": 160033, 
        "short_term_average": 156640
    }, 
    {
        "date": "2012-11-30", 
        "operating_revenue": 135321, 
        "accumulated_operating_revenue": 1735658, 
        "long_term_average": 157787, 
        "short_term_average": 142565
    }, 
    {
        "date": "2012-12-31", 
        "operating_revenue": 173729, 
        "accumulated_operating_revenue": 1909387, 
        "long_term_average": 159115, 
        "short_term_average": 150887
    }, 
    {
        "accumulated_operating_revenue_yoy": -22.663718636323523, 
        "accumulated_operating_revenue": 157749, 
        "long_term_average": 155263, 
        "date": "2013-01-31", 
        "operating_revenue": 157749, 
        "short_term_average": 155599
    }, 
    {
        "accumulated_operating_revenue_yoy": 8.01357955012777, 
        "accumulated_operating_revenue": 380844, 
        "long_term_average": 161470, 
        "date": "2013-02-28", 
        "operating_revenue": 223095, 
        "short_term_average": 184857
    }, 
    {
        "accumulated_operating_revenue_yoy": 11.695896750265948, 
        "accumulated_operating_revenue": 539690, 
        "long_term_average": 163824, 
        "date": "2013-03-31", 
        "operating_revenue": 158846, 
        "short_term_average": 179896
    }, 
    {
        "accumulated_operating_revenue_yoy": 11.888491679365657, 
        "accumulated_operating_revenue": 700460, 
        "long_term_average": 165317, 
        "date": "2013-04-30", 
        "operating_revenue": 160770, 
        "short_term_average": 180903
    }, 
    {
        "accumulated_operating_revenue_yoy": 13.23167526303359, 
        "accumulated_operating_revenue": 891747, 
        "long_term_average": 167799, 
        "date": "2013-05-31", 
        "operating_revenue": 191287, 
        "short_term_average": 170301
    }, 
    {
        "accumulated_operating_revenue_yoy": 16.30882303261659, 
        "accumulated_operating_revenue": 1101733, 
        "long_term_average": 171989, 
        "date": "2013-06-30", 
        "operating_revenue": 209986, 
        "short_term_average": 187347
    }, 
    {
        "accumulated_operating_revenue_yoy": 15.703585491017916, 
        "accumulated_operating_revenue": 1307933, 
        "long_term_average": 173908, 
        "date": "2013-07-31", 
        "operating_revenue": 206200, 
        "short_term_average": 202491
    }, 
    {
        "accumulated_operating_revenue_yoy": 17.31831658717914, 
        "accumulated_operating_revenue": 1534479, 
        "long_term_average": 177992, 
        "date": "2013-08-31", 
        "operating_revenue": 226546, 
        "short_term_average": 214244
    }, 
    {
        "accumulated_operating_revenue_yoy": 17.77617601125813, 
        "accumulated_operating_revenue": 1715675, 
        "long_term_average": 180694, 
        "date": "2013-09-30", 
        "operating_revenue": 181196, 
        "short_term_average": 204647
    }, 
    {
        "accumulated_operating_revenue_yoy": 18.422307301524615, 
        "accumulated_operating_revenue": 1895156, 
        "long_term_average": 183683, 
        "date": "2013-10-31", 
        "operating_revenue": 179481, 
        "short_term_average": 195741
    }, 
    {
        "accumulated_operating_revenue_yoy": 20.11012538184366, 
        "accumulated_operating_revenue": 2084701, 
        "long_term_average": 188202, 
        "date": "2013-11-30", 
        "operating_revenue": 189545, 
        "short_term_average": 183407
    }, 
    {
        "accumulated_operating_revenue_yoy": 20.844648046729134, 
        "accumulated_operating_revenue": 2307392, 
        "long_term_average": 192282, 
        "date": "2013-12-31", 
        "operating_revenue": 222691, 
        "short_term_average": 197239
    }, 
    {
        "accumulated_operating_revenue_yoy": 59.19023258467565, 
        "accumulated_operating_revenue": 251121, 
        "long_term_average": 200063, 
        "date": "2014-01-31", 
        "operating_revenue": 251121, 
        "short_term_average": 221119
    }, 
    {
        "accumulated_operating_revenue_yoy": 34.47527071451828, 
        "accumulated_operating_revenue": 512141, 
        "long_term_average": 203224, 
        "date": "2014-02-28", 
        "operating_revenue": 261020, 
        "short_term_average": 244944
    }, 
    {
        "accumulated_operating_revenue_yoy": 32.95002686727565, 
        "accumulated_operating_revenue": 717518, 
        "long_term_average": 207101, 
        "date": "2014-03-31", 
        "operating_revenue": 205377, 
        "short_term_average": 239172
    }, 
    {
        "accumulated_operating_revenue_yoy": 30.50552494075322, 
        "accumulated_operating_revenue": 914139, 
        "long_term_average": 210089, 
        "date": "2014-04-30", 
        "operating_revenue": 196621, 
        "short_term_average": 221006
    }, 
    {
        "accumulated_operating_revenue_yoy": 31.061612766849787, 
        "accumulated_operating_revenue": 1168738, 
        "long_term_average": 215365, 
        "date": "2014-05-31", 
        "operating_revenue": 254599, 
        "short_term_average": 218865
    }, 
    {
        "accumulated_operating_revenue_yoy": 28.690708184287843, 
        "accumulated_operating_revenue": 1417828, 
        "long_term_average": 218623, 
        "date": "2014-06-30", 
        "operating_revenue": 249090, 
        "short_term_average": 233436
    }, 
    {
        "accumulated_operating_revenue_yoy": 28.35397531830759, 
        "accumulated_operating_revenue": 1678784, 
        "long_term_average": 223186, 
        "date": "2014-07-31", 
        "operating_revenue": 260956, 
        "short_term_average": 254881
    }, 
    {
        "accumulated_operating_revenue_yoy": 28.62482966531311, 
        "accumulated_operating_revenue": 1973721, 
        "long_term_average": 228886, 
        "date": "2014-08-31", 
        "operating_revenue": 294937, 
        "short_term_average": 268327
    }, 
    {
        "accumulated_operating_revenue_yoy": 28.265143456657, 
        "accumulated_operating_revenue": 2200613, 
        "long_term_average": 232694, 
        "date": "2014-09-30", 
        "operating_revenue": 226892, 
        "short_term_average": 260928
    }, 
    {
        "accumulated_operating_revenue_yoy": 28.50541063638033, 
        "accumulated_operating_revenue": 2435378, 
        "long_term_average": 237301, 
        "date": "2014-10-31", 
        "operating_revenue": 234765, 
        "short_term_average": 252198
    }, 
    {
        "accumulated_operating_revenue_yoy": 27.698552454284815, 
        "accumulated_operating_revenue": 2662133, 
        "long_term_average": 240402, 
        "date": "2014-11-30", 
        "operating_revenue": 226755, 
        "short_term_average": 229470
    }, 
    {
        "accumulated_operating_revenue_yoy": 25.916575943749482, 
        "accumulated_operating_revenue": 2905389, 
        "long_term_average": 242115, 
        "date": "2014-12-31", 
        "operating_revenue": 243256, 
        "short_term_average": 234925
    }, 
    {
        "accumulated_operating_revenue_yoy": 0.10791610418881734, 
        "accumulated_operating_revenue": 251392, 
        "long_term_average": 242138, 
        "date": "2015-01-31", 
        "operating_revenue": 251392, 
        "short_term_average": 240467
    }, 
    {
        "accumulated_operating_revenue_yoy": 17.484442760880302, 
        "accumulated_operating_revenue": 601686, 
        "long_term_average": 249577, 
        "date": "2015-02-28", 
        "operating_revenue": 350294, 
        "short_term_average": 281647
    }, 
    {
        "accumulated_operating_revenue_yoy": 20.824704049236395, 
        "accumulated_operating_revenue": 866939, 
        "long_term_average": 254567, 
        "date": "2015-03-31", 
        "operating_revenue": 265253, 
        "short_term_average": 288979
    }, 
    {
        "accumulated_operating_revenue_yoy": 22.856808428477507, 
        "accumulated_operating_revenue": 1123082, 
        "long_term_average": 259527, 
        "date": "2015-04-30", 
        "operating_revenue": 256143, 
        "short_term_average": 290563
    }, 
    {
        "accumulated_operating_revenue_yoy": 22.47030557746903, 
        "accumulated_operating_revenue": 1431357, 
        "long_term_average": 264000, 
        "date": "2015-05-31", 
        "operating_revenue": 308275, 
        "short_term_average": 276557
    }, 
    {
        "accumulated_operating_revenue_yoy": 21.150238251748448, 
        "accumulated_operating_revenue": 1717702, 
        "long_term_average": 267105, 
        "date": "2015-06-30", 
        "operating_revenue": 286345, 
        "short_term_average": 283587
    }, 
    {
        "accumulated_operating_revenue_yoy": 20.575190137623423, 
        "accumulated_operating_revenue": 2024197, 
        "long_term_average": 270900, 
        "date": "2015-07-31", 
        "operating_revenue": 306495, 
        "short_term_average": 300371
    }, 
    {
        "accumulated_operating_revenue_yoy": 19.380044089311507, 
        "accumulated_operating_revenue": 2356229, 
        "long_term_average": 273991, 
        "date": "2015-08-31", 
        "operating_revenue": 332032, 
        "short_term_average": 308290
    }, 
    {
        "accumulated_operating_revenue_yoy": 18.529518820437758, 
        "accumulated_operating_revenue": 2608376, 
        "long_term_average": 276096, 
        "date": "2015-09-30", 
        "operating_revenue": 252147, 
        "short_term_average": 296891
    }
]