[
    {
        "date": "2012-01-31", 
        "operating_revenue": 1356024, 
        "accumulated_operating_revenue": 1356024, 
        "long_term_average": 1356024, 
        "short_term_average": 1356024
    }, 
    {
        "date": "2012-02-29", 
        "operating_revenue": 756156, 
        "accumulated_operating_revenue": 2112180, 
        "long_term_average": 1056090, 
        "short_term_average": 1056090
    }, 
    {
        "date": "2012-03-31", 
        "operating_revenue": 900496, 
        "accumulated_operating_revenue": 3012676, 
        "long_term_average": 1004225, 
        "short_term_average": 1004225
    }, 
    {
        "date": "2012-04-30", 
        "operating_revenue": 1024427, 
        "accumulated_operating_revenue": 4037103, 
        "long_term_average": 1009275, 
        "short_term_average": 893693
    }, 
    {
        "date": "2012-05-31", 
        "operating_revenue": 1096927, 
        "accumulated_operating_revenue": 5134030, 
        "long_term_average": 1026806, 
        "short_term_average": 1007283
    }, 
    {
        "date": "2012-06-30", 
        "operating_revenue": 1389388, 
        "accumulated_operating_revenue": 6523418, 
        "long_term_average": 1087236, 
        "short_term_average": 1170247
    }, 
    {
        "date": "2012-07-31", 
        "operating_revenue": 1521053, 
        "accumulated_operating_revenue": 8044471, 
        "long_term_average": 1149210, 
        "short_term_average": 1335789
    }, 
    {
        "date": "2012-08-31", 
        "operating_revenue": 1363802, 
        "accumulated_operating_revenue": 9408273, 
        "long_term_average": 1176034, 
        "short_term_average": 1424747
    }, 
    {
        "date": "2012-09-30", 
        "operating_revenue": 1173548, 
        "accumulated_operating_revenue": 10581821, 
        "long_term_average": 1175757, 
        "short_term_average": 1352801
    }, 
    {
        "date": "2012-10-31", 
        "operating_revenue": 1295736, 
        "accumulated_operating_revenue": 11877557, 
        "long_term_average": 1187755, 
        "short_term_average": 1277695
    }, 
    {
        "date": "2012-11-30", 
        "operating_revenue": 988819, 
        "accumulated_operating_revenue": 12866376, 
        "long_term_average": 1169670, 
        "short_term_average": 1152701
    }, 
    {
        "date": "2012-12-31", 
        "operating_revenue": 840519, 
        "accumulated_operating_revenue": 13706895, 
        "long_term_average": 1142241, 
        "short_term_average": 1041691
    }, 
    {
        "accumulated_operating_revenue_yoy": -33.190341763862584, 
        "accumulated_operating_revenue": 905955, 
        "long_term_average": 1104735, 
        "date": "2013-01-31", 
        "operating_revenue": 905955, 
        "short_term_average": 911764
    }, 
    {
        "accumulated_operating_revenue_yoy": 8.524226154967852, 
        "accumulated_operating_revenue": 2292227, 
        "long_term_average": 1157245, 
        "date": "2013-02-28", 
        "operating_revenue": 1386272, 
        "short_term_average": 1044248
    }, 
    {
        "accumulated_operating_revenue_yoy": 6.1609014709846, 
        "accumulated_operating_revenue": 3198284, 
        "long_term_average": 1157708, 
        "date": "2013-03-31", 
        "operating_revenue": 906057, 
        "short_term_average": 1066094
    }, 
    {
        "accumulated_operating_revenue_yoy": 9.0604079212247, 
        "accumulated_operating_revenue": 4402881, 
        "long_term_average": 1172722, 
        "date": "2013-04-30", 
        "operating_revenue": 1204597, 
        "short_term_average": 1165642
    }, 
    {
        "accumulated_operating_revenue_yoy": 10.126236114709107, 
        "accumulated_operating_revenue": 5653914, 
        "long_term_average": 1185564, 
        "date": "2013-05-31", 
        "operating_revenue": 1251033, 
        "short_term_average": 1120562
    }, 
    {
        "accumulated_operating_revenue_yoy": 10.254869456472052, 
        "accumulated_operating_revenue": 7192386, 
        "long_term_average": 1197988, 
        "date": "2013-06-30", 
        "operating_revenue": 1538472, 
        "short_term_average": 1331367
    }, 
    {
        "accumulated_operating_revenue_yoy": 12.66832834626416, 
        "accumulated_operating_revenue": 9063571, 
        "long_term_average": 1227166, 
        "date": "2013-07-31", 
        "operating_revenue": 1871185, 
        "short_term_average": 1553563
    }, 
    {
        "accumulated_operating_revenue_yoy": 13.50507154713729, 
        "accumulated_operating_revenue": 10678867, 
        "long_term_average": 1248124, 
        "date": "2013-08-31", 
        "operating_revenue": 1615296, 
        "short_term_average": 1674984
    }, 
    {
        "accumulated_operating_revenue_yoy": 15.221482200464362, 
        "accumulated_operating_revenue": 12192531, 
        "long_term_average": 1276467, 
        "date": "2013-09-30", 
        "operating_revenue": 1513664, 
        "short_term_average": 1666715
    }, 
    {
        "accumulated_operating_revenue_yoy": 16.085395338452173, 
        "accumulated_operating_revenue": 13788109, 
        "long_term_average": 1301453, 
        "date": "2013-10-31", 
        "operating_revenue": 1595578, 
        "short_term_average": 1574846
    }, 
    {
        "accumulated_operating_revenue_yoy": 15.761065897654476, 
        "accumulated_operating_revenue": 14894254, 
        "long_term_average": 1311231, 
        "date": "2013-11-30", 
        "operating_revenue": 1106145, 
        "short_term_average": 1405129
    }, 
    {
        "accumulated_operating_revenue_yoy": 15.66192051518597, 
        "accumulated_operating_revenue": 15853658, 
        "long_term_average": 1321138, 
        "date": "2013-12-31", 
        "operating_revenue": 959404, 
        "short_term_average": 1220375
    }, 
    {
        "accumulated_operating_revenue_yoy": 2.9427510196422557, 
        "accumulated_operating_revenue": 932615, 
        "long_term_average": 1323359, 
        "date": "2014-01-31", 
        "operating_revenue": 932615, 
        "short_term_average": 999388
    }, 
    {
        "accumulated_operating_revenue_yoy": -3.206663214419863, 
        "accumulated_operating_revenue": 2218723, 
        "long_term_average": 1315012, 
        "date": "2014-02-28", 
        "operating_revenue": 1286108, 
        "short_term_average": 1059375
    }, 
    {
        "accumulated_operating_revenue_yoy": 7.203925605105738, 
        "accumulated_operating_revenue": 3428686, 
        "long_term_average": 1340338, 
        "date": "2014-03-31", 
        "operating_revenue": 1209963, 
        "short_term_average": 1142895
    }, 
    {
        "accumulated_operating_revenue_yoy": 6.727322405488588, 
        "accumulated_operating_revenue": 4699077, 
        "long_term_average": 1345821, 
        "date": "2014-04-30", 
        "operating_revenue": 1270391, 
        "short_term_average": 1255487
    }, 
    {
        "accumulated_operating_revenue_yoy": 11.289878126904654, 
        "accumulated_operating_revenue": 6292234, 
        "long_term_average": 1374331, 
        "date": "2014-05-31", 
        "operating_revenue": 1593157, 
        "short_term_average": 1357837
    }, 
    {
        "accumulated_operating_revenue_yoy": 11.611028662810922, 
        "accumulated_operating_revenue": 8027496, 
        "long_term_average": 1390730, 
        "date": "2014-06-30", 
        "operating_revenue": 1735262, 
        "short_term_average": 1532936
    }, 
    {
        "accumulated_operating_revenue_yoy": 12.32583713417151, 
        "accumulated_operating_revenue": 10180732, 
        "long_term_average": 1414234, 
        "date": "2014-07-31", 
        "operating_revenue": 2153236, 
        "short_term_average": 1827218
    }, 
    {
        "accumulated_operating_revenue_yoy": 11.720578596961644, 
        "accumulated_operating_revenue": 11930492, 
        "long_term_average": 1425440, 
        "date": "2014-08-31", 
        "operating_revenue": 1749760, 
        "short_term_average": 1879419
    }, 
    {
        "accumulated_operating_revenue_yoy": 10.871270288342922, 
        "accumulated_operating_revenue": 13518014, 
        "long_term_average": 1431595, 
        "date": "2014-09-30", 
        "operating_revenue": 1587522, 
        "short_term_average": 1830172
    }, 
    {
        "accumulated_operating_revenue_yoy": 10.346509445203834, 
        "accumulated_operating_revenue": 15214697, 
        "long_term_average": 1440020, 
        "date": "2014-10-31", 
        "operating_revenue": 1696683, 
        "short_term_average": 1677988
    }, 
    {
        "accumulated_operating_revenue_yoy": 11.198728046399637, 
        "accumulated_operating_revenue": 16562221, 
        "long_term_average": 1460135, 
        "date": "2014-11-30", 
        "operating_revenue": 1347524, 
        "short_term_average": 1543909
    }, 
    {
        "accumulated_operating_revenue_yoy": 11.599758238761048, 
        "accumulated_operating_revenue": 17692644, 
        "long_term_average": 1474387, 
        "date": "2014-12-31", 
        "operating_revenue": 1130423, 
        "short_term_average": 1391543
    }, 
    {
        "accumulated_operating_revenue_yoy": 25.090203352937706, 
        "accumulated_operating_revenue": 1166610, 
        "long_term_average": 1493886, 
        "date": "2015-01-31", 
        "operating_revenue": 1166610, 
        "short_term_average": 1214852
    }, 
    {
        "accumulated_operating_revenue_yoy": 29.091869512327584, 
        "accumulated_operating_revenue": 2864191, 
        "long_term_average": 1528176, 
        "date": "2015-02-28", 
        "operating_revenue": 1697581, 
        "short_term_average": 1331538
    }, 
    {
        "accumulated_operating_revenue_yoy": 25.29394642729022, 
        "accumulated_operating_revenue": 4295936, 
        "long_term_average": 1546657, 
        "date": "2015-03-31", 
        "operating_revenue": 1431745, 
        "short_term_average": 1431978
    }, 
    {
        "accumulated_operating_revenue_yoy": 27.86930284394148, 
        "accumulated_operating_revenue": 6008677, 
        "long_term_average": 1583520, 
        "date": "2015-04-30", 
        "operating_revenue": 1712741, 
        "short_term_average": 1614022
    }, 
    {
        "accumulated_operating_revenue_yoy": 27.55512589010517, 
        "accumulated_operating_revenue": 8026067, 
        "long_term_average": 1618873, 
        "date": "2015-05-31", 
        "operating_revenue": 2017390, 
        "short_term_average": 1720625
    }, 
    {
        "accumulated_operating_revenue_yoy": 26.589947849242158, 
        "accumulated_operating_revenue": 10162003, 
        "long_term_average": 1652262, 
        "date": "2015-06-30", 
        "operating_revenue": 2135936, 
        "short_term_average": 1955355
    }, 
    {
        "accumulated_operating_revenue_yoy": 23.093123362838742, 
        "accumulated_operating_revenue": 12531781, 
        "long_term_average": 1670307, 
        "date": "2015-07-31", 
        "operating_revenue": 2369778, 
        "short_term_average": 2174368
    }, 
    {
        "accumulated_operating_revenue_yoy": 21.914594972277758, 
        "accumulated_operating_revenue": 14545011, 
        "long_term_average": 1692263, 
        "date": "2015-08-31", 
        "operating_revenue": 2013230, 
        "short_term_average": 2172981
    }, 
    {
        "accumulated_operating_revenue_yoy": 20.541286612071865, 
        "accumulated_operating_revenue": 16294788, 
        "long_term_average": 1705784, 
        "date": "2015-09-30", 
        "operating_revenue": 1749777, 
        "short_term_average": 2044261
    }
]