[
    {
        "date": "2012-01-31", 
        "operating_revenue": 62070, 
        "accumulated_operating_revenue": 62070, 
        "long_term_average": 62070, 
        "short_term_average": 62070
    }, 
    {
        "date": "2012-02-29", 
        "operating_revenue": 56448, 
        "accumulated_operating_revenue": 118518, 
        "long_term_average": 59259, 
        "short_term_average": 59259
    }, 
    {
        "date": "2012-03-31", 
        "operating_revenue": 66311, 
        "accumulated_operating_revenue": 184829, 
        "long_term_average": 61609, 
        "short_term_average": 61609
    }, 
    {
        "date": "2012-04-30", 
        "operating_revenue": 71834, 
        "accumulated_operating_revenue": 256663, 
        "long_term_average": 64165, 
        "short_term_average": 64864
    }, 
    {
        "date": "2012-05-31", 
        "operating_revenue": 78663, 
        "accumulated_operating_revenue": 335326, 
        "long_term_average": 67065, 
        "short_term_average": 72269
    }, 
    {
        "date": "2012-06-30", 
        "operating_revenue": 105653, 
        "accumulated_operating_revenue": 440979, 
        "long_term_average": 73496, 
        "short_term_average": 85383
    }, 
    {
        "date": "2012-07-31", 
        "operating_revenue": 90741, 
        "accumulated_operating_revenue": 531720, 
        "long_term_average": 75960, 
        "short_term_average": 91685
    }, 
    {
        "date": "2012-08-31", 
        "operating_revenue": 100541, 
        "accumulated_operating_revenue": 632261, 
        "long_term_average": 79032, 
        "short_term_average": 98978
    }, 
    {
        "date": "2012-09-30", 
        "operating_revenue": 105671, 
        "accumulated_operating_revenue": 737932, 
        "long_term_average": 81992, 
        "short_term_average": 98984
    }, 
    {
        "date": "2012-10-31", 
        "operating_revenue": 95963, 
        "accumulated_operating_revenue": 833895, 
        "long_term_average": 83389, 
        "short_term_average": 100725
    }, 
    {
        "date": "2012-11-30", 
        "operating_revenue": 97976, 
        "accumulated_operating_revenue": 931871, 
        "long_term_average": 84715, 
        "short_term_average": 99870
    }, 
    {
        "date": "2012-12-31", 
        "operating_revenue": 76318, 
        "accumulated_operating_revenue": 1008189, 
        "long_term_average": 84015, 
        "short_term_average": 90085
    }, 
    {
        "accumulated_operating_revenue_yoy": 18.593523441275977, 
        "accumulated_operating_revenue": 73611, 
        "long_term_average": 84977, 
        "date": "2013-01-31", 
        "operating_revenue": 73611, 
        "short_term_average": 82635
    }, 
    {
        "accumulated_operating_revenue_yoy": 17.5720143775629, 
        "accumulated_operating_revenue": 139344, 
        "long_term_average": 85751, 
        "date": "2013-02-28", 
        "operating_revenue": 65733, 
        "short_term_average": 71887
    }, 
    {
        "accumulated_operating_revenue_yoy": 18.22603595756077, 
        "accumulated_operating_revenue": 218516, 
        "long_term_average": 86823, 
        "date": "2013-03-31", 
        "operating_revenue": 79172, 
        "short_term_average": 72838
    }, 
    {
        "accumulated_operating_revenue_yoy": 13.34356724576585, 
        "accumulated_operating_revenue": 290911, 
        "long_term_average": 86869, 
        "date": "2013-04-30", 
        "operating_revenue": 72395, 
        "short_term_average": 72433
    }, 
    {
        "accumulated_operating_revenue_yoy": 16.163971776718775, 
        "accumulated_operating_revenue": 389528, 
        "long_term_average": 88532, 
        "date": "2013-05-31", 
        "operating_revenue": 98617, 
        "short_term_average": 83394
    }, 
    {
        "accumulated_operating_revenue_yoy": 21.0386435635257, 
        "accumulated_operating_revenue": 533755, 
        "long_term_average": 91747, 
        "date": "2013-06-30", 
        "operating_revenue": 144227, 
        "short_term_average": 105079
    }, 
    {
        "accumulated_operating_revenue_yoy": 20.408673738057626, 
        "accumulated_operating_revenue": 640237, 
        "long_term_average": 93058, 
        "date": "2013-07-31", 
        "operating_revenue": 106482, 
        "short_term_average": 116442
    }, 
    {
        "accumulated_operating_revenue_yoy": 17.710723894088044, 
        "accumulated_operating_revenue": 744239, 
        "long_term_average": 93347, 
        "date": "2013-08-31", 
        "operating_revenue": 104002, 
        "short_term_average": 118237
    }, 
    {
        "accumulated_operating_revenue_yoy": 15.040681255183404, 
        "accumulated_operating_revenue": 848922, 
        "long_term_average": 93264, 
        "date": "2013-09-30", 
        "operating_revenue": 104683, 
        "short_term_average": 105055
    }, 
    {
        "accumulated_operating_revenue_yoy": 14.223133607948244, 
        "accumulated_operating_revenue": 952501, 
        "long_term_average": 93899, 
        "date": "2013-10-31", 
        "operating_revenue": 103579, 
        "short_term_average": 104088
    }, 
    {
        "accumulated_operating_revenue_yoy": 12.979800852263887, 
        "accumulated_operating_revenue": 1052826, 
        "long_term_average": 94095, 
        "date": "2013-11-30", 
        "operating_revenue": 100325, 
        "short_term_average": 102862
    }, 
    {
        "accumulated_operating_revenue_yoy": 14.432809721193149, 
        "accumulated_operating_revenue": 1153699, 
        "long_term_average": 96141, 
        "date": "2013-12-31", 
        "operating_revenue": 100873, 
        "short_term_average": 101592
    }, 
    {
        "accumulated_operating_revenue_yoy": 22.068712556547254, 
        "accumulated_operating_revenue": 89856, 
        "long_term_average": 97495, 
        "date": "2014-01-31", 
        "operating_revenue": 89856, 
        "short_term_average": 97018
    }, 
    {
        "accumulated_operating_revenue_yoy": 27.06323917786198, 
        "accumulated_operating_revenue": 177055, 
        "long_term_average": 99284, 
        "date": "2014-02-28", 
        "operating_revenue": 87199, 
        "short_term_average": 92642
    }, 
    {
        "accumulated_operating_revenue_yoy": 32.931227003972246, 
        "accumulated_operating_revenue": 290476, 
        "long_term_average": 102138, 
        "date": "2014-03-31", 
        "operating_revenue": 113421, 
        "short_term_average": 96825
    }, 
    {
        "accumulated_operating_revenue_yoy": 35.40945512545074, 
        "accumulated_operating_revenue": 393921, 
        "long_term_average": 104725, 
        "date": "2014-04-30", 
        "operating_revenue": 103445, 
        "short_term_average": 101355
    }, 
    {
        "accumulated_operating_revenue_yoy": 29.14167916041979, 
        "accumulated_operating_revenue": 503043, 
        "long_term_average": 105601, 
        "date": "2014-05-31", 
        "operating_revenue": 109122, 
        "short_term_average": 108662
    }, 
    {
        "accumulated_operating_revenue_yoy": 14.057011175539339, 
        "accumulated_operating_revenue": 608785, 
        "long_term_average": 102394, 
        "date": "2014-06-30", 
        "operating_revenue": 105742, 
        "short_term_average": 106103
    }, 
    {
        "accumulated_operating_revenue_yoy": 10.407083626844434, 
        "accumulated_operating_revenue": 706867, 
        "long_term_average": 101694, 
        "date": "2014-07-31", 
        "operating_revenue": 98082, 
        "short_term_average": 104315
    }, 
    {
        "accumulated_operating_revenue_yoy": 13.12266624028034, 
        "accumulated_operating_revenue": 841903, 
        "long_term_average": 104280, 
        "date": "2014-08-31", 
        "operating_revenue": 135036, 
        "short_term_average": 112953
    }, 
    {
        "accumulated_operating_revenue_yoy": 13.93626269551266, 
        "accumulated_operating_revenue": 967230, 
        "long_term_average": 106000, 
        "date": "2014-09-30", 
        "operating_revenue": 125327, 
        "short_term_average": 119481
    }, 
    {
        "accumulated_operating_revenue_yoy": 16.060350592807776, 
        "accumulated_operating_revenue": 1105476, 
        "long_term_average": 108889, 
        "date": "2014-10-31", 
        "operating_revenue": 138246, 
        "short_term_average": 132869
    }, 
    {
        "accumulated_operating_revenue_yoy": 18.394682502141855, 
        "accumulated_operating_revenue": 1246490, 
        "long_term_average": 112280, 
        "date": "2014-11-30", 
        "operating_revenue": 141014, 
        "short_term_average": 134862
    }, 
    {
        "accumulated_operating_revenue_yoy": 21.447968664270316, 
        "accumulated_operating_revenue": 1401144, 
        "long_term_average": 116762, 
        "date": "2014-12-31", 
        "operating_revenue": 154654, 
        "short_term_average": 144638
    }, 
    {
        "accumulated_operating_revenue_yoy": 43.15571581196581, 
        "accumulated_operating_revenue": 128634, 
        "long_term_average": 119993, 
        "date": "2015-01-31", 
        "operating_revenue": 128634, 
        "short_term_average": 141434
    }, 
    {
        "accumulated_operating_revenue_yoy": 46.553330885882914, 
        "accumulated_operating_revenue": 259480, 
        "long_term_average": 123630, 
        "date": "2015-02-28", 
        "operating_revenue": 130846, 
        "short_term_average": 138044
    }, 
    {
        "accumulated_operating_revenue_yoy": 33.829645134193534, 
        "accumulated_operating_revenue": 388743, 
        "long_term_average": 124950, 
        "date": "2015-03-31", 
        "operating_revenue": 129263, 
        "short_term_average": 129581
    }, 
    {
        "accumulated_operating_revenue_yoy": 29.63563760246344, 
        "accumulated_operating_revenue": 510662, 
        "long_term_average": 126490, 
        "date": "2015-04-30", 
        "operating_revenue": 121919, 
        "short_term_average": 127342
    }, 
    {
        "accumulated_operating_revenue_yoy": 23.798164371634233, 
        "accumulated_operating_revenue": 622758, 
        "long_term_average": 126738, 
        "date": "2015-05-31", 
        "operating_revenue": 112096, 
        "short_term_average": 121092
    }, 
    {
        "accumulated_operating_revenue_yoy": 25.803198173410973, 
        "accumulated_operating_revenue": 765871, 
        "long_term_average": 129852, 
        "date": "2015-06-30", 
        "operating_revenue": 143113, 
        "short_term_average": 125709
    }, 
    {
        "accumulated_operating_revenue_yoy": 26.536533746801023, 
        "accumulated_operating_revenue": 894445, 
        "long_term_average": 132393, 
        "date": "2015-07-31", 
        "operating_revenue": 128574, 
        "short_term_average": 127927
    }, 
    {
        "accumulated_operating_revenue_yoy": 22.684798605064955, 
        "accumulated_operating_revenue": 1032887, 
        "long_term_average": 132677, 
        "date": "2015-08-31", 
        "operating_revenue": 138442, 
        "short_term_average": 136709
    }, 
    {
        "accumulated_operating_revenue_yoy": 22.483070210808183, 
        "accumulated_operating_revenue": 1184693, 
        "long_term_average": 134883, 
        "date": "2015-09-30", 
        "operating_revenue": 151806, 
        "short_term_average": 139607
    }
]