[
    {
        "date": "2012-01-31", 
        "operating_revenue": 109827, 
        "accumulated_operating_revenue": 109827, 
        "long_term_average": 109827, 
        "short_term_average": 109827
    }, 
    {
        "date": "2012-02-29", 
        "operating_revenue": 83027, 
        "accumulated_operating_revenue": 192854, 
        "long_term_average": 96427, 
        "short_term_average": 96427
    }, 
    {
        "date": "2012-03-31", 
        "operating_revenue": 75196, 
        "accumulated_operating_revenue": 268050, 
        "long_term_average": 89350, 
        "short_term_average": 89350
    }, 
    {
        "date": "2012-04-30", 
        "operating_revenue": 117675, 
        "accumulated_operating_revenue": 385725, 
        "long_term_average": 96431, 
        "short_term_average": 91966
    }, 
    {
        "date": "2012-05-31", 
        "operating_revenue": 90808, 
        "accumulated_operating_revenue": 476533, 
        "long_term_average": 95306, 
        "short_term_average": 94559
    }, 
    {
        "date": "2012-06-30", 
        "operating_revenue": 111530, 
        "accumulated_operating_revenue": 588063, 
        "long_term_average": 98010, 
        "short_term_average": 106671
    }, 
    {
        "date": "2012-07-31", 
        "operating_revenue": 135590, 
        "accumulated_operating_revenue": 723653, 
        "long_term_average": 103379, 
        "short_term_average": 112642
    }, 
    {
        "date": "2012-08-31", 
        "operating_revenue": 148808, 
        "accumulated_operating_revenue": 872461, 
        "long_term_average": 109057, 
        "short_term_average": 131976
    }, 
    {
        "date": "2012-09-30", 
        "operating_revenue": 101867, 
        "accumulated_operating_revenue": 974328, 
        "long_term_average": 108258, 
        "short_term_average": 128755
    }, 
    {
        "date": "2012-10-31", 
        "operating_revenue": 126682, 
        "accumulated_operating_revenue": 1101010, 
        "long_term_average": 110101, 
        "short_term_average": 125785
    }, 
    {
        "date": "2012-11-30", 
        "operating_revenue": 87871, 
        "accumulated_operating_revenue": 1188881, 
        "long_term_average": 108080, 
        "short_term_average": 105473
    }, 
    {
        "date": "2012-12-31", 
        "operating_revenue": 103795, 
        "accumulated_operating_revenue": 1292676, 
        "long_term_average": 107723, 
        "short_term_average": 106116
    }, 
    {
        "accumulated_operating_revenue_yoy": -16.40853342074353, 
        "accumulated_operating_revenue": 91806, 
        "long_term_average": 106221, 
        "date": "2013-01-31", 
        "operating_revenue": 91806, 
        "short_term_average": 94490
    }, 
    {
        "accumulated_operating_revenue_yoy": 17.953996287346904, 
        "accumulated_operating_revenue": 227479, 
        "long_term_average": 110608, 
        "date": "2013-02-28", 
        "operating_revenue": 135673, 
        "short_term_average": 110424
    }, 
    {
        "accumulated_operating_revenue_yoy": 18.81178884536467, 
        "accumulated_operating_revenue": 318475, 
        "long_term_average": 111925, 
        "date": "2013-03-31", 
        "operating_revenue": 90996, 
        "short_term_average": 106158
    }, 
    {
        "accumulated_operating_revenue_yoy": 19.24194698295418, 
        "accumulated_operating_revenue": 459946, 
        "long_term_average": 113908, 
        "date": "2013-04-30", 
        "operating_revenue": 141471, 
        "short_term_average": 122713
    }, 
    {
        "accumulated_operating_revenue_yoy": 19.775335601102128, 
        "accumulated_operating_revenue": 570769, 
        "long_term_average": 115576, 
        "date": "2013-05-31", 
        "operating_revenue": 110823, 
        "short_term_average": 114430
    }, 
    {
        "accumulated_operating_revenue_yoy": 20.55732123939102, 
        "accumulated_operating_revenue": 708953, 
        "long_term_average": 117797, 
        "date": "2013-06-30", 
        "operating_revenue": 138184, 
        "short_term_average": 130159
    }, 
    {
        "accumulated_operating_revenue_yoy": 21.250792852375376, 
        "accumulated_operating_revenue": 877435, 
        "long_term_average": 120538, 
        "date": "2013-07-31", 
        "operating_revenue": 168482, 
        "short_term_average": 139163
    }, 
    {
        "accumulated_operating_revenue_yoy": 16.05619047728208, 
        "accumulated_operating_revenue": 1012545, 
        "long_term_average": 119396, 
        "date": "2013-08-31", 
        "operating_revenue": 135110, 
        "short_term_average": 147258
    }, 
    {
        "accumulated_operating_revenue_yoy": 18.26109893177657, 
        "accumulated_operating_revenue": 1152251, 
        "long_term_average": 122549, 
        "date": "2013-09-30", 
        "operating_revenue": 139706, 
        "short_term_average": 147766
    }, 
    {
        "accumulated_operating_revenue_yoy": 15.701492266191952, 
        "accumulated_operating_revenue": 1273885, 
        "long_term_average": 122129, 
        "date": "2013-10-31", 
        "operating_revenue": 121634, 
        "short_term_average": 132150
    }, 
    {
        "accumulated_operating_revenue_yoy": 16.713363238204664, 
        "accumulated_operating_revenue": 1387583, 
        "long_term_average": 124281, 
        "date": "2013-11-30", 
        "operating_revenue": 113698, 
        "short_term_average": 125012
    }, 
    {
        "accumulated_operating_revenue_yoy": 15.437278946928698, 
        "accumulated_operating_revenue": 1492230, 
        "long_term_average": 124352, 
        "date": "2013-12-31", 
        "operating_revenue": 104647, 
        "short_term_average": 113326
    }, 
    {
        "accumulated_operating_revenue_yoy": 11.64194061390323, 
        "accumulated_operating_revenue": 102494, 
        "long_term_average": 125243, 
        "date": "2014-01-31", 
        "operating_revenue": 102494, 
        "short_term_average": 106946
    }, 
    {
        "accumulated_operating_revenue_yoy": 8.265378342616241, 
        "accumulated_operating_revenue": 246281, 
        "long_term_average": 125919, 
        "date": "2014-02-28", 
        "operating_revenue": 143787, 
        "short_term_average": 116976
    }, 
    {
        "accumulated_operating_revenue_yoy": 19.54878718894733, 
        "accumulated_operating_revenue": 380733, 
        "long_term_average": 129540, 
        "date": "2014-03-31", 
        "operating_revenue": 134452, 
        "short_term_average": 126911
    }, 
    {
        "accumulated_operating_revenue_yoy": 16.256691002856858, 
        "accumulated_operating_revenue": 534718, 
        "long_term_average": 130583, 
        "date": "2014-04-30", 
        "operating_revenue": 153985, 
        "short_term_average": 144074
    }, 
    {
        "accumulated_operating_revenue_yoy": 20.262312774519987, 
        "accumulated_operating_revenue": 686420, 
        "long_term_average": 133990, 
        "date": "2014-05-31", 
        "operating_revenue": 151702, 
        "short_term_average": 146713
    }, 
    {
        "accumulated_operating_revenue_yoy": 20.358613335439728, 
        "accumulated_operating_revenue": 853286, 
        "long_term_average": 136380, 
        "date": "2014-06-30", 
        "operating_revenue": 166866, 
        "short_term_average": 157517
    }, 
    {
        "accumulated_operating_revenue_yoy": 15.557277747069584, 
        "accumulated_operating_revenue": 1013940, 
        "long_term_average": 135727, 
        "date": "2014-07-31", 
        "operating_revenue": 160654, 
        "short_term_average": 159740
    }, 
    {
        "accumulated_operating_revenue_yoy": 13.167711064693421, 
        "accumulated_operating_revenue": 1145874, 
        "long_term_average": 135463, 
        "date": "2014-08-31", 
        "operating_revenue": 131934, 
        "short_term_average": 153151
    }, 
    {
        "accumulated_operating_revenue_yoy": 8.889990115000986, 
        "accumulated_operating_revenue": 1254686, 
        "long_term_average": 132888, 
        "date": "2014-09-30", 
        "operating_revenue": 108812, 
        "short_term_average": 133800
    }, 
    {
        "accumulated_operating_revenue_yoy": 9.149805516196517, 
        "accumulated_operating_revenue": 1390443, 
        "long_term_average": 134065, 
        "date": "2014-10-31", 
        "operating_revenue": 135757, 
        "short_term_average": 125501
    }, 
    {
        "accumulated_operating_revenue_yoy": 7.3777928959925285, 
        "accumulated_operating_revenue": 1489956, 
        "long_term_average": 132883, 
        "date": "2014-11-30", 
        "operating_revenue": 99513, 
        "short_term_average": 114694
    }, 
    {
        "accumulated_operating_revenue_yoy": 7.601308109339714, 
        "accumulated_operating_revenue": 1605659, 
        "long_term_average": 133804, 
        "date": "2014-12-31", 
        "operating_revenue": 115703, 
        "short_term_average": 116991
    }, 
    {
        "accumulated_operating_revenue_yoy": 18.39717446874939, 
        "accumulated_operating_revenue": 121350, 
        "long_term_average": 135376, 
        "date": "2015-01-31", 
        "operating_revenue": 121350, 
        "short_term_average": 112188
    }, 
    {
        "accumulated_operating_revenue_yoy": 7.0967715739338395, 
        "accumulated_operating_revenue": 263759, 
        "long_term_average": 135261, 
        "date": "2015-02-28", 
        "operating_revenue": 142409, 
        "short_term_average": 126487
    }, 
    {
        "accumulated_operating_revenue_yoy": 8.65724799268779, 
        "accumulated_operating_revenue": 413694, 
        "long_term_average": 136551, 
        "date": "2015-03-31", 
        "operating_revenue": 149935, 
        "short_term_average": 137898
    }, 
    {
        "accumulated_operating_revenue_yoy": 5.677946132353876, 
        "accumulated_operating_revenue": 565079, 
        "long_term_average": 136335, 
        "date": "2015-04-30", 
        "operating_revenue": 151385, 
        "short_term_average": 147909
    }, 
    {
        "accumulated_operating_revenue_yoy": 4.18198770432097, 
        "accumulated_operating_revenue": 715126, 
        "long_term_average": 136197, 
        "date": "2015-05-31", 
        "operating_revenue": 150047, 
        "short_term_average": 150455
    }, 
    {
        "accumulated_operating_revenue_yoy": 3.1154853120759043, 
        "accumulated_operating_revenue": 879870, 
        "long_term_average": 136020, 
        "date": "2015-06-30", 
        "operating_revenue": 164744, 
        "short_term_average": 155392
    }, 
    {
        "accumulated_operating_revenue_yoy": 4.395723612837052, 
        "accumulated_operating_revenue": 1058510, 
        "long_term_average": 137519, 
        "date": "2015-07-31", 
        "operating_revenue": 178640, 
        "short_term_average": 164477
    }, 
    {
        "accumulated_operating_revenue_yoy": 7.613315251065998, 
        "accumulated_operating_revenue": 1233113, 
        "long_term_average": 141074, 
        "date": "2015-08-31", 
        "operating_revenue": 174603, 
        "short_term_average": 172662
    }, 
    {
        "accumulated_operating_revenue_yoy": 10.863355453077503, 
        "accumulated_operating_revenue": 1390987, 
        "long_term_average": 145163, 
        "date": "2015-09-30", 
        "operating_revenue": 157874, 
        "short_term_average": 170372
    }
]