[
    {
        "date": "2011-09-30", 
        "operating_revenue": 2027096, 
        "accumulated_operating_revenue": 2027096, 
        "long_term_average": 2027096, 
        "short_term_average": 2027096
    }, 
    {
        "date": "2011-10-31", 
        "operating_revenue": 1813574, 
        "accumulated_operating_revenue": 3840670, 
        "long_term_average": 1920335, 
        "short_term_average": 1920335
    }, 
    {
        "date": "2011-11-30", 
        "operating_revenue": 1998174, 
        "accumulated_operating_revenue": 5838844, 
        "long_term_average": 1946281, 
        "short_term_average": 1946281
    }, 
    {
        "date": "2011-12-31", 
        "operating_revenue": 3063161, 
        "accumulated_operating_revenue": 8902005, 
        "long_term_average": 2225501, 
        "short_term_average": 2291636
    }, 
    {
        "date": "2012-01-31", 
        "operating_revenue": 1717383, 
        "accumulated_operating_revenue": 1717383, 
        "long_term_average": 2123877, 
        "short_term_average": 2259572
    }, 
    {
        "date": "2012-02-29", 
        "operating_revenue": 1664769, 
        "accumulated_operating_revenue": 3382152, 
        "long_term_average": 2047359, 
        "short_term_average": 2148437
    }, 
    {
        "date": "2012-03-31", 
        "operating_revenue": 1820814, 
        "accumulated_operating_revenue": 5202966, 
        "long_term_average": 2014995, 
        "short_term_average": 1734322
    }, 
    {
        "date": "2012-04-30", 
        "operating_revenue": 1783323, 
        "accumulated_operating_revenue": 6986289, 
        "long_term_average": 1986036, 
        "short_term_average": 1756302
    }, 
    {
        "date": "2012-05-31", 
        "operating_revenue": 1814733, 
        "accumulated_operating_revenue": 8801022, 
        "long_term_average": 1967003, 
        "short_term_average": 1806290
    }, 
    {
        "date": "2012-06-30", 
        "operating_revenue": 1991961, 
        "accumulated_operating_revenue": 10792983, 
        "long_term_average": 1969498, 
        "short_term_average": 1863339
    }, 
    {
        "date": "2012-07-31", 
        "operating_revenue": 2157443, 
        "accumulated_operating_revenue": 12950426, 
        "long_term_average": 1986584, 
        "short_term_average": 1988045
    }, 
    {
        "date": "2012-08-31", 
        "operating_revenue": 2095336, 
        "accumulated_operating_revenue": 15045762, 
        "long_term_average": 1995647, 
        "short_term_average": 2081580
    }, 
    {
        "accumulated_operating_revenue_yoy": 731.4517418020656, 
        "accumulated_operating_revenue": 16854325, 
        "long_term_average": 1977436, 
        "date": "2012-09-30", 
        "operating_revenue": 1808563, 
        "short_term_average": 2020447
    }, 
    {
        "accumulated_operating_revenue_yoy": 385.7244439121299, 
        "accumulated_operating_revenue": 18655073, 
        "long_term_average": 1976367, 
        "date": "2012-10-31", 
        "operating_revenue": 1800748, 
        "short_term_average": 1901549
    }, 
    {
        "accumulated_operating_revenue_yoy": 249.4211525432089, 
        "accumulated_operating_revenue": 20402156, 
        "long_term_average": 1955443, 
        "date": "2012-11-30", 
        "operating_revenue": 1747083, 
        "short_term_average": 1785464
    }, 
    {
        "accumulated_operating_revenue_yoy": 150.09000781284664, 
        "accumulated_operating_revenue": 22263025, 
        "long_term_average": 1855252, 
        "date": "2012-12-31", 
        "operating_revenue": 1860869, 
        "short_term_average": 1802900
    }, 
    {
        "accumulated_operating_revenue_yoy": 17.240999823568767, 
        "accumulated_operating_revenue": 2013477, 
        "long_term_average": 1879926, 
        "date": "2013-01-31", 
        "operating_revenue": 2013477, 
        "short_term_average": 1873809
    }, 
    {
        "accumulated_operating_revenue_yoy": 11.415572097291902, 
        "accumulated_operating_revenue": 3768244, 
        "long_term_average": 1887426, 
        "date": "2013-02-28", 
        "operating_revenue": 1754767, 
        "short_term_average": 1876371
    }, 
    {
        "accumulated_operating_revenue_yoy": 9.656934141026484, 
        "accumulated_operating_revenue": 5705413, 
        "long_term_average": 1897122, 
        "date": "2013-03-31", 
        "operating_revenue": 1937169, 
        "short_term_average": 1901804
    }, 
    {
        "accumulated_operating_revenue_yoy": 10.433049649105556, 
        "accumulated_operating_revenue": 7715172, 
        "long_term_average": 1915992, 
        "date": "2013-04-30", 
        "operating_revenue": 2009759, 
        "short_term_average": 1900565
    }, 
    {
        "accumulated_operating_revenue_yoy": 11.446852422366401, 
        "accumulated_operating_revenue": 9808462, 
        "long_term_average": 1939205, 
        "date": "2013-05-31", 
        "operating_revenue": 2093290, 
        "short_term_average": 2013406
    }, 
    {
        "accumulated_operating_revenue_yoy": 10.680819195212296, 
        "accumulated_operating_revenue": 11945762, 
        "long_term_average": 1951317, 
        "date": "2013-06-30", 
        "operating_revenue": 2137300, 
        "short_term_average": 2080116
    }, 
    {
        "accumulated_operating_revenue_yoy": 8.668185895969755, 
        "accumulated_operating_revenue": 14072993, 
        "long_term_average": 1948799, 
        "date": "2013-07-31", 
        "operating_revenue": 2127231, 
        "short_term_average": 2119273
    }, 
    {
        "accumulated_operating_revenue_yoy": 6.398878302076026, 
        "accumulated_operating_revenue": 16008522, 
        "long_term_average": 1935482, 
        "date": "2013-08-31", 
        "operating_revenue": 1935529, 
        "short_term_average": 2066686
    }, 
    {
        "accumulated_operating_revenue_yoy": 6.717367797286452, 
        "accumulated_operating_revenue": 17986492, 
        "long_term_average": 1949599, 
        "date": "2013-09-30", 
        "operating_revenue": 1977970, 
        "short_term_average": 2013576
    }, 
    {
        "accumulated_operating_revenue_yoy": 7.022127439544193, 
        "accumulated_operating_revenue": 19965056, 
        "long_term_average": 1964417, 
        "date": "2013-10-31", 
        "operating_revenue": 1978564, 
        "short_term_average": 1964021
    }, 
    {
        "accumulated_operating_revenue_yoy": 6.687969643992527, 
        "accumulated_operating_revenue": 21766646, 
        "long_term_average": 1968959, 
        "date": "2013-11-30", 
        "operating_revenue": 1801590, 
        "short_term_average": 1919374
    }, 
    {
        "accumulated_operating_revenue_yoy": 7.007965000263891, 
        "accumulated_operating_revenue": 23823210, 
        "long_term_average": 1985267, 
        "date": "2013-12-31", 
        "operating_revenue": 2056564, 
        "short_term_average": 1945572
    }, 
    {
        "accumulated_operating_revenue_yoy": 5.916382456814754, 
        "accumulated_operating_revenue": 2132602, 
        "long_term_average": 1995194, 
        "date": "2014-01-31", 
        "operating_revenue": 2132602, 
        "short_term_average": 1996918
    }, 
    {
        "accumulated_operating_revenue_yoy": 6.7450250036887205, 
        "accumulated_operating_revenue": 4022413, 
        "long_term_average": 2006448, 
        "date": "2014-02-28", 
        "operating_revenue": 1889811, 
        "short_term_average": 2026325
    }, 
    {
        "accumulated_operating_revenue_yoy": 9.026322897220588, 
        "accumulated_operating_revenue": 6220402, 
        "long_term_average": 2028183, 
        "date": "2014-03-31", 
        "operating_revenue": 2197989, 
        "short_term_average": 2073467
    }, 
    {
        "accumulated_operating_revenue_yoy": 10.068978371447844, 
        "accumulated_operating_revenue": 8492011, 
        "long_term_average": 2050004, 
        "date": "2014-04-30", 
        "operating_revenue": 2271609, 
        "short_term_average": 2119803
    }, 
    {
        "accumulated_operating_revenue_yoy": 8.719623932885707, 
        "accumulated_operating_revenue": 10663723, 
        "long_term_average": 2056539, 
        "date": "2014-05-31", 
        "operating_revenue": 2171712, 
        "short_term_average": 2213770
    }, 
    {
        "accumulated_operating_revenue_yoy": 6.3267290943851044, 
        "accumulated_operating_revenue": 12701538, 
        "long_term_average": 2048248, 
        "date": "2014-06-30", 
        "operating_revenue": 2037815, 
        "short_term_average": 2160378
    }, 
    {
        "accumulated_operating_revenue_yoy": 8.626643955553734, 
        "accumulated_operating_revenue": 15287020, 
        "long_term_average": 2086436, 
        "date": "2014-07-31", 
        "operating_revenue": 2585482, 
        "short_term_average": 2265003
    }, 
    {
        "accumulated_operating_revenue_yoy": 9.627422194253786, 
        "accumulated_operating_revenue": 17549730, 
        "long_term_average": 2113701, 
        "date": "2014-08-31", 
        "operating_revenue": 2262710, 
        "short_term_average": 2295335
    }, 
    {
        "accumulated_operating_revenue_yoy": 10.63569260754126, 
        "accumulated_operating_revenue": 19899480, 
        "long_term_average": 2144683, 
        "date": "2014-09-30", 
        "operating_revenue": 2349750, 
        "short_term_average": 2399314
    }, 
    {
        "accumulated_operating_revenue_yoy": 10.959077700558415, 
        "accumulated_operating_revenue": 22153042, 
        "long_term_average": 2167599, 
        "date": "2014-10-31", 
        "operating_revenue": 2253562, 
        "short_term_average": 2288674
    }, 
    {
        "accumulated_operating_revenue_yoy": 11.672896228477276, 
        "accumulated_operating_revenue": 24307444, 
        "long_term_average": 2197000, 
        "date": "2014-11-30", 
        "operating_revenue": 2154402, 
        "short_term_average": 2252571
    }, 
    {
        "accumulated_operating_revenue_yoy": 11.50259767680342, 
        "accumulated_operating_revenue": 26563498, 
        "long_term_average": 2213624, 
        "date": "2014-12-31", 
        "operating_revenue": 2256054, 
        "short_term_average": 2221339
    }, 
    {
        "accumulated_operating_revenue_yoy": 10.375306784857184, 
        "accumulated_operating_revenue": 2353866, 
        "long_term_average": 2232063, 
        "date": "2015-01-31", 
        "operating_revenue": 2353866, 
        "short_term_average": 2254774
    }, 
    {
        "accumulated_operating_revenue_yoy": 7.919276314988043, 
        "accumulated_operating_revenue": 4340959, 
        "long_term_average": 2240170, 
        "date": "2015-02-28", 
        "operating_revenue": 1987093, 
        "short_term_average": 2199004
    }, 
    {
        "accumulated_operating_revenue_yoy": 9.22353571360822, 
        "accumulated_operating_revenue": 6794143, 
        "long_term_average": 2261436, 
        "date": "2015-03-31", 
        "operating_revenue": 2453184, 
        "short_term_average": 2264714
    }, 
    {
        "accumulated_operating_revenue_yoy": 5.756481003145191, 
        "accumulated_operating_revenue": 8980852, 
        "long_term_average": 2254361, 
        "date": "2015-04-30", 
        "operating_revenue": 2186709, 
        "short_term_average": 2208995
    }, 
    {
        "accumulated_operating_revenue_yoy": 7.003557763081431, 
        "accumulated_operating_revenue": 11410563, 
        "long_term_average": 2275861, 
        "date": "2015-05-31", 
        "operating_revenue": 2429711, 
        "short_term_average": 2356534
    }, 
    {
        "accumulated_operating_revenue_yoy": 8.203888379501759, 
        "accumulated_operating_revenue": 13743558, 
        "long_term_average": 2300459, 
        "date": "2015-06-30", 
        "operating_revenue": 2332995, 
        "short_term_average": 2316471
    }, 
    {
        "accumulated_operating_revenue_yoy": 7.345532353591479, 
        "accumulated_operating_revenue": 16409933, 
        "long_term_average": 2307200, 
        "date": "2015-07-31", 
        "operating_revenue": 2666375, 
        "short_term_average": 2476360
    }, 
    {
        "accumulated_operating_revenue_yoy": 9.528796169513718, 
        "accumulated_operating_revenue": 19222008, 
        "long_term_average": 2352981, 
        "date": "2015-08-31", 
        "operating_revenue": 2812075, 
        "short_term_average": 2603815
    }
]