[
    {
        "date": "2011-09-30", 
        "operating_revenue": 286464, 
        "accumulated_operating_revenue": 286464, 
        "long_term_average": 286464, 
        "short_term_average": 286464
    }, 
    {
        "date": "2011-10-31", 
        "operating_revenue": 525107, 
        "accumulated_operating_revenue": 811571, 
        "long_term_average": 405785, 
        "short_term_average": 405785
    }, 
    {
        "date": "2011-11-30", 
        "operating_revenue": 320070, 
        "accumulated_operating_revenue": 1131641, 
        "long_term_average": 377213, 
        "short_term_average": 377213
    }, 
    {
        "date": "2011-12-31", 
        "operating_revenue": 324184, 
        "accumulated_operating_revenue": 1455825, 
        "long_term_average": 363956, 
        "short_term_average": 389787
    }, 
    {
        "date": "2012-01-31", 
        "operating_revenue": 412553, 
        "accumulated_operating_revenue": 412553, 
        "long_term_average": 373675, 
        "short_term_average": 352269
    }, 
    {
        "date": "2012-02-29", 
        "operating_revenue": 394160, 
        "accumulated_operating_revenue": 806713, 
        "long_term_average": 377089, 
        "short_term_average": 376965
    }, 
    {
        "date": "2012-03-31", 
        "operating_revenue": 423615, 
        "accumulated_operating_revenue": 1230328, 
        "long_term_average": 383736, 
        "short_term_average": 410109
    }, 
    {
        "date": "2012-04-30", 
        "operating_revenue": 402000, 
        "accumulated_operating_revenue": 1632328, 
        "long_term_average": 386019, 
        "short_term_average": 406591
    }, 
    {
        "date": "2012-05-31", 
        "operating_revenue": 494229, 
        "accumulated_operating_revenue": 2126557, 
        "long_term_average": 398042, 
        "short_term_average": 439948
    }, 
    {
        "date": "2012-06-30", 
        "operating_revenue": 469025, 
        "accumulated_operating_revenue": 2595582, 
        "long_term_average": 405140, 
        "short_term_average": 455084
    }, 
    {
        "date": "2012-07-31", 
        "operating_revenue": 532417, 
        "accumulated_operating_revenue": 3127999, 
        "long_term_average": 416711, 
        "short_term_average": 498557
    }, 
    {
        "date": "2012-08-31", 
        "operating_revenue": 532297, 
        "accumulated_operating_revenue": 3660296, 
        "long_term_average": 426343, 
        "short_term_average": 511246
    }, 
    {
        "accumulated_operating_revenue_yoy": 1334.740141867739, 
        "accumulated_operating_revenue": 4110014, 
        "long_term_average": 439947, 
        "date": "2012-09-30", 
        "operating_revenue": 449718, 
        "short_term_average": 504810
    }, 
    {
        "accumulated_operating_revenue_yoy": 458.2263289348683, 
        "accumulated_operating_revenue": 4530403, 
        "long_term_average": 431221, 
        "date": "2012-10-31", 
        "operating_revenue": 420389, 
        "short_term_average": 467468
    }, 
    {
        "accumulated_operating_revenue_yoy": 341.75767756735576, 
        "accumulated_operating_revenue": 4999111, 
        "long_term_average": 443607, 
        "date": "2012-11-30", 
        "operating_revenue": 468708, 
        "short_term_average": 446271
    }, 
    {
        "accumulated_operating_revenue_yoy": 281.6976628372229, 
        "accumulated_operating_revenue": 5556850, 
        "long_term_average": 463070, 
        "date": "2012-12-31", 
        "operating_revenue": 557739, 
        "short_term_average": 482278
    }, 
    {
        "accumulated_operating_revenue_yoy": 35.357881290403895, 
        "accumulated_operating_revenue": 558423, 
        "long_term_average": 475226, 
        "date": "2013-01-31", 
        "operating_revenue": 558423, 
        "short_term_average": 528290
    }, 
    {
        "accumulated_operating_revenue_yoy": 29.21856967719623, 
        "accumulated_operating_revenue": 1042423, 
        "long_term_average": 482713, 
        "date": "2013-02-28", 
        "operating_revenue": 484000, 
        "short_term_average": 533387
    }, 
    {
        "accumulated_operating_revenue_yoy": 48.545184698714486, 
        "accumulated_operating_revenue": 1827593, 
        "long_term_average": 512842, 
        "date": "2013-03-31", 
        "operating_revenue": 785170, 
        "short_term_average": 609197
    }, 
    {
        "accumulated_operating_revenue_yoy": 42.79918006675129, 
        "accumulated_operating_revenue": 2330951, 
        "long_term_average": 521289, 
        "date": "2013-04-30", 
        "operating_revenue": 503358, 
        "short_term_average": 590842
    }, 
    {
        "accumulated_operating_revenue_yoy": 34.91860316934839, 
        "accumulated_operating_revenue": 2869121, 
        "long_term_average": 524951, 
        "date": "2013-05-31", 
        "operating_revenue": 538170, 
        "short_term_average": 608899
    }, 
    {
        "accumulated_operating_revenue_yoy": 27.029236602812006, 
        "accumulated_operating_revenue": 3297148, 
        "long_term_average": 521534, 
        "date": "2013-06-30", 
        "operating_revenue": 428027, 
        "short_term_average": 489851
    }, 
    {
        "accumulated_operating_revenue_yoy": 25.108032323539746, 
        "accumulated_operating_revenue": 3913378, 
        "long_term_average": 528519, 
        "date": "2013-07-31", 
        "operating_revenue": 616230, 
        "short_term_average": 527475
    }, 
    {
        "accumulated_operating_revenue_yoy": 23.129386257286296, 
        "accumulated_operating_revenue": 4506900, 
        "long_term_average": 533621, 
        "date": "2013-08-31", 
        "operating_revenue": 593522, 
        "short_term_average": 545926
    }, 
    {
        "accumulated_operating_revenue_yoy": 22.929435276862804, 
        "accumulated_operating_revenue": 5052417, 
        "long_term_average": 541604, 
        "date": "2013-09-30", 
        "operating_revenue": 545517, 
        "short_term_average": 585089
    }, 
    {
        "accumulated_operating_revenue_yoy": 24.429261591076997, 
        "accumulated_operating_revenue": 5637147, 
        "long_term_average": 555299, 
        "date": "2013-10-31", 
        "operating_revenue": 584730, 
        "short_term_average": 574589
    }, 
    {
        "accumulated_operating_revenue_yoy": 23.066261181238023, 
        "accumulated_operating_revenue": 6152219, 
        "long_term_average": 559163, 
        "date": "2013-11-30", 
        "operating_revenue": 515072, 
        "short_term_average": 548439
    }, 
    {
        "accumulated_operating_revenue_yoy": 21.887670172849727, 
        "accumulated_operating_revenue": 6773115, 
        "long_term_average": 564426, 
        "date": "2013-12-31", 
        "operating_revenue": 620896, 
        "short_term_average": 573566
    }, 
    {
        "accumulated_operating_revenue_yoy": 4.296742791754637, 
        "accumulated_operating_revenue": 582417, 
        "long_term_average": 566425, 
        "date": "2014-01-31", 
        "operating_revenue": 582417, 
        "short_term_average": 572795
    }, 
    {
        "accumulated_operating_revenue_yoy": -0.3453492488174187, 
        "accumulated_operating_revenue": 1038823, 
        "long_term_average": 564126, 
        "date": "2014-02-28", 
        "operating_revenue": 456406, 
        "short_term_average": 553239
    }, 
    {
        "accumulated_operating_revenue_yoy": -3.8511309684377206, 
        "accumulated_operating_revenue": 1757210, 
        "long_term_average": 558561, 
        "date": "2014-03-31", 
        "operating_revenue": 718387, 
        "short_term_average": 585736
    }, 
    {
        "accumulated_operating_revenue_yoy": 11.205855464143175, 
        "accumulated_operating_revenue": 2592154, 
        "long_term_average": 586193, 
        "date": "2014-04-30", 
        "operating_revenue": 834944, 
        "short_term_average": 669912
    }, 
    {
        "accumulated_operating_revenue_yoy": 18.4331716926543, 
        "accumulated_operating_revenue": 3397991, 
        "long_term_average": 608498, 
        "date": "2014-05-31", 
        "operating_revenue": 805837, 
        "short_term_average": 786389
    }, 
    {
        "accumulated_operating_revenue_yoy": 27.256980881658937, 
        "accumulated_operating_revenue": 4195851, 
        "long_term_average": 639318, 
        "date": "2014-06-30", 
        "operating_revenue": 797860, 
        "short_term_average": 812880
    }, 
    {
        "accumulated_operating_revenue_yoy": 23.201489863744314, 
        "accumulated_operating_revenue": 4821340, 
        "long_term_average": 640089, 
        "date": "2014-07-31", 
        "operating_revenue": 625489, 
        "short_term_average": 743062
    }, 
    {
        "accumulated_operating_revenue_yoy": 21.00541392087688, 
        "accumulated_operating_revenue": 5453593, 
        "long_term_average": 643317, 
        "date": "2014-08-31", 
        "operating_revenue": 632253, 
        "short_term_average": 685200
    }, 
    {
        "accumulated_operating_revenue_yoy": 15.17847794431853, 
        "accumulated_operating_revenue": 5819297, 
        "long_term_average": 628332, 
        "date": "2014-09-30", 
        "operating_revenue": 365704, 
        "short_term_average": 541148
    }, 
    {
        "accumulated_operating_revenue_yoy": 16.79851527732025, 
        "accumulated_operating_revenue": 6584104, 
        "long_term_average": 643339, 
        "date": "2014-10-31", 
        "operating_revenue": 764807, 
        "short_term_average": 587588
    }, 
    {
        "accumulated_operating_revenue_yoy": 14.006523499894916, 
        "accumulated_operating_revenue": 7013931, 
        "long_term_average": 636235, 
        "date": "2014-11-30", 
        "operating_revenue": 429827, 
        "short_term_average": 520112
    }, 
    {
        "accumulated_operating_revenue_yoy": 14.476824917338623, 
        "accumulated_operating_revenue": 7753647, 
        "long_term_average": 646137, 
        "date": "2014-12-31", 
        "operating_revenue": 739716, 
        "short_term_average": 644783
    }, 
    {
        "accumulated_operating_revenue_yoy": -17.086726520688785, 
        "accumulated_operating_revenue": 482901, 
        "long_term_average": 637844, 
        "date": "2015-01-31", 
        "operating_revenue": 482901, 
        "short_term_average": 550814
    }, 
    {
        "accumulated_operating_revenue_yoy": 10.69768382101667, 
        "accumulated_operating_revenue": 1149953, 
        "long_term_average": 655398, 
        "date": "2015-02-28", 
        "operating_revenue": 667052, 
        "short_term_average": 629889
    }, 
    {
        "accumulated_operating_revenue_yoy": 2.165876588455563, 
        "accumulated_operating_revenue": 1795269, 
        "long_term_average": 649308, 
        "date": "2015-03-31", 
        "operating_revenue": 645316, 
        "short_term_average": 598423
    }, 
    {
        "accumulated_operating_revenue_yoy": -3.6270993158585485, 
        "accumulated_operating_revenue": 2498134, 
        "long_term_average": 638302, 
        "date": "2015-04-30", 
        "operating_revenue": 702865, 
        "short_term_average": 671744
    }, 
    {
        "accumulated_operating_revenue_yoy": -2.81174964854233, 
        "accumulated_operating_revenue": 3302448, 
        "long_term_average": 638175, 
        "date": "2015-05-31", 
        "operating_revenue": 804314, 
        "short_term_average": 717498
    }, 
    {
        "accumulated_operating_revenue_yoy": -5.343683557876579, 
        "accumulated_operating_revenue": 3971638, 
        "long_term_average": 627452, 
        "date": "2015-06-30", 
        "operating_revenue": 669190, 
        "short_term_average": 725456
    }, 
    {
        "accumulated_operating_revenue_yoy": -10.425815229790889, 
        "accumulated_operating_revenue": 4318676, 
        "long_term_average": 604248, 
        "date": "2015-07-31", 
        "operating_revenue": 347038, 
        "short_term_average": 606847
    }, 
    {
        "accumulated_operating_revenue_yoy": -23.326163136853083, 
        "accumulated_operating_revenue": 4181479, 
        "long_term_average": 540127, 
        "date": "2015-08-31", 
        "operating_revenue": -137197, 
        "short_term_average": 293010
    }, 
    {
        "accumulated_operating_revenue_yoy": -15.53565662656503, 
        "accumulated_operating_revenue": 4915231, 
        "long_term_average": 570798, 
        "date": "2015-09-30", 
        "operating_revenue": 733752, 
        "short_term_average": 314531
    }, 
    {
        "accumulated_operating_revenue_yoy": -15.603459483629056, 
        "accumulated_operating_revenue": 5556756, 
        "long_term_average": 560524, 
        "date": "2015-10-31", 
        "operating_revenue": 641525, 
        "short_term_average": 412693
    }
]