[
    {
        "date": "2011-09-30", 
        "operating_revenue": 455547, 
        "accumulated_operating_revenue": 455547, 
        "long_term_average": 455547, 
        "short_term_average": 455547
    }, 
    {
        "date": "2011-10-31", 
        "operating_revenue": 660741, 
        "accumulated_operating_revenue": 1116288, 
        "long_term_average": 558144, 
        "short_term_average": 558144
    }, 
    {
        "date": "2011-11-30", 
        "operating_revenue": 661122, 
        "accumulated_operating_revenue": 1777410, 
        "long_term_average": 592470, 
        "short_term_average": 592470
    }, 
    {
        "date": "2011-12-31", 
        "operating_revenue": 409087, 
        "accumulated_operating_revenue": 2186497, 
        "long_term_average": 546624, 
        "short_term_average": 576983
    }, 
    {
        "date": "2012-01-31", 
        "operating_revenue": 517707, 
        "accumulated_operating_revenue": 517707, 
        "long_term_average": 540840, 
        "short_term_average": 529305
    }, 
    {
        "date": "2012-02-29", 
        "operating_revenue": 552473, 
        "accumulated_operating_revenue": 1070180, 
        "long_term_average": 542779, 
        "short_term_average": 493089
    }, 
    {
        "date": "2012-03-31", 
        "operating_revenue": 555885, 
        "accumulated_operating_revenue": 1626065, 
        "long_term_average": 544651, 
        "short_term_average": 542021
    }, 
    {
        "date": "2012-04-30", 
        "operating_revenue": 579637, 
        "accumulated_operating_revenue": 2205702, 
        "long_term_average": 549024, 
        "short_term_average": 562665
    }, 
    {
        "date": "2012-05-31", 
        "operating_revenue": 571491, 
        "accumulated_operating_revenue": 2777193, 
        "long_term_average": 551521, 
        "short_term_average": 569004
    }, 
    {
        "date": "2012-06-30", 
        "operating_revenue": 544058, 
        "accumulated_operating_revenue": 3321251, 
        "long_term_average": 550774, 
        "short_term_average": 565062
    }, 
    {
        "date": "2012-07-31", 
        "operating_revenue": 680462, 
        "accumulated_operating_revenue": 4001713, 
        "long_term_average": 562564, 
        "short_term_average": 598670
    }, 
    {
        "date": "2012-08-31", 
        "operating_revenue": 623760, 
        "accumulated_operating_revenue": 4625473, 
        "long_term_average": 567664, 
        "short_term_average": 616093
    }, 
    {
        "accumulated_operating_revenue_yoy": 1040.8983046754781, 
        "accumulated_operating_revenue": 5197328, 
        "long_term_average": 577356, 
        "date": "2012-09-30", 
        "operating_revenue": 571855, 
        "short_term_average": 625359
    }, 
    {
        "accumulated_operating_revenue_yoy": 411.76587045636967, 
        "accumulated_operating_revenue": 5712781, 
        "long_term_average": 565249, 
        "date": "2012-10-31", 
        "operating_revenue": 515453, 
        "short_term_average": 570356
    }, 
    {
        "accumulated_operating_revenue_yoy": 259.4295632408955, 
        "accumulated_operating_revenue": 6388537, 
        "long_term_average": 566468, 
        "date": "2012-11-30", 
        "operating_revenue": 675756, 
        "short_term_average": 587688
    }, 
    {
        "accumulated_operating_revenue_yoy": 221.66849531465172, 
        "accumulated_operating_revenue": 7033272, 
        "long_term_average": 586106, 
        "date": "2012-12-31", 
        "operating_revenue": 644735, 
        "short_term_average": 611981
    }, 
    {
        "accumulated_operating_revenue_yoy": 34.51411705849061, 
        "accumulated_operating_revenue": 696389, 
        "long_term_average": 600996, 
        "date": "2013-01-31", 
        "operating_revenue": 696389, 
        "short_term_average": 672293
    }, 
    {
        "accumulated_operating_revenue_yoy": 22.213179091367806, 
        "accumulated_operating_revenue": 1307901, 
        "long_term_average": 605916, 
        "date": "2013-02-28", 
        "operating_revenue": 611512, 
        "short_term_average": 650878
    }, 
    {
        "accumulated_operating_revenue_yoy": 33.51231346840379, 
        "accumulated_operating_revenue": 2170997, 
        "long_term_average": 631517, 
        "date": "2013-03-31", 
        "operating_revenue": 863096, 
        "short_term_average": 723665
    }, 
    {
        "accumulated_operating_revenue_yoy": 32.90689313424932, 
        "accumulated_operating_revenue": 2931530, 
        "long_term_average": 646591, 
        "date": "2013-04-30", 
        "operating_revenue": 760533, 
        "short_term_average": 745047
    }, 
    {
        "accumulated_operating_revenue_yoy": 38.840836772957445, 
        "accumulated_operating_revenue": 3855878, 
        "long_term_average": 675996, 
        "date": "2013-05-31", 
        "operating_revenue": 924348, 
        "short_term_average": 849325
    }, 
    {
        "accumulated_operating_revenue_yoy": 40.74419548537584, 
        "accumulated_operating_revenue": 4674468, 
        "long_term_average": 698874, 
        "date": "2013-06-30", 
        "operating_revenue": 818590, 
        "short_term_average": 834490
    }, 
    {
        "accumulated_operating_revenue_yoy": 35.013980262952394, 
        "accumulated_operating_revenue": 5402872, 
        "long_term_average": 702869, 
        "date": "2013-07-31", 
        "operating_revenue": 728404, 
        "short_term_average": 823780
    }, 
    {
        "accumulated_operating_revenue_yoy": 31.56243696590597, 
        "accumulated_operating_revenue": 6085385, 
        "long_term_average": 707765, 
        "date": "2013-08-31", 
        "operating_revenue": 682513, 
        "short_term_average": 743169
    }, 
    {
        "accumulated_operating_revenue_yoy": 31.344952637201267, 
        "accumulated_operating_revenue": 6826428, 
        "long_term_average": 721864, 
        "date": "2013-09-30", 
        "operating_revenue": 741043, 
        "short_term_average": 717320
    }, 
    {
        "accumulated_operating_revenue_yoy": 34.32533121784294, 
        "accumulated_operating_revenue": 7673712, 
        "long_term_average": 749516, 
        "date": "2013-10-31", 
        "operating_revenue": 847284, 
        "short_term_average": 756946
    }, 
    {
        "accumulated_operating_revenue_yoy": 32.06691923362109, 
        "accumulated_operating_revenue": 8437144, 
        "long_term_average": 756823, 
        "date": "2013-11-30", 
        "operating_revenue": 763432, 
        "short_term_average": 783919
    }, 
    {
        "accumulated_operating_revenue_yoy": 31.53136975222912, 
        "accumulated_operating_revenue": 9250959, 
        "long_term_average": 770913, 
        "date": "2013-12-31", 
        "operating_revenue": 813815, 
        "short_term_average": 808177
    }, 
    {
        "accumulated_operating_revenue_yoy": 37.92248298005856, 
        "accumulated_operating_revenue": 960477, 
        "long_term_average": 792920, 
        "date": "2014-01-31", 
        "operating_revenue": 960477, 
        "short_term_average": 845908
    }, 
    {
        "accumulated_operating_revenue_yoy": 60.34279352947968, 
        "accumulated_operating_revenue": 2097125, 
        "long_term_average": 836681, 
        "date": "2014-02-28", 
        "operating_revenue": 1136648, 
        "short_term_average": 970313
    }, 
    {
        "accumulated_operating_revenue_yoy": 30.97300456886859, 
        "accumulated_operating_revenue": 2843420, 
        "long_term_average": 826948, 
        "date": "2014-03-31", 
        "operating_revenue": 746295, 
        "short_term_average": 947806
    }, 
    {
        "accumulated_operating_revenue_yoy": 22.18060193823703, 
        "accumulated_operating_revenue": 3581761, 
        "long_term_average": 825099, 
        "date": "2014-04-30", 
        "operating_revenue": 738341, 
        "short_term_average": 873761
    }, 
    {
        "accumulated_operating_revenue_yoy": 14.502818813250833, 
        "accumulated_operating_revenue": 4415089, 
        "long_term_average": 817514, 
        "date": "2014-05-31", 
        "operating_revenue": 833328, 
        "short_term_average": 772654
    }, 
    {
        "accumulated_operating_revenue_yoy": 11.59550134903052, 
        "accumulated_operating_revenue": 5216496, 
        "long_term_average": 816082, 
        "date": "2014-06-30", 
        "operating_revenue": 801407, 
        "short_term_average": 791025
    }, 
    {
        "accumulated_operating_revenue_yoy": 11.50673197514211, 
        "accumulated_operating_revenue": 6024566, 
        "long_term_average": 822721, 
        "date": "2014-07-31", 
        "operating_revenue": 808070, 
        "short_term_average": 814268
    }, 
    {
        "accumulated_operating_revenue_yoy": 13.073963274303926, 
        "accumulated_operating_revenue": 6880986, 
        "long_term_average": 837213, 
        "date": "2014-08-31", 
        "operating_revenue": 856420, 
        "short_term_average": 821965
    }, 
    {
        "accumulated_operating_revenue_yoy": 11.717152806709453, 
        "accumulated_operating_revenue": 7626291, 
        "long_term_average": 837568, 
        "date": "2014-09-30", 
        "operating_revenue": 745305, 
        "short_term_average": 803265
    }, 
    {
        "accumulated_operating_revenue_yoy": 9.303554785480612, 
        "accumulated_operating_revenue": 8387640, 
        "long_term_average": 830407, 
        "date": "2014-10-31", 
        "operating_revenue": 761349, 
        "short_term_average": 787691
    }, 
    {
        "accumulated_operating_revenue_yoy": 10.017193021714457, 
        "accumulated_operating_revenue": 9282309, 
        "long_term_average": 841343, 
        "date": "2014-11-30", 
        "operating_revenue": 894669, 
        "short_term_average": 800441
    }, 
    {
        "accumulated_operating_revenue_yoy": 16.038931747508556, 
        "accumulated_operating_revenue": 10734714, 
        "long_term_average": 894559, 
        "date": "2014-12-31", 
        "operating_revenue": 1452405, 
        "short_term_average": 1036141
    }, 
    {
        "accumulated_operating_revenue_yoy": -7.938451415286362, 
        "accumulated_operating_revenue": 884230, 
        "long_term_average": 888205, 
        "date": "2015-01-31", 
        "operating_revenue": 884230, 
        "short_term_average": 1077101
    }, 
    {
        "accumulated_operating_revenue_yoy": -21.649639387256364, 
        "accumulated_operating_revenue": 1643105, 
        "long_term_average": 856724, 
        "date": "2015-02-28", 
        "operating_revenue": 758875, 
        "short_term_average": 1031836
    }, 
    {
        "accumulated_operating_revenue_yoy": -12.57176217372038, 
        "accumulated_operating_revenue": 2485952, 
        "long_term_average": 864770, 
        "date": "2015-03-31", 
        "operating_revenue": 842847, 
        "short_term_average": 828650
    }, 
    {
        "accumulated_operating_revenue_yoy": -7.078082540962392, 
        "accumulated_operating_revenue": 3328241, 
        "long_term_average": 873432, 
        "date": "2015-04-30", 
        "operating_revenue": 842289, 
        "short_term_average": 814670
    }, 
    {
        "accumulated_operating_revenue_yoy": -5.168117788792027, 
        "accumulated_operating_revenue": 4186912, 
        "long_term_average": 875544, 
        "date": "2015-05-31", 
        "operating_revenue": 858671, 
        "short_term_average": 847935
    }, 
    {
        "accumulated_operating_revenue_yoy": -5.56260370946321, 
        "accumulated_operating_revenue": 4926323, 
        "long_term_average": 870378, 
        "date": "2015-06-30", 
        "operating_revenue": 739411, 
        "short_term_average": 813457
    }, 
    {
        "accumulated_operating_revenue_yoy": -5.700925178676771, 
        "accumulated_operating_revenue": 5681110, 
        "long_term_average": 865938, 
        "date": "2015-07-31", 
        "operating_revenue": 754787, 
        "short_term_average": 784289
    }, 
    {
        "accumulated_operating_revenue_yoy": -6.153827372995672, 
        "accumulated_operating_revenue": 6457542, 
        "long_term_average": 859272, 
        "date": "2015-08-31", 
        "operating_revenue": 776432, 
        "short_term_average": 756876
    }
]