[
    {
        "date": "2012-01-31", 
        "operating_revenue": 115753, 
        "accumulated_operating_revenue": 115753, 
        "long_term_average": 115753, 
        "short_term_average": 115753
    }, 
    {
        "date": "2012-02-29", 
        "operating_revenue": 185211, 
        "accumulated_operating_revenue": 300964, 
        "long_term_average": 150482, 
        "short_term_average": 150482
    }, 
    {
        "date": "2012-03-31", 
        "operating_revenue": 95361, 
        "accumulated_operating_revenue": 396325, 
        "long_term_average": 132108, 
        "short_term_average": 132108
    }, 
    {
        "date": "2012-04-30", 
        "operating_revenue": 523402, 
        "accumulated_operating_revenue": 919727, 
        "long_term_average": 229931, 
        "short_term_average": 267991
    }, 
    {
        "date": "2012-05-31", 
        "operating_revenue": 120469, 
        "accumulated_operating_revenue": 1040196, 
        "long_term_average": 208039, 
        "short_term_average": 246410
    }, 
    {
        "date": "2012-06-30", 
        "operating_revenue": 121357, 
        "accumulated_operating_revenue": 1161553, 
        "long_term_average": 193592, 
        "short_term_average": 255076
    }, 
    {
        "date": "2012-07-31", 
        "operating_revenue": 123811, 
        "accumulated_operating_revenue": 1285364, 
        "long_term_average": 183623, 
        "short_term_average": 121879
    }, 
    {
        "date": "2012-08-31", 
        "operating_revenue": 127508, 
        "accumulated_operating_revenue": 1412872, 
        "long_term_average": 176609, 
        "short_term_average": 124225
    }, 
    {
        "date": "2012-09-30", 
        "operating_revenue": 111692, 
        "accumulated_operating_revenue": 1524564, 
        "long_term_average": 169396, 
        "short_term_average": 121003
    }, 
    {
        "date": "2012-10-31", 
        "operating_revenue": 84694, 
        "accumulated_operating_revenue": 1609258, 
        "long_term_average": 160925, 
        "short_term_average": 107964
    }, 
    {
        "date": "2012-11-30", 
        "operating_revenue": 116616, 
        "accumulated_operating_revenue": 1725874, 
        "long_term_average": 156897, 
        "short_term_average": 104334
    }, 
    {
        "date": "2012-12-31", 
        "operating_revenue": 117666, 
        "accumulated_operating_revenue": 1843540, 
        "long_term_average": 153628, 
        "short_term_average": 106325
    }, 
    {
        "accumulated_operating_revenue_yoy": 52.38222767444473, 
        "accumulated_operating_revenue": 176387, 
        "long_term_average": 158681, 
        "date": "2013-01-31", 
        "operating_revenue": 176387, 
        "short_term_average": 136889
    }, 
    {
        "accumulated_operating_revenue_yoy": 2.9511835302561105, 
        "accumulated_operating_revenue": 309846, 
        "long_term_average": 154368, 
        "date": "2013-02-28", 
        "operating_revenue": 133459, 
        "short_term_average": 142504
    }, 
    {
        "accumulated_operating_revenue_yoy": 153.08067873588595, 
        "accumulated_operating_revenue": 1003022, 
        "long_term_average": 204186, 
        "date": "2013-03-31", 
        "operating_revenue": 693176, 
        "short_term_average": 334340
    }, 
    {
        "accumulated_operating_revenue_yoy": 22.1442884682085, 
        "accumulated_operating_revenue": 1123394, 
        "long_term_average": 170600, 
        "date": "2013-04-30", 
        "operating_revenue": 120372, 
        "short_term_average": 315669
    }, 
    {
        "accumulated_operating_revenue_yoy": 23.3702109986964, 
        "accumulated_operating_revenue": 1283292, 
        "long_term_average": 173886, 
        "date": "2013-05-31", 
        "operating_revenue": 159898, 
        "short_term_average": 324482
    }, 
    {
        "accumulated_operating_revenue_yoy": 19.88906231571009, 
        "accumulated_operating_revenue": 1392575, 
        "long_term_average": 172880, 
        "date": "2013-06-30", 
        "operating_revenue": 109283, 
        "short_term_average": 129851
    }, 
    {
        "accumulated_operating_revenue_yoy": 19.25617957247908, 
        "accumulated_operating_revenue": 1532876, 
        "long_term_average": 174254, 
        "date": "2013-07-31", 
        "operating_revenue": 140301, 
        "short_term_average": 136494
    }, 
    {
        "accumulated_operating_revenue_yoy": 18.7602981727998, 
        "accumulated_operating_revenue": 1677931, 
        "long_term_average": 175716, 
        "date": "2013-08-31", 
        "operating_revenue": 145055, 
        "short_term_average": 131546
    }, 
    {
        "accumulated_operating_revenue_yoy": 19.524664100687147, 
        "accumulated_operating_revenue": 1822230, 
        "long_term_average": 178433, 
        "date": "2013-09-30", 
        "operating_revenue": 144299, 
        "short_term_average": 143218
    }, 
    {
        "accumulated_operating_revenue_yoy": 22.315066943895882, 
        "accumulated_operating_revenue": 1968365, 
        "long_term_average": 183553, 
        "date": "2013-10-31", 
        "operating_revenue": 146135, 
        "short_term_average": 145163
    }, 
    {
        "accumulated_operating_revenue_yoy": 22.720140635990806, 
        "accumulated_operating_revenue": 2117995, 
        "long_term_average": 186305, 
        "date": "2013-11-30", 
        "operating_revenue": 149630, 
        "short_term_average": 146688
    }, 
    {
        "accumulated_operating_revenue_yoy": 23.001562211831587, 
        "accumulated_operating_revenue": 2267583, 
        "long_term_average": 188965, 
        "date": "2013-12-31", 
        "operating_revenue": 149588, 
        "short_term_average": 148451
    }, 
    {
        "accumulated_operating_revenue_yoy": 12.866027541712258, 
        "accumulated_operating_revenue": 199081, 
        "long_term_average": 190856, 
        "date": "2014-01-31", 
        "operating_revenue": 199081, 
        "short_term_average": 166099
    }, 
    {
        "accumulated_operating_revenue_yoy": 14.736998379840308, 
        "accumulated_operating_revenue": 355508, 
        "long_term_average": 192770, 
        "date": "2014-02-28", 
        "operating_revenue": 156427, 
        "short_term_average": 168365
    }, 
    {
        "accumulated_operating_revenue_yoy": -48.20143526263631, 
        "accumulated_operating_revenue": 519551, 
        "long_term_average": 148676, 
        "date": "2014-03-31", 
        "operating_revenue": 164043, 
        "short_term_average": 173183
    }, 
    {
        "accumulated_operating_revenue_yoy": -42.91735579858892, 
        "accumulated_operating_revenue": 641263, 
        "long_term_average": 148787, 
        "date": "2014-04-30", 
        "operating_revenue": 121712, 
        "short_term_average": 147394
    }, 
    {
        "accumulated_operating_revenue_yoy": -36.23680347107284, 
        "accumulated_operating_revenue": 818268, 
        "long_term_average": 150213, 
        "date": "2014-05-31", 
        "operating_revenue": 177005, 
        "short_term_average": 154253
    }, 
    {
        "accumulated_operating_revenue_yoy": -29.29292856758164, 
        "accumulated_operating_revenue": 984649, 
        "long_term_average": 154971, 
        "date": "2014-06-30", 
        "operating_revenue": 166381, 
        "short_term_average": 155032
    }, 
    {
        "accumulated_operating_revenue_yoy": -25.234004577017323, 
        "accumulated_operating_revenue": 1146070, 
        "long_term_average": 156731, 
        "date": "2014-07-31", 
        "operating_revenue": 161421, 
        "short_term_average": 168269
    }, 
    {
        "accumulated_operating_revenue_yoy": -22.807910456389447, 
        "accumulated_operating_revenue": 1295230, 
        "long_term_average": 157073, 
        "date": "2014-08-31", 
        "operating_revenue": 149160, 
        "short_term_average": 158987
    }, 
    {
        "accumulated_operating_revenue_yoy": -21.012166411484827, 
        "accumulated_operating_revenue": 1439340, 
        "long_term_average": 157057, 
        "date": "2014-09-30", 
        "operating_revenue": 144110, 
        "short_term_average": 151563
    }, 
    {
        "accumulated_operating_revenue_yoy": -20.757684677384532, 
        "accumulated_operating_revenue": 1559778, 
        "long_term_average": 154916, 
        "date": "2014-10-31", 
        "operating_revenue": 120438, 
        "short_term_average": 137902
    }, 
    {
        "accumulated_operating_revenue_yoy": -18.763547600442873, 
        "accumulated_operating_revenue": 1720584, 
        "long_term_average": 155847, 
        "date": "2014-11-30", 
        "operating_revenue": 160806, 
        "short_term_average": 141784
    }, 
    {
        "accumulated_operating_revenue_yoy": -17.303534203599163, 
        "accumulated_operating_revenue": 1875211, 
        "long_term_average": 156267, 
        "date": "2014-12-31", 
        "operating_revenue": 154627, 
        "short_term_average": 145290
    }, 
    {
        "accumulated_operating_revenue_yoy": -14.437841883454471, 
        "accumulated_operating_revenue": 170338, 
        "long_term_average": 153872, 
        "date": "2015-01-31", 
        "operating_revenue": 170338, 
        "short_term_average": 161923
    }, 
    {
        "accumulated_operating_revenue_yoy": -6.943022379243224, 
        "accumulated_operating_revenue": 330825, 
        "long_term_average": 154210, 
        "date": "2015-02-28", 
        "operating_revenue": 160487, 
        "short_term_average": 161817
    }, 
    {
        "accumulated_operating_revenue_yoy": 0.5381569855509855, 
        "accumulated_operating_revenue": 522347, 
        "long_term_average": 156500, 
        "date": "2015-03-31", 
        "operating_revenue": 191522, 
        "short_term_average": 174115
    }, 
    {
        "accumulated_operating_revenue_yoy": 8.90851335567466, 
        "accumulated_operating_revenue": 698390, 
        "long_term_average": 161028, 
        "date": "2015-04-30", 
        "operating_revenue": 176043, 
        "short_term_average": 176017
    }, 
    {
        "accumulated_operating_revenue_yoy": 9.293776611085855, 
        "accumulated_operating_revenue": 894316, 
        "long_term_average": 162604, 
        "date": "2015-05-31", 
        "operating_revenue": 195926, 
        "short_term_average": 187830
    }, 
    {
        "accumulated_operating_revenue_yoy": 10.640542975212487, 
        "accumulated_operating_revenue": 1089421, 
        "long_term_average": 164998, 
        "date": "2015-06-30", 
        "operating_revenue": 195105, 
        "short_term_average": 189024
    }, 
    {
        "accumulated_operating_revenue_yoy": 8.805134066854556, 
        "accumulated_operating_revenue": 1246983, 
        "long_term_average": 164677, 
        "date": "2015-07-31", 
        "operating_revenue": 157562, 
        "short_term_average": 182864
    }, 
    {
        "accumulated_operating_revenue_yoy": 9.129961474023919, 
        "accumulated_operating_revenue": 1413484, 
        "long_term_average": 166122, 
        "date": "2015-08-31", 
        "operating_revenue": 166501, 
        "short_term_average": 173056
    }, 
    {
        "accumulated_operating_revenue_yoy": 13.10739644559312, 
        "accumulated_operating_revenue": 1628000, 
        "long_term_average": 171989, 
        "date": "2015-09-30", 
        "operating_revenue": 214516, 
        "short_term_average": 179526
    }, 
    {
        "accumulated_operating_revenue_yoy": 16.51017003701809, 
        "accumulated_operating_revenue": 1817300, 
        "long_term_average": 177727, 
        "date": "2015-10-31", 
        "operating_revenue": 189300, 
        "short_term_average": 190105
    }
]