[
    {
        "date": "2012-01-31", 
        "operating_revenue": 15365857, 
        "accumulated_operating_revenue": 15365857, 
        "long_term_average": 15365857, 
        "short_term_average": 15365857
    }, 
    {
        "date": "2012-02-29", 
        "operating_revenue": 12831822, 
        "accumulated_operating_revenue": 28197679, 
        "long_term_average": 14098839, 
        "short_term_average": 14098839
    }, 
    {
        "date": "2012-03-31", 
        "operating_revenue": 11483060, 
        "accumulated_operating_revenue": 39680739, 
        "long_term_average": 13226913, 
        "short_term_average": 13226913
    }, 
    {
        "date": "2012-04-30", 
        "operating_revenue": 10058232, 
        "accumulated_operating_revenue": 49738971, 
        "long_term_average": 12434742, 
        "short_term_average": 11457704
    }, 
    {
        "date": "2012-05-31", 
        "operating_revenue": 9179180, 
        "accumulated_operating_revenue": 58918151, 
        "long_term_average": 11783630, 
        "short_term_average": 10240157
    }, 
    {
        "date": "2012-06-30", 
        "operating_revenue": 13812951, 
        "accumulated_operating_revenue": 72731102, 
        "long_term_average": 12121850, 
        "short_term_average": 11016787
    }, 
    {
        "date": "2012-07-31", 
        "operating_revenue": 15807380, 
        "accumulated_operating_revenue": 88538482, 
        "long_term_average": 12648354, 
        "short_term_average": 12933170
    }, 
    {
        "date": "2012-08-31", 
        "operating_revenue": 11582025, 
        "accumulated_operating_revenue": 100120507, 
        "long_term_average": 12515063, 
        "short_term_average": 13734118
    }, 
    {
        "date": "2012-09-30", 
        "operating_revenue": 11867432, 
        "accumulated_operating_revenue": 111987939, 
        "long_term_average": 12443104, 
        "short_term_average": 13085612
    }, 
    {
        "date": "2012-10-31", 
        "operating_revenue": 13074053, 
        "accumulated_operating_revenue": 125061992, 
        "long_term_average": 12506199, 
        "short_term_average": 12174503
    }, 
    {
        "date": "2012-11-30", 
        "operating_revenue": 12492260, 
        "accumulated_operating_revenue": 137554252, 
        "long_term_average": 12504932, 
        "short_term_average": 12477915
    }, 
    {
        "date": "2012-12-31", 
        "operating_revenue": 14742720, 
        "accumulated_operating_revenue": 152296972, 
        "long_term_average": 12691414, 
        "short_term_average": 13436344
    }, 
    {
        "accumulated_operating_revenue_yoy": 20.782934528155508, 
        "accumulated_operating_revenue": 18559333, 
        "long_term_average": 12957537, 
        "date": "2013-01-31", 
        "operating_revenue": 18559333, 
        "short_term_average": 15264771
    }, 
    {
        "accumulated_operating_revenue_yoy": -4.4157925196609265, 
        "accumulated_operating_revenue": 26952528, 
        "long_term_average": 12587651, 
        "date": "2013-02-28", 
        "operating_revenue": 8393195, 
        "short_term_average": 13898416
    }, 
    {
        "accumulated_operating_revenue_yoy": -0.2684728225449632, 
        "accumulated_operating_revenue": 39574207, 
        "long_term_average": 12682536, 
        "date": "2013-03-31", 
        "operating_revenue": 12621679, 
        "short_term_average": 13191402
    }, 
    {
        "accumulated_operating_revenue_yoy": 1.8655291441393107, 
        "accumulated_operating_revenue": 50666866, 
        "long_term_average": 12768738, 
        "date": "2013-04-30", 
        "operating_revenue": 11092659, 
        "short_term_average": 10702511
    }, 
    {
        "accumulated_operating_revenue_yoy": 6.629865217596527, 
        "accumulated_operating_revenue": 62824345, 
        "long_term_average": 13016930, 
        "date": "2013-05-31", 
        "operating_revenue": 12157479, 
        "short_term_average": 11957272
    }, 
    {
        "accumulated_operating_revenue_yoy": -0.8000511253081247, 
        "accumulated_operating_revenue": 72149216, 
        "long_term_average": 12642923, 
        "date": "2013-06-30", 
        "operating_revenue": 9324871, 
        "short_term_average": 10858336
    }, 
    {
        "accumulated_operating_revenue_yoy": 2.3853413253685556, 
        "accumulated_operating_revenue": 90650427, 
        "long_term_average": 12867409, 
        "date": "2013-07-31", 
        "operating_revenue": 18501211, 
        "short_term_average": 13327853
    }, 
    {
        "accumulated_operating_revenue_yoy": 6.44805464279161, 
        "accumulated_operating_revenue": 106576332, 
        "long_term_average": 13229399, 
        "date": "2013-08-31", 
        "operating_revenue": 15925905, 
        "short_term_average": 14583995
    }, 
    {
        "accumulated_operating_revenue_yoy": 15.10865022705704, 
        "accumulated_operating_revenue": 128907805, 
        "long_term_average": 14101403, 
        "date": "2013-09-30", 
        "operating_revenue": 22331473, 
        "short_term_average": 18919529
    }, 
    {
        "accumulated_operating_revenue_yoy": 23.447798592557202, 
        "accumulated_operating_revenue": 154386276, 
        "long_term_average": 15135104, 
        "date": "2013-10-31", 
        "operating_revenue": 25478471, 
        "short_term_average": 21245283
    }, 
    {
        "accumulated_operating_revenue_yoy": 27.48017124181665, 
        "accumulated_operating_revenue": 175354396, 
        "long_term_average": 15841426, 
        "date": "2013-11-30", 
        "operating_revenue": 20968120, 
        "short_term_average": 22926021
    }, 
    {
        "accumulated_operating_revenue_yoy": 35.50606180141257, 
        "accumulated_operating_revenue": 206371629, 
        "long_term_average": 17197635, 
        "date": "2013-12-31", 
        "operating_revenue": 31017233, 
        "short_term_average": 25821274
    }, 
    {
        "accumulated_operating_revenue_yoy": 15.062190004349832, 
        "accumulated_operating_revenue": 21354775, 
        "long_term_average": 17430589, 
        "date": "2014-01-31", 
        "operating_revenue": 21354775, 
        "short_term_average": 24446709
    }, 
    {
        "accumulated_operating_revenue_yoy": 29.572361449731172, 
        "accumulated_operating_revenue": 34923027, 
        "long_term_average": 17861844, 
        "date": "2014-02-28", 
        "operating_revenue": 13568252, 
        "short_term_average": 21980086
    }, 
    {
        "accumulated_operating_revenue_yoy": 30.258081987593588, 
        "accumulated_operating_revenue": 51548603, 
        "long_term_average": 18195502, 
        "date": "2014-03-31", 
        "operating_revenue": 16625576, 
        "short_term_average": 17182867
    }, 
    {
        "accumulated_operating_revenue_yoy": 29.426090810511152, 
        "accumulated_operating_revenue": 65576144, 
        "long_term_average": 18440075, 
        "date": "2014-04-30", 
        "operating_revenue": 14027541, 
        "short_term_average": 14740456
    }, 
    {
        "accumulated_operating_revenue_yoy": 24.295933367868777, 
        "accumulated_operating_revenue": 78088106, 
        "long_term_average": 18469615, 
        "date": "2014-05-31", 
        "operating_revenue": 12511962, 
        "short_term_average": 14388359
    }, 
    {
        "accumulated_operating_revenue_yoy": 31.45100010511549, 
        "accumulated_operating_revenue": 94840866, 
        "long_term_average": 19088606, 
        "date": "2014-06-30", 
        "operating_revenue": 16752760, 
        "short_term_average": 14430754
    }, 
    {
        "accumulated_operating_revenue_yoy": 22.286398055245783, 
        "accumulated_operating_revenue": 110853142, 
        "long_term_average": 18881195, 
        "date": "2014-07-31", 
        "operating_revenue": 16012276, 
        "short_term_average": 15092332
    }, 
    {
        "accumulated_operating_revenue_yoy": 16.530654291986703, 
        "accumulated_operating_revenue": 124194097, 
        "long_term_average": 18665782, 
        "date": "2014-08-31", 
        "operating_revenue": 13340955, 
        "short_term_average": 15368663
    }, 
    {
        "accumulated_operating_revenue_yoy": 10.666458093829153, 
        "accumulated_operating_revenue": 142657702, 
        "long_term_average": 18343460, 
        "date": "2014-09-30", 
        "operating_revenue": 18463605, 
        "short_term_average": 15938945
    }, 
    {
        "accumulated_operating_revenue_yoy": 1.7883927713885657, 
        "accumulated_operating_revenue": 157147309, 
        "long_term_average": 17427721, 
        "date": "2014-10-31", 
        "operating_revenue": 14489607, 
        "short_term_average": 15431389
    }, 
    {
        "accumulated_operating_revenue_yoy": -2.7809174513081496, 
        "accumulated_operating_revenue": 170477935, 
        "long_term_average": 16791264, 
        "date": "2014-11-30", 
        "operating_revenue": 13330626, 
        "short_term_average": 15427946
    }, 
    {
        "accumulated_operating_revenue_yoy": -6.168993316421416, 
        "accumulated_operating_revenue": 193640577, 
        "long_term_average": 16136714, 
        "date": "2014-12-31", 
        "operating_revenue": 23162642, 
        "short_term_average": 16994291
    }, 
    {
        "accumulated_operating_revenue_yoy": -38.55823346300769, 
        "accumulated_operating_revenue": 13120751, 
        "long_term_average": 15450546, 
        "date": "2015-01-31", 
        "operating_revenue": 13120751, 
        "short_term_average": 16538006
    }, 
    {
        "accumulated_operating_revenue_yoy": -26.64210636724016, 
        "accumulated_operating_revenue": 25618797, 
        "long_term_average": 15361362, 
        "date": "2015-02-28", 
        "operating_revenue": 12498046, 
        "short_term_average": 16260479
    }, 
    {
        "accumulated_operating_revenue_yoy": -18.520635758063122, 
        "accumulated_operating_revenue": 42001474, 
        "long_term_average": 15341120, 
        "date": "2015-03-31", 
        "operating_revenue": 16382677, 
        "short_term_average": 14000491
    }, 
    {
        "accumulated_operating_revenue_yoy": -14.390410024718744, 
        "accumulated_operating_revenue": 56139468, 
        "long_term_average": 15350325, 
        "date": "2015-04-30", 
        "operating_revenue": 14137994, 
        "short_term_average": 14339572
    }, 
    {
        "accumulated_operating_revenue_yoy": -8.511990289532697, 
        "accumulated_operating_revenue": 71441254, 
        "long_term_average": 15582810, 
        "date": "2015-05-31", 
        "operating_revenue": 15301786, 
        "short_term_average": 15274152
    }, 
    {
        "accumulated_operating_revenue_yoy": -4.202591317544486, 
        "accumulated_operating_revenue": 90855092, 
        "long_term_average": 15804566, 
        "date": "2015-06-30", 
        "operating_revenue": 19413838, 
        "short_term_average": 16284539
    }, 
    {
        "accumulated_operating_revenue_yoy": 0.18571237250090755, 
        "accumulated_operating_revenue": 111059010, 
        "long_term_average": 16153870, 
        "date": "2015-07-31", 
        "operating_revenue": 20203918, 
        "short_term_average": 18306514
    }, 
    {
        "accumulated_operating_revenue_yoy": 3.8291771629049327, 
        "accumulated_operating_revenue": 128949709, 
        "long_term_average": 16533015, 
        "date": "2015-08-31", 
        "operating_revenue": 17890699, 
        "short_term_average": 19169485
    }, 
    {
        "accumulated_operating_revenue_yoy": 2.911342284204186, 
        "accumulated_operating_revenue": 146810956, 
        "long_term_average": 16482819, 
        "date": "2015-09-30", 
        "operating_revenue": 17861247, 
        "short_term_average": 18651954
    }
]