[
    {
        "date": "2012-01-31", 
        "operating_revenue": 407098, 
        "accumulated_operating_revenue": 407098, 
        "long_term_average": 407098, 
        "short_term_average": 407098
    }, 
    {
        "date": "2012-02-29", 
        "operating_revenue": 400613, 
        "accumulated_operating_revenue": 807711, 
        "long_term_average": 403855, 
        "short_term_average": 403855
    }, 
    {
        "date": "2012-03-31", 
        "operating_revenue": 277301, 
        "accumulated_operating_revenue": 1085012, 
        "long_term_average": 361670, 
        "short_term_average": 361670
    }, 
    {
        "date": "2012-04-30", 
        "operating_revenue": 206570, 
        "accumulated_operating_revenue": 1291582, 
        "long_term_average": 322895, 
        "short_term_average": 294828
    }, 
    {
        "date": "2012-05-31", 
        "operating_revenue": 308998, 
        "accumulated_operating_revenue": 1600580, 
        "long_term_average": 320116, 
        "short_term_average": 264289
    }, 
    {
        "date": "2012-06-30", 
        "operating_revenue": 315831, 
        "accumulated_operating_revenue": 1916411, 
        "long_term_average": 319401, 
        "short_term_average": 277133
    }, 
    {
        "date": "2012-07-31", 
        "operating_revenue": 344743, 
        "accumulated_operating_revenue": 2261154, 
        "long_term_average": 323022, 
        "short_term_average": 323190
    }, 
    {
        "date": "2012-08-31", 
        "operating_revenue": 385478, 
        "accumulated_operating_revenue": 2646632, 
        "long_term_average": 330829, 
        "short_term_average": 348684
    }, 
    {
        "date": "2012-09-30", 
        "operating_revenue": 332681, 
        "accumulated_operating_revenue": 2979313, 
        "long_term_average": 331034, 
        "short_term_average": 354300
    }, 
    {
        "date": "2012-10-31", 
        "operating_revenue": 196077, 
        "accumulated_operating_revenue": 3175390, 
        "long_term_average": 317539, 
        "short_term_average": 304745
    }, 
    {
        "date": "2012-11-30", 
        "operating_revenue": 335148, 
        "accumulated_operating_revenue": 3510538, 
        "long_term_average": 319139, 
        "short_term_average": 287968
    }, 
    {
        "date": "2012-12-31", 
        "operating_revenue": 329553, 
        "accumulated_operating_revenue": 3840091, 
        "long_term_average": 320007, 
        "short_term_average": 286926
    }, 
    {
        "accumulated_operating_revenue_yoy": -9.111319633110455, 
        "accumulated_operating_revenue": 370006, 
        "long_term_average": 316916, 
        "date": "2013-01-31", 
        "operating_revenue": 370006, 
        "short_term_average": 344902
    }, 
    {
        "accumulated_operating_revenue_yoy": -15.20580999887336, 
        "accumulated_operating_revenue": 684892, 
        "long_term_average": 309772, 
        "date": "2013-02-28", 
        "operating_revenue": 314886, 
        "short_term_average": 338148
    }, 
    {
        "accumulated_operating_revenue_yoy": -7.942677131681493, 
        "accumulated_operating_revenue": 998833, 
        "long_term_average": 312826, 
        "date": "2013-03-31", 
        "operating_revenue": 313941, 
        "short_term_average": 332944
    }, 
    {
        "accumulated_operating_revenue_yoy": 0.7089755044588729, 
        "accumulated_operating_revenue": 1300739, 
        "long_term_average": 320770, 
        "date": "2013-04-30", 
        "operating_revenue": 301906, 
        "short_term_average": 310244
    }, 
    {
        "accumulated_operating_revenue_yoy": 2.274050656636969, 
        "accumulated_operating_revenue": 1636978, 
        "long_term_average": 323040, 
        "date": "2013-05-31", 
        "operating_revenue": 336239, 
        "short_term_average": 317362
    }, 
    {
        "accumulated_operating_revenue_yoy": 0.4609136557867806, 
        "accumulated_operating_revenue": 1925244, 
        "long_term_average": 320743, 
        "date": "2013-06-30", 
        "operating_revenue": 288266, 
        "short_term_average": 308803
    }, 
    {
        "accumulated_operating_revenue_yoy": 1.9370197695513, 
        "accumulated_operating_revenue": 2304953, 
        "long_term_average": 323657, 
        "date": "2013-07-31", 
        "operating_revenue": 379709, 
        "short_term_average": 334738
    }, 
    {
        "accumulated_operating_revenue_yoy": -0.5711409821992631, 
        "accumulated_operating_revenue": 2631516, 
        "long_term_average": 318747, 
        "date": "2013-08-31", 
        "operating_revenue": 326563, 
        "short_term_average": 331512
    }, 
    {
        "accumulated_operating_revenue_yoy": 1.025236354824082, 
        "accumulated_operating_revenue": 3009858, 
        "long_term_average": 322553, 
        "date": "2013-09-30", 
        "operating_revenue": 378342, 
        "short_term_average": 361538
    }, 
    {
        "accumulated_operating_revenue_yoy": 5.255008046255735, 
        "accumulated_operating_revenue": 3342257, 
        "long_term_average": 333913, 
        "date": "2013-10-31", 
        "operating_revenue": 332399, 
        "short_term_average": 345768
    }, 
    {
        "accumulated_operating_revenue_yoy": 4.182264940587454, 
        "accumulated_operating_revenue": 3657358, 
        "long_term_average": 332242, 
        "date": "2013-11-30", 
        "operating_revenue": 315101, 
        "short_term_average": 341947
    }, 
    {
        "accumulated_operating_revenue_yoy": 4.735590901361452, 
        "accumulated_operating_revenue": 4021942, 
        "long_term_average": 335161, 
        "date": "2013-12-31", 
        "operating_revenue": 364584, 
        "short_term_average": 337361
    }, 
    {
        "accumulated_operating_revenue_yoy": -11.80764636249142, 
        "accumulated_operating_revenue": 326317, 
        "long_term_average": 331521, 
        "date": "2014-01-31", 
        "operating_revenue": 326317, 
        "short_term_average": 335334
    }, 
    {
        "accumulated_operating_revenue_yoy": -2.2253143561320616, 
        "accumulated_operating_revenue": 669651, 
        "long_term_average": 333891, 
        "date": "2014-02-28", 
        "operating_revenue": 343334, 
        "short_term_average": 344745
    }, 
    {
        "accumulated_operating_revenue_yoy": 2.4694818853602154, 
        "accumulated_operating_revenue": 1023499, 
        "long_term_average": 337217, 
        "date": "2014-03-31", 
        "operating_revenue": 353848, 
        "short_term_average": 341166
    }, 
    {
        "accumulated_operating_revenue_yoy": -0.43998065714951273, 
        "accumulated_operating_revenue": 1295016, 
        "long_term_average": 334684, 
        "date": "2014-04-30", 
        "operating_revenue": 271517, 
        "short_term_average": 322899
    }, 
    {
        "accumulated_operating_revenue_yoy": 1.5061900648634252, 
        "accumulated_operating_revenue": 1661634, 
        "long_term_average": 337216, 
        "date": "2014-05-31", 
        "operating_revenue": 366618, 
        "short_term_average": 330661
    }, 
    {
        "accumulated_operating_revenue_yoy": 5.262345967576057, 
        "accumulated_operating_revenue": 2026557, 
        "long_term_average": 343604, 
        "date": "2014-06-30", 
        "operating_revenue": 364923, 
        "short_term_average": 334352
    }, 
    {
        "accumulated_operating_revenue_yoy": 5.747622619636929, 
        "accumulated_operating_revenue": 2437433, 
        "long_term_average": 346201, 
        "date": "2014-07-31", 
        "operating_revenue": 410876, 
        "short_term_average": 380805
    }, 
    {
        "accumulated_operating_revenue_yoy": 5.602816019359183, 
        "accumulated_operating_revenue": 2778955, 
        "long_term_average": 347448, 
        "date": "2014-08-31", 
        "operating_revenue": 341522, 
        "short_term_average": 372440
    }, 
    {
        "accumulated_operating_revenue_yoy": 1.9004883286852736, 
        "accumulated_operating_revenue": 3067060, 
        "long_term_average": 339928, 
        "date": "2014-09-30", 
        "operating_revenue": 288105, 
        "short_term_average": 346834
    }, 
    {
        "accumulated_operating_revenue_yoy": 1.3762556260634655, 
        "accumulated_operating_revenue": 3388255, 
        "long_term_average": 338995, 
        "date": "2014-10-31", 
        "operating_revenue": 321195, 
        "short_term_average": 316940
    }, 
    {
        "accumulated_operating_revenue_yoy": 1.9221525483696156, 
        "accumulated_operating_revenue": 3727658, 
        "long_term_average": 341020, 
        "date": "2014-11-30", 
        "operating_revenue": 339403, 
        "short_term_average": 316234
    }, 
    {
        "accumulated_operating_revenue_yoy": 3.057105249155756, 
        "accumulated_operating_revenue": 4144897, 
        "long_term_average": 345408, 
        "date": "2014-12-31", 
        "operating_revenue": 417239, 
        "short_term_average": 359279
    }, 
    {
        "accumulated_operating_revenue_yoy": 10.46589665877046, 
        "accumulated_operating_revenue": 360469, 
        "long_term_average": 348254, 
        "date": "2015-01-31", 
        "operating_revenue": 360469, 
        "short_term_average": 372370
    }, 
    {
        "accumulated_operating_revenue_yoy": 7.053375564286471, 
        "accumulated_operating_revenue": 716884, 
        "long_term_average": 349344, 
        "date": "2015-02-28", 
        "operating_revenue": 356415, 
        "short_term_average": 378041
    }, 
    {
        "accumulated_operating_revenue_yoy": 11.29449076159332, 
        "accumulated_operating_revenue": 1139098, 
        "long_term_average": 355041, 
        "date": "2015-03-31", 
        "operating_revenue": 422214, 
        "short_term_average": 379699
    }, 
    {
        "accumulated_operating_revenue_yoy": 39.62599689888001, 
        "accumulated_operating_revenue": 1808179, 
        "long_term_average": 388171, 
        "date": "2015-04-30", 
        "operating_revenue": 669081, 
        "short_term_average": 482570
    }, 
    {
        "accumulated_operating_revenue_yoy": 36.334716309367764, 
        "accumulated_operating_revenue": 2265384, 
        "long_term_average": 395720, 
        "date": "2015-05-31", 
        "operating_revenue": 457205, 
        "short_term_average": 516166
    }, 
    {
        "accumulated_operating_revenue_yoy": 31.359937075542412, 
        "accumulated_operating_revenue": 2662084, 
        "long_term_average": 398368, 
        "date": "2015-06-30", 
        "operating_revenue": 396700, 
        "short_term_average": 507662
    }, 
    {
        "accumulated_operating_revenue_yoy": 23.656363067210464, 
        "accumulated_operating_revenue": 3014041, 
        "long_term_average": 393458, 
        "date": "2015-07-31", 
        "operating_revenue": 351957, 
        "short_term_average": 401954
    }, 
    {
        "accumulated_operating_revenue_yoy": 23.03211099136186, 
        "accumulated_operating_revenue": 3419007, 
        "long_term_average": 398745, 
        "date": "2015-08-31", 
        "operating_revenue": 404966, 
        "short_term_average": 384541
    }
]