[
    {
        "date": "2012-01-31", 
        "operating_revenue": 5734034, 
        "accumulated_operating_revenue": 5734034, 
        "long_term_average": 5734034, 
        "short_term_average": 5734034
    }, 
    {
        "date": "2012-02-29", 
        "operating_revenue": 7263646, 
        "accumulated_operating_revenue": 12997680, 
        "long_term_average": 6498840, 
        "short_term_average": 6498840
    }, 
    {
        "date": "2012-03-31", 
        "operating_revenue": 8995370, 
        "accumulated_operating_revenue": 21993050, 
        "long_term_average": 7331016, 
        "short_term_average": 7331016
    }, 
    {
        "date": "2012-04-30", 
        "operating_revenue": 7406462, 
        "accumulated_operating_revenue": 29399512, 
        "long_term_average": 7349878, 
        "short_term_average": 7888492
    }, 
    {
        "date": "2012-05-31", 
        "operating_revenue": 6564730, 
        "accumulated_operating_revenue": 35964242, 
        "long_term_average": 7192848, 
        "short_term_average": 7655520
    }, 
    {
        "date": "2012-06-30", 
        "operating_revenue": 10458235, 
        "accumulated_operating_revenue": 46422477, 
        "long_term_average": 7737079, 
        "short_term_average": 8143142
    }, 
    {
        "date": "2012-07-31", 
        "operating_revenue": 10675623, 
        "accumulated_operating_revenue": 57098100, 
        "long_term_average": 8156871, 
        "short_term_average": 9232862
    }, 
    {
        "date": "2012-08-31", 
        "operating_revenue": 6433631, 
        "accumulated_operating_revenue": 63531731, 
        "long_term_average": 7941466, 
        "short_term_average": 9189163
    }, 
    {
        "date": "2012-09-30", 
        "operating_revenue": 6189693, 
        "accumulated_operating_revenue": 69721424, 
        "long_term_average": 7746824, 
        "short_term_average": 7766315
    }, 
    {
        "date": "2012-10-31", 
        "operating_revenue": 6200289, 
        "accumulated_operating_revenue": 75921713, 
        "long_term_average": 7592171, 
        "short_term_average": 6274537
    }, 
    {
        "date": "2012-11-30", 
        "operating_revenue": 6578795, 
        "accumulated_operating_revenue": 82500508, 
        "long_term_average": 7500046, 
        "short_term_average": 6322925
    }, 
    {
        "date": "2012-12-31", 
        "operating_revenue": 7323077, 
        "accumulated_operating_revenue": 89823585, 
        "long_term_average": 7485298, 
        "short_term_average": 6700720
    }, 
    {
        "accumulated_operating_revenue_yoy": 37.18950742182554, 
        "accumulated_operating_revenue": 7866493, 
        "long_term_average": 7663003, 
        "date": "2013-01-31", 
        "operating_revenue": 7866493, 
        "short_term_average": 7256121
    }, 
    {
        "accumulated_operating_revenue_yoy": -9.120027574151694, 
        "accumulated_operating_revenue": 11812288, 
        "long_term_average": 7386516, 
        "date": "2013-02-28", 
        "operating_revenue": 3945795, 
        "short_term_average": 6378455
    }, 
    {
        "accumulated_operating_revenue_yoy": -16.436183248799054, 
        "accumulated_operating_revenue": 18378232, 
        "long_term_average": 7184063, 
        "date": "2013-03-31", 
        "operating_revenue": 6565944, 
        "short_term_average": 6126077
    }, 
    {
        "accumulated_operating_revenue_yoy": -15.723325611663213, 
        "accumulated_operating_revenue": 24776931, 
        "long_term_average": 7100083, 
        "date": "2013-04-30", 
        "operating_revenue": 6398699, 
        "short_term_average": 5636812
    }, 
    {
        "accumulated_operating_revenue_yoy": -18.134220651724007, 
        "accumulated_operating_revenue": 29442407, 
        "long_term_average": 6941812, 
        "date": "2013-05-31", 
        "operating_revenue": 4665476, 
        "short_term_average": 5876706
    }, 
    {
        "accumulated_operating_revenue_yoy": -27.087499014755288, 
        "accumulated_operating_revenue": 33847789, 
        "long_term_average": 6437408, 
        "date": "2013-06-30", 
        "operating_revenue": 4405382, 
        "short_term_average": 5156519
    }, 
    {
        "accumulated_operating_revenue_yoy": -26.834057525556894, 
        "accumulated_operating_revenue": 41776363, 
        "long_term_average": 6208487, 
        "date": "2013-07-31", 
        "operating_revenue": 7928574, 
        "short_term_average": 5666477
    }, 
    {
        "accumulated_operating_revenue_yoy": -25.504389294854878, 
        "accumulated_operating_revenue": 47328351, 
        "long_term_average": 6135017, 
        "date": "2013-08-31", 
        "operating_revenue": 5551988, 
        "short_term_average": 5961981
    }, 
    {
        "accumulated_operating_revenue_yoy": -22.57848462762321, 
        "accumulated_operating_revenue": 53979383, 
        "long_term_average": 6173462, 
        "date": "2013-09-30", 
        "operating_revenue": 6651032, 
        "short_term_average": 6710531
    }, 
    {
        "accumulated_operating_revenue_yoy": -18.839179774565938, 
        "accumulated_operating_revenue": 61618685, 
        "long_term_average": 6293379, 
        "date": "2013-10-31", 
        "operating_revenue": 7639302, 
        "short_term_average": 6614107
    }, 
    {
        "accumulated_operating_revenue_yoy": -18.526188953891047, 
        "accumulated_operating_revenue": 67216308, 
        "long_term_average": 6211615, 
        "date": "2013-11-30", 
        "operating_revenue": 5597623, 
        "short_term_average": 6629319
    }, 
    {
        "accumulated_operating_revenue_yoy": -15.178904293343445, 
        "accumulated_operating_revenue": 76189349, 
        "long_term_average": 6349112, 
        "date": "2013-12-31", 
        "operating_revenue": 8973041, 
        "short_term_average": 7403322
    }, 
    {
        "accumulated_operating_revenue_yoy": -13.247135667698426, 
        "accumulated_operating_revenue": 6824408, 
        "long_term_average": 6262272, 
        "date": "2014-01-31", 
        "operating_revenue": 6824408, 
        "short_term_average": 7131690
    }, 
    {
        "accumulated_operating_revenue_yoy": 14.846302426761012, 
        "accumulated_operating_revenue": 13565976, 
        "long_term_average": 6495253, 
        "date": "2014-02-28", 
        "operating_revenue": 6741568, 
        "short_term_average": 7513005
    }, 
    {
        "accumulated_operating_revenue_yoy": 24.820222097533648, 
        "accumulated_operating_revenue": 22939750, 
        "long_term_average": 6729238, 
        "date": "2014-03-31", 
        "operating_revenue": 9373774, 
        "short_term_average": 7646583
    }, 
    {
        "accumulated_operating_revenue_yoy": 27.09539369504641, 
        "accumulated_operating_revenue": 31490338, 
        "long_term_average": 6908563, 
        "date": "2014-04-30", 
        "operating_revenue": 8550588, 
        "short_term_average": 8221976
    }, 
    {
        "accumulated_operating_revenue_yoy": 31.004506526929, 
        "accumulated_operating_revenue": 38570880, 
        "long_term_average": 7109818, 
        "date": "2014-05-31", 
        "operating_revenue": 7080542, 
        "short_term_average": 8334968
    }, 
    {
        "accumulated_operating_revenue_yoy": 38.022956240952695, 
        "accumulated_operating_revenue": 46717719, 
        "long_term_average": 7421606, 
        "date": "2014-06-30", 
        "operating_revenue": 8146839, 
        "short_term_average": 7925989
    }, 
    {
        "accumulated_operating_revenue_yoy": 34.30354145476953, 
        "accumulated_operating_revenue": 56107135, 
        "long_term_average": 7543343, 
        "date": "2014-07-31", 
        "operating_revenue": 9389416, 
        "short_term_average": 8205599
    }, 
    {
        "accumulated_operating_revenue_yoy": 32.70449249330491, 
        "accumulated_operating_revenue": 62806848, 
        "long_term_average": 7638987, 
        "date": "2014-08-31", 
        "operating_revenue": 6699713, 
        "short_term_average": 8078656
    }, 
    {
        "accumulated_operating_revenue_yoy": 28.09384093923415, 
        "accumulated_operating_revenue": 69144265, 
        "long_term_average": 7612852, 
        "date": "2014-09-30", 
        "operating_revenue": 6337417, 
        "short_term_average": 7475515
    }, 
    {
        "accumulated_operating_revenue_yoy": 21.37067352216296, 
        "accumulated_operating_revenue": 74787013, 
        "long_term_average": 7446473, 
        "date": "2014-10-31", 
        "operating_revenue": 5642748, 
        "short_term_average": 6226626
    }, 
    {
        "accumulated_operating_revenue_yoy": 19.67909186562285, 
        "accumulated_operating_revenue": 80443867, 
        "long_term_average": 7451409, 
        "date": "2014-11-30", 
        "operating_revenue": 5656854, 
        "short_term_average": 5879006
    }, 
    {
        "accumulated_operating_revenue_yoy": 16.755019130036143, 
        "accumulated_operating_revenue": 88954889, 
        "long_term_average": 7412907, 
        "date": "2014-12-31", 
        "operating_revenue": 8511022, 
        "short_term_average": 6603541
    }, 
    {
        "accumulated_operating_revenue_yoy": -18.017035323796584, 
        "accumulated_operating_revenue": 5594852, 
        "long_term_average": 7310444, 
        "date": "2015-01-31", 
        "operating_revenue": 5594852, 
        "short_term_average": 6587576
    }, 
    {
        "accumulated_operating_revenue_yoy": -13.230319735196346, 
        "accumulated_operating_revenue": 11771154, 
        "long_term_average": 7263338, 
        "date": "2015-02-28", 
        "operating_revenue": 6176302, 
        "short_term_average": 6760725
    }, 
    {
        "accumulated_operating_revenue_yoy": -15.565535805752024, 
        "accumulated_operating_revenue": 19369055, 
        "long_term_average": 7115349, 
        "date": "2015-03-31", 
        "operating_revenue": 7597901, 
        "short_term_average": 6456351
    }, 
    {
        "accumulated_operating_revenue_yoy": -10.683746868642693, 
        "accumulated_operating_revenue": 28125990, 
        "long_term_average": 7132545, 
        "date": "2015-04-30", 
        "operating_revenue": 8756935, 
        "short_term_average": 7510379
    }, 
    {
        "accumulated_operating_revenue_yoy": -12.624334731279141, 
        "accumulated_operating_revenue": 33701563, 
        "long_term_average": 7007131, 
        "date": "2015-05-31", 
        "operating_revenue": 5575573, 
        "short_term_average": 7310136
    }, 
    {
        "accumulated_operating_revenue_yoy": -16.535263633055372, 
        "accumulated_operating_revenue": 38992821, 
        "long_term_average": 6769165, 
        "date": "2015-06-30", 
        "operating_revenue": 5291258, 
        "short_term_average": 6541255
    }, 
    {
        "accumulated_operating_revenue_yoy": -18.284638843170303, 
        "accumulated_operating_revenue": 45848148, 
        "long_term_average": 6557991, 
        "date": "2015-07-31", 
        "operating_revenue": 6855327, 
        "short_term_average": 5907386
    }, 
    {
        "accumulated_operating_revenue_yoy": -19.21637908019202, 
        "accumulated_operating_revenue": 50737646, 
        "long_term_average": 6407140, 
        "date": "2015-08-31", 
        "operating_revenue": 4889498, 
        "short_term_average": 5678694
    }
]