[
    {
        "date": "2012-01-31", 
        "operating_revenue": 1368996, 
        "accumulated_operating_revenue": 1368996, 
        "long_term_average": 1368996, 
        "short_term_average": 1368996
    }, 
    {
        "date": "2012-02-29", 
        "operating_revenue": 1345245, 
        "accumulated_operating_revenue": 2714241, 
        "long_term_average": 1357120, 
        "short_term_average": 1357120
    }, 
    {
        "date": "2012-03-31", 
        "operating_revenue": 1438828, 
        "accumulated_operating_revenue": 4153069, 
        "long_term_average": 1384356, 
        "short_term_average": 1384356
    }, 
    {
        "date": "2012-04-30", 
        "operating_revenue": 1392719, 
        "accumulated_operating_revenue": 5545788, 
        "long_term_average": 1386447, 
        "short_term_average": 1392264
    }, 
    {
        "date": "2012-05-31", 
        "operating_revenue": 1475154, 
        "accumulated_operating_revenue": 7020942, 
        "long_term_average": 1404188, 
        "short_term_average": 1435567
    }, 
    {
        "date": "2012-06-30", 
        "operating_revenue": 1406830, 
        "accumulated_operating_revenue": 8427772, 
        "long_term_average": 1404628, 
        "short_term_average": 1424901
    }, 
    {
        "date": "2012-07-31", 
        "operating_revenue": 1440793, 
        "accumulated_operating_revenue": 9868565, 
        "long_term_average": 1409795, 
        "short_term_average": 1440925
    }, 
    {
        "date": "2012-08-31", 
        "operating_revenue": 1390916, 
        "accumulated_operating_revenue": 11259481, 
        "long_term_average": 1407435, 
        "short_term_average": 1412846
    }, 
    {
        "date": "2012-09-30", 
        "operating_revenue": 1312009, 
        "accumulated_operating_revenue": 12571490, 
        "long_term_average": 1396832, 
        "short_term_average": 1381239
    }, 
    {
        "date": "2012-10-31", 
        "operating_revenue": 1359026, 
        "accumulated_operating_revenue": 13930516, 
        "long_term_average": 1393051, 
        "short_term_average": 1353983
    }, 
    {
        "date": "2012-11-30", 
        "operating_revenue": 1291145, 
        "accumulated_operating_revenue": 15221661, 
        "long_term_average": 1383787, 
        "short_term_average": 1320726
    }, 
    {
        "date": "2012-12-31", 
        "operating_revenue": 1456672, 
        "accumulated_operating_revenue": 16678333, 
        "long_term_average": 1389861, 
        "short_term_average": 1368947
    }, 
    {
        "accumulated_operating_revenue_yoy": 5.433324859970372, 
        "accumulated_operating_revenue": 1443378, 
        "long_term_average": 1396059, 
        "date": "2013-01-31", 
        "operating_revenue": 1443378, 
        "short_term_average": 1397065
    }, 
    {
        "accumulated_operating_revenue_yoy": 1.7404865669629188, 
        "accumulated_operating_revenue": 2761482, 
        "long_term_average": 1393797, 
        "date": "2013-02-28", 
        "operating_revenue": 1318104, 
        "short_term_average": 1406051
    }, 
    {
        "accumulated_operating_revenue_yoy": 1.8024742666206603, 
        "accumulated_operating_revenue": 4227927, 
        "long_term_average": 1396099, 
        "date": "2013-03-31", 
        "operating_revenue": 1466445, 
        "short_term_average": 1409309
    }, 
    {
        "accumulated_operating_revenue_yoy": 0.7616410868933323, 
        "accumulated_operating_revenue": 5588027, 
        "long_term_average": 1393381, 
        "date": "2013-04-30", 
        "operating_revenue": 1360100, 
        "short_term_average": 1381549
    }, 
    {
        "accumulated_operating_revenue_yoy": 1.4765967301823602, 
        "accumulated_operating_revenue": 7124613, 
        "long_term_average": 1398500, 
        "date": "2013-05-31", 
        "operating_revenue": 1536586, 
        "short_term_average": 1454377
    }, 
    {
        "accumulated_operating_revenue_yoy": 3.4654473329368662, 
        "accumulated_operating_revenue": 8719832, 
        "long_term_average": 1414199, 
        "date": "2013-06-30", 
        "operating_revenue": 1595219, 
        "short_term_average": 1497301
    }, 
    {
        "accumulated_operating_revenue_yoy": 3.235637602832833, 
        "accumulated_operating_revenue": 10187876, 
        "long_term_average": 1416470, 
        "date": "2013-07-31", 
        "operating_revenue": 1468044, 
        "short_term_average": 1533283
    }, 
    {
        "accumulated_operating_revenue_yoy": 3.3935844822687655, 
        "accumulated_operating_revenue": 11641581, 
        "long_term_average": 1421702, 
        "date": "2013-08-31", 
        "operating_revenue": 1453705, 
        "short_term_average": 1505656
    }, 
    {
        "accumulated_operating_revenue_yoy": 4.067608533276485, 
        "accumulated_operating_revenue": 13082849, 
        "long_term_average": 1432474, 
        "date": "2013-09-30", 
        "operating_revenue": 1441268, 
        "short_term_average": 1454339
    }, 
    {
        "accumulated_operating_revenue_yoy": 5.273544784701442, 
        "accumulated_operating_revenue": 14665148, 
        "long_term_average": 1451080, 
        "date": "2013-10-31", 
        "operating_revenue": 1582299, 
        "short_term_average": 1492424
    }, 
    {
        "accumulated_operating_revenue_yoy": 5.816250933455948, 
        "accumulated_operating_revenue": 16106991, 
        "long_term_average": 1463638, 
        "date": "2013-11-30", 
        "operating_revenue": 1441843, 
        "short_term_average": 1488470
    }, 
    {
        "accumulated_operating_revenue_yoy": 6.0470431907073685, 
        "accumulated_operating_revenue": 17686879, 
        "long_term_average": 1473906, 
        "date": "2013-12-31", 
        "operating_revenue": 1579888, 
        "short_term_average": 1534676
    }, 
    {
        "accumulated_operating_revenue_yoy": 5.366508288196162, 
        "accumulated_operating_revenue": 1520837, 
        "long_term_average": 1480361, 
        "date": "2014-01-31", 
        "operating_revenue": 1520837, 
        "short_term_average": 1514189
    }, 
    {
        "accumulated_operating_revenue_yoy": 4.996556196998568, 
        "accumulated_operating_revenue": 2899461, 
        "long_term_average": 1485404, 
        "date": "2014-02-28", 
        "operating_revenue": 1378624, 
        "short_term_average": 1493116
    }, 
    {
        "accumulated_operating_revenue_yoy": 6.056939961356949, 
        "accumulated_operating_revenue": 4484010, 
        "long_term_average": 1495246, 
        "date": "2014-03-31", 
        "operating_revenue": 1584549, 
        "short_term_average": 1494670
    }, 
    {
        "accumulated_operating_revenue_yoy": 6.862636848390317, 
        "accumulated_operating_revenue": 5971513, 
        "long_term_average": 1505863, 
        "date": "2014-04-30", 
        "operating_revenue": 1487503, 
        "short_term_average": 1483558
    }, 
    {
        "accumulated_operating_revenue_yoy": 5.847573755935937, 
        "accumulated_operating_revenue": 7541230, 
        "long_term_average": 1508624, 
        "date": "2014-05-31", 
        "operating_revenue": 1569717, 
        "short_term_average": 1547256
    }, 
    {
        "accumulated_operating_revenue_yoy": 5.16350544368286, 
        "accumulated_operating_revenue": 9170081, 
        "long_term_average": 1511427, 
        "date": "2014-06-30", 
        "operating_revenue": 1628851, 
        "short_term_average": 1562023
    }, 
    {
        "accumulated_operating_revenue_yoy": 6.075378224077324, 
        "accumulated_operating_revenue": 10806828, 
        "long_term_average": 1525485, 
        "date": "2014-07-31", 
        "operating_revenue": 1636747, 
        "short_term_average": 1611771
    }, 
    {
        "accumulated_operating_revenue_yoy": 6.91634581248028, 
        "accumulated_operating_revenue": 12446753, 
        "long_term_average": 1541004, 
        "date": "2014-08-31", 
        "operating_revenue": 1639925, 
        "short_term_average": 1635174
    }, 
    {
        "accumulated_operating_revenue_yoy": 7.907490180464515, 
        "accumulated_operating_revenue": 14117374, 
        "long_term_average": 1560117, 
        "date": "2014-09-30", 
        "operating_revenue": 1670621, 
        "short_term_average": 1649097
    }, 
    {
        "accumulated_operating_revenue_yoy": 6.990437464388358, 
        "accumulated_operating_revenue": 15690306, 
        "long_term_average": 1559336, 
        "date": "2014-10-31", 
        "operating_revenue": 1572932, 
        "short_term_average": 1627826
    }, 
    {
        "accumulated_operating_revenue_yoy": 7.118635628467167, 
        "accumulated_operating_revenue": 17253589, 
        "long_term_average": 1569456, 
        "date": "2014-11-30", 
        "operating_revenue": 1563283, 
        "short_term_average": 1602278
    }, 
    {
        "accumulated_operating_revenue_yoy": 7.40215953306403, 
        "accumulated_operating_revenue": 18996090, 
        "long_term_average": 1583007, 
        "date": "2014-12-31", 
        "operating_revenue": 1742501, 
        "short_term_average": 1626238
    }, 
    {
        "accumulated_operating_revenue_yoy": 13.566213867758345, 
        "accumulated_operating_revenue": 1727157, 
        "long_term_average": 1600200, 
        "date": "2015-01-31", 
        "operating_revenue": 1727157, 
        "short_term_average": 1677647
    }, 
    {
        "accumulated_operating_revenue_yoy": 9.269791868212748, 
        "accumulated_operating_revenue": 3168235, 
        "long_term_average": 1605405, 
        "date": "2015-02-28", 
        "operating_revenue": 1441078, 
        "short_term_average": 1636912
    }, 
    {
        "accumulated_operating_revenue_yoy": 7.612538776675342, 
        "accumulated_operating_revenue": 4825357, 
        "long_term_average": 1611453, 
        "date": "2015-03-31", 
        "operating_revenue": 1657122, 
        "short_term_average": 1608452
    }, 
    {
        "accumulated_operating_revenue_yoy": 10.08839803245844, 
        "accumulated_operating_revenue": 6573943, 
        "long_term_average": 1633210, 
        "date": "2015-04-30", 
        "operating_revenue": 1748586, 
        "short_term_average": 1615595
    }, 
    {
        "accumulated_operating_revenue_yoy": 9.652629610819455, 
        "accumulated_operating_revenue": 8269157, 
        "long_term_average": 1643668, 
        "date": "2015-05-31", 
        "operating_revenue": 1695214, 
        "short_term_average": 1700307
    }, 
    {
        "accumulated_operating_revenue_yoy": 8.97108760544209, 
        "accumulated_operating_revenue": 9992737, 
        "long_term_average": 1651562, 
        "date": "2015-06-30", 
        "operating_revenue": 1723580, 
        "short_term_average": 1722460
    }, 
    {
        "accumulated_operating_revenue_yoy": 9.773580184675836, 
        "accumulated_operating_revenue": 11863042, 
        "long_term_average": 1671025, 
        "date": "2015-07-31", 
        "operating_revenue": 1870305, 
        "short_term_average": 1763033
    }, 
    {
        "accumulated_operating_revenue_yoy": 8.459057555010531, 
        "accumulated_operating_revenue": 13499631, 
        "long_term_average": 1670747, 
        "date": "2015-08-31", 
        "operating_revenue": 1636589, 
        "short_term_average": 1743491
    }, 
    {
        "accumulated_operating_revenue_yoy": 6.855793435804704, 
        "accumulated_operating_revenue": 15085232, 
        "long_term_average": 1663662, 
        "date": "2015-09-30", 
        "operating_revenue": 1585601, 
        "short_term_average": 1697498
    }, 
    {
        "accumulated_operating_revenue_yoy": 7.032992218252468, 
        "accumulated_operating_revenue": 16793804, 
        "long_term_average": 1674965, 
        "date": "2015-10-31", 
        "operating_revenue": 1708572, 
        "short_term_average": 1643587
    }
]