[
    {
        "date": "2012-01-31", 
        "operating_revenue": 211637, 
        "accumulated_operating_revenue": 211637, 
        "long_term_average": 211637, 
        "short_term_average": 211637
    }, 
    {
        "date": "2012-02-29", 
        "operating_revenue": 207545, 
        "accumulated_operating_revenue": 419182, 
        "long_term_average": 209591, 
        "short_term_average": 209591
    }, 
    {
        "date": "2012-03-31", 
        "operating_revenue": 223329, 
        "accumulated_operating_revenue": 642511, 
        "long_term_average": 214170, 
        "short_term_average": 214170
    }, 
    {
        "date": "2012-04-30", 
        "operating_revenue": 209468, 
        "accumulated_operating_revenue": 851979, 
        "long_term_average": 212994, 
        "short_term_average": 213447
    }, 
    {
        "date": "2012-05-31", 
        "operating_revenue": 225922, 
        "accumulated_operating_revenue": 1077901, 
        "long_term_average": 215580, 
        "short_term_average": 219573
    }, 
    {
        "date": "2012-06-30", 
        "operating_revenue": 227740, 
        "accumulated_operating_revenue": 1305641, 
        "long_term_average": 217606, 
        "short_term_average": 221043
    }, 
    {
        "date": "2012-07-31", 
        "operating_revenue": 212130, 
        "accumulated_operating_revenue": 1517771, 
        "long_term_average": 216824, 
        "short_term_average": 221930
    }, 
    {
        "date": "2012-08-31", 
        "operating_revenue": 256995, 
        "accumulated_operating_revenue": 1774766, 
        "long_term_average": 221845, 
        "short_term_average": 232288
    }, 
    {
        "date": "2012-09-30", 
        "operating_revenue": 234343, 
        "accumulated_operating_revenue": 2009109, 
        "long_term_average": 223234, 
        "short_term_average": 234489
    }, 
    {
        "date": "2012-10-31", 
        "operating_revenue": 220180, 
        "accumulated_operating_revenue": 2229289, 
        "long_term_average": 222928, 
        "short_term_average": 237172
    }, 
    {
        "date": "2012-11-30", 
        "operating_revenue": 207908, 
        "accumulated_operating_revenue": 2437197, 
        "long_term_average": 221563, 
        "short_term_average": 220810
    }, 
    {
        "date": "2012-12-31", 
        "operating_revenue": 262785, 
        "accumulated_operating_revenue": 2699982, 
        "long_term_average": 224998, 
        "short_term_average": 230291
    }, 
    {
        "accumulated_operating_revenue_yoy": 30.287237108823128, 
        "accumulated_operating_revenue": 275736, 
        "long_term_average": 230340, 
        "date": "2013-01-31", 
        "operating_revenue": 275736, 
        "short_term_average": 248809
    }, 
    {
        "accumulated_operating_revenue_yoy": 16.518361952564756, 
        "accumulated_operating_revenue": 488424, 
        "long_term_average": 230768, 
        "date": "2013-02-28", 
        "operating_revenue": 212688, 
        "short_term_average": 250403
    }, 
    {
        "accumulated_operating_revenue_yoy": 11.838240901712188, 
        "accumulated_operating_revenue": 718573, 
        "long_term_average": 231337, 
        "date": "2013-03-31", 
        "operating_revenue": 230149, 
        "short_term_average": 239524
    }, 
    {
        "accumulated_operating_revenue_yoy": 10.144381492971071, 
        "accumulated_operating_revenue": 938407, 
        "long_term_average": 232200, 
        "date": "2013-04-30", 
        "operating_revenue": 219834, 
        "short_term_average": 220890
    }, 
    {
        "accumulated_operating_revenue_yoy": 9.987930245913121, 
        "accumulated_operating_revenue": 1185561, 
        "long_term_average": 233970, 
        "date": "2013-05-31", 
        "operating_revenue": 247154, 
        "short_term_average": 232379
    }, 
    {
        "accumulated_operating_revenue_yoy": 13.890265394545667, 
        "accumulated_operating_revenue": 1486998, 
        "long_term_average": 240111, 
        "date": "2013-06-30", 
        "operating_revenue": 301437, 
        "short_term_average": 256141
    }, 
    {
        "accumulated_operating_revenue_yoy": 13.72025160580878, 
        "accumulated_operating_revenue": 1726013, 
        "long_term_average": 242352, 
        "date": "2013-07-31", 
        "operating_revenue": 239015, 
        "short_term_average": 262535
    }, 
    {
        "accumulated_operating_revenue_yoy": 10.830667254161957, 
        "accumulated_operating_revenue": 1966985, 
        "long_term_average": 241016, 
        "date": "2013-08-31", 
        "operating_revenue": 240972, 
        "short_term_average": 260474
    }, 
    {
        "accumulated_operating_revenue_yoy": 10.146736687755617, 
        "accumulated_operating_revenue": 2212968, 
        "long_term_average": 241986, 
        "date": "2013-09-30", 
        "operating_revenue": 245983, 
        "short_term_average": 241990
    }, 
    {
        "accumulated_operating_revenue_yoy": 9.98206154518324, 
        "accumulated_operating_revenue": 2451818, 
        "long_term_average": 243542, 
        "date": "2013-10-31", 
        "operating_revenue": 238850, 
        "short_term_average": 241935
    }, 
    {
        "accumulated_operating_revenue_yoy": 10.393825365778802, 
        "accumulated_operating_revenue": 2690515, 
        "long_term_average": 246108, 
        "date": "2013-11-30", 
        "operating_revenue": 238697, 
        "short_term_average": 241176
    }, 
    {
        "accumulated_operating_revenue_yoy": 8.787836363353534, 
        "accumulated_operating_revenue": 2937252, 
        "long_term_average": 244771, 
        "date": "2013-12-31", 
        "operating_revenue": 246737, 
        "short_term_average": 241428
    }, 
    {
        "accumulated_operating_revenue_yoy": -6.914584965329156, 
        "accumulated_operating_revenue": 256670, 
        "long_term_average": 243182, 
        "date": "2014-01-31", 
        "operating_revenue": 256670, 
        "short_term_average": 247368
    }, 
    {
        "accumulated_operating_revenue_yoy": 1.5369842595777439, 
        "accumulated_operating_revenue": 495931, 
        "long_term_average": 245396, 
        "date": "2014-02-28", 
        "operating_revenue": 239261, 
        "short_term_average": 247556
    }, 
    {
        "accumulated_operating_revenue_yoy": 7.280540738380095, 
        "accumulated_operating_revenue": 770889, 
        "long_term_average": 249130, 
        "date": "2014-03-31", 
        "operating_revenue": 274958, 
        "short_term_average": 256963
    }, 
    {
        "accumulated_operating_revenue_yoy": 14.038791270738601, 
        "accumulated_operating_revenue": 1070148, 
        "long_term_average": 255749, 
        "date": "2014-04-30", 
        "operating_revenue": 299259, 
        "short_term_average": 271159
    }, 
    {
        "accumulated_operating_revenue_yoy": 11.482159079119505, 
        "accumulated_operating_revenue": 1321689, 
        "long_term_average": 256115, 
        "date": "2014-05-31", 
        "operating_revenue": 251541, 
        "short_term_average": 275252
    }, 
    {
        "accumulated_operating_revenue_yoy": 10.81642342491382, 
        "accumulated_operating_revenue": 1647838, 
        "long_term_average": 258174, 
        "date": "2014-06-30", 
        "operating_revenue": 326149, 
        "short_term_average": 292316
    }, 
    {
        "accumulated_operating_revenue_yoy": 10.35403557215386, 
        "accumulated_operating_revenue": 1904725, 
        "long_term_average": 259663, 
        "date": "2014-07-31", 
        "operating_revenue": 256887, 
        "short_term_average": 278192
    }, 
    {
        "accumulated_operating_revenue_yoy": 10.073386426434364, 
        "accumulated_operating_revenue": 2165127, 
        "long_term_average": 261282, 
        "date": "2014-08-31", 
        "operating_revenue": 260402, 
        "short_term_average": 281146
    }, 
    {
        "accumulated_operating_revenue_yoy": 11.589277386749378, 
        "accumulated_operating_revenue": 2469435, 
        "long_term_average": 266143, 
        "date": "2014-09-30", 
        "operating_revenue": 304308, 
        "short_term_average": 273865
    }, 
    {
        "accumulated_operating_revenue_yoy": 11.738065386582527, 
        "accumulated_operating_revenue": 2739614, 
        "long_term_average": 268754, 
        "date": "2014-10-31", 
        "operating_revenue": 270179, 
        "short_term_average": 278296
    }, 
    {
        "accumulated_operating_revenue_yoy": 16.395894466301062, 
        "accumulated_operating_revenue": 3131649, 
        "long_term_average": 281532, 
        "date": "2014-11-30", 
        "operating_revenue": 392035, 
        "short_term_average": 322174
    }, 
    {
        "accumulated_operating_revenue_yoy": 15.770318651583182, 
        "accumulated_operating_revenue": 3400466, 
        "long_term_average": 283372, 
        "date": "2014-12-31", 
        "operating_revenue": 268817, 
        "short_term_average": 310343
    }, 
    {
        "accumulated_operating_revenue_yoy": 10.36350177270425, 
        "accumulated_operating_revenue": 283270, 
        "long_term_average": 285588, 
        "date": "2015-01-31", 
        "operating_revenue": 283270, 
        "short_term_average": 314707
    }, 
    {
        "accumulated_operating_revenue_yoy": 14.270936884364962, 
        "accumulated_operating_revenue": 566705, 
        "long_term_average": 289270, 
        "date": "2015-02-28", 
        "operating_revenue": 283435, 
        "short_term_average": 278507
    }, 
    {
        "accumulated_operating_revenue_yoy": 9.195487288053144, 
        "accumulated_operating_revenue": 841776, 
        "long_term_average": 289279, 
        "date": "2015-03-31", 
        "operating_revenue": 275071, 
        "short_term_average": 280592
    }, 
    {
        "accumulated_operating_revenue_yoy": 4.10541345683027, 
        "accumulated_operating_revenue": 1114082, 
        "long_term_average": 287033, 
        "date": "2015-04-30", 
        "operating_revenue": 272306, 
        "short_term_average": 276937
    }, 
    {
        "accumulated_operating_revenue_yoy": 4.440605921665385, 
        "accumulated_operating_revenue": 1380380, 
        "long_term_average": 288263, 
        "date": "2015-05-31", 
        "operating_revenue": 266298, 
        "short_term_average": 271225
    }, 
    {
        "accumulated_operating_revenue_yoy": 2.7688401408390875, 
        "accumulated_operating_revenue": 1693464, 
        "long_term_average": 287174, 
        "date": "2015-06-30", 
        "operating_revenue": 313084, 
        "short_term_average": 283896
    }, 
    {
        "accumulated_operating_revenue_yoy": 2.917901534342228, 
        "accumulated_operating_revenue": 1960303, 
        "long_term_average": 288003, 
        "date": "2015-07-31", 
        "operating_revenue": 266839, 
        "short_term_average": 282073
    }, 
    {
        "accumulated_operating_revenue_yoy": 3.395366645928853, 
        "accumulated_operating_revenue": 2238641, 
        "long_term_average": 289498, 
        "date": "2015-08-31", 
        "operating_revenue": 278338, 
        "short_term_average": 286087
    }, 
    {
        "accumulated_operating_revenue_yoy": 1.4866963495698409, 
        "accumulated_operating_revenue": 2506148, 
        "long_term_average": 286431, 
        "date": "2015-09-30", 
        "operating_revenue": 267507, 
        "short_term_average": 270894
    }, 
    {
        "accumulated_operating_revenue_yoy": 1.7622920601223384, 
        "accumulated_operating_revenue": 2787894, 
        "long_term_average": 287395, 
        "date": "2015-10-31", 
        "operating_revenue": 281746, 
        "short_term_average": 275863
    }
]