[
    {
        "date": "2012-01-31", 
        "operating_revenue": 730224, 
        "accumulated_operating_revenue": 730224, 
        "long_term_average": 730224, 
        "short_term_average": 730224
    }, 
    {
        "date": "2012-02-29", 
        "operating_revenue": 732786, 
        "accumulated_operating_revenue": 1463010, 
        "long_term_average": 731505, 
        "short_term_average": 731505
    }, 
    {
        "date": "2012-03-31", 
        "operating_revenue": 699887, 
        "accumulated_operating_revenue": 2162897, 
        "long_term_average": 720965, 
        "short_term_average": 720965
    }, 
    {
        "date": "2012-04-30", 
        "operating_revenue": 724721, 
        "accumulated_operating_revenue": 2887618, 
        "long_term_average": 721904, 
        "short_term_average": 719131
    }, 
    {
        "date": "2012-05-31", 
        "operating_revenue": 722538, 
        "accumulated_operating_revenue": 3610156, 
        "long_term_average": 722031, 
        "short_term_average": 715715
    }, 
    {
        "date": "2012-06-30", 
        "operating_revenue": 498009, 
        "accumulated_operating_revenue": 4108165, 
        "long_term_average": 684694, 
        "short_term_average": 648422
    }, 
    {
        "date": "2012-07-31", 
        "operating_revenue": 1160170, 
        "accumulated_operating_revenue": 5268335, 
        "long_term_average": 752619, 
        "short_term_average": 793572
    }, 
    {
        "date": "2012-08-31", 
        "operating_revenue": 879789, 
        "accumulated_operating_revenue": 6148124, 
        "long_term_average": 768515, 
        "short_term_average": 845989
    }, 
    {
        "date": "2012-09-30", 
        "operating_revenue": 678911, 
        "accumulated_operating_revenue": 6827035, 
        "long_term_average": 758559, 
        "short_term_average": 906290
    }, 
    {
        "date": "2012-10-31", 
        "operating_revenue": 824001, 
        "accumulated_operating_revenue": 7651036, 
        "long_term_average": 765103, 
        "short_term_average": 794233
    }, 
    {
        "date": "2012-11-30", 
        "operating_revenue": 783316, 
        "accumulated_operating_revenue": 8434352, 
        "long_term_average": 766759, 
        "short_term_average": 762076
    }, 
    {
        "date": "2012-12-31", 
        "operating_revenue": 260598, 
        "accumulated_operating_revenue": 8694950, 
        "long_term_average": 724579, 
        "short_term_average": 622638
    }, 
    {
        "accumulated_operating_revenue_yoy": 7.309674839501304, 
        "accumulated_operating_revenue": 783601, 
        "long_term_average": 729027, 
        "date": "2013-01-31", 
        "operating_revenue": 783601, 
        "short_term_average": 609171
    }, 
    {
        "accumulated_operating_revenue_yoy": 10.992542771409628, 
        "accumulated_operating_revenue": 1623832, 
        "long_term_average": 737981, 
        "date": "2013-02-28", 
        "operating_revenue": 840231, 
        "short_term_average": 628143
    }, 
    {
        "accumulated_operating_revenue_yoy": 9.056834421611384, 
        "accumulated_operating_revenue": 2358787, 
        "long_term_average": 740903, 
        "date": "2013-03-31", 
        "operating_revenue": 734955, 
        "short_term_average": 786262
    }, 
    {
        "accumulated_operating_revenue_yoy": 10.998269161641186, 
        "accumulated_operating_revenue": 3205206, 
        "long_term_average": 751044, 
        "date": "2013-04-30", 
        "operating_revenue": 846419, 
        "short_term_average": 807201
    }, 
    {
        "accumulated_operating_revenue_yoy": 16.718585014054792, 
        "accumulated_operating_revenue": 4213723, 
        "long_term_average": 774876, 
        "date": "2013-05-31", 
        "operating_revenue": 1008517, 
        "short_term_average": 863297
    }, 
    {
        "accumulated_operating_revenue_yoy": 23.19933595656455, 
        "accumulated_operating_revenue": 5061232, 
        "long_term_average": 804001, 
        "date": "2013-06-30", 
        "operating_revenue": 847509, 
        "short_term_average": 900815
    }, 
    {
        "accumulated_operating_revenue_yoy": 12.706272475079889, 
        "accumulated_operating_revenue": 5937744, 
        "long_term_average": 780363, 
        "date": "2013-07-31", 
        "operating_revenue": 876512, 
        "short_term_average": 910846
    }, 
    {
        "accumulated_operating_revenue_yoy": 10.968565370509769, 
        "accumulated_operating_revenue": 6822485, 
        "long_term_average": 780775, 
        "date": "2013-08-31", 
        "operating_revenue": 884741, 
        "short_term_average": 869587
    }, 
    {
        "accumulated_operating_revenue_yoy": 12.316225125548646, 
        "accumulated_operating_revenue": 7667868, 
        "long_term_average": 794648, 
        "date": "2013-09-30", 
        "operating_revenue": 845383, 
        "short_term_average": 868878
    }, 
    {
        "accumulated_operating_revenue_yoy": 12.188702288160714, 
        "accumulated_operating_revenue": 8583598, 
        "long_term_average": 802292, 
        "date": "2013-10-31", 
        "operating_revenue": 915730, 
        "short_term_average": 881951
    }, 
    {
        "accumulated_operating_revenue_yoy": 12.45153154622904, 
        "accumulated_operating_revenue": 9484558, 
        "long_term_average": 812096, 
        "date": "2013-11-30", 
        "operating_revenue": 900960, 
        "short_term_average": 887357
    }, 
    {
        "accumulated_operating_revenue_yoy": 19.501089712994325, 
        "accumulated_operating_revenue": 10390560, 
        "long_term_average": 865880, 
        "date": "2013-12-31", 
        "operating_revenue": 906002, 
        "short_term_average": 907564
    }, 
    {
        "accumulated_operating_revenue_yoy": 19.818887418469348, 
        "accumulated_operating_revenue": 938902, 
        "long_term_average": 878821, 
        "date": "2014-01-31", 
        "operating_revenue": 938902, 
        "short_term_average": 915288
    }, 
    {
        "accumulated_operating_revenue_yoy": 7.850134743002971, 
        "accumulated_operating_revenue": 1751305, 
        "long_term_average": 876502, 
        "date": "2014-02-28", 
        "operating_revenue": 812403, 
        "short_term_average": 885769
    }, 
    {
        "accumulated_operating_revenue_yoy": 11.845367979389406, 
        "accumulated_operating_revenue": 2638194, 
        "long_term_average": 889163, 
        "date": "2014-03-31", 
        "operating_revenue": 886889, 
        "short_term_average": 879398
    }, 
    {
        "accumulated_operating_revenue_yoy": 9.232323913033982, 
        "accumulated_operating_revenue": 3501121, 
        "long_term_average": 890539, 
        "date": "2014-04-30", 
        "operating_revenue": 862927, 
        "short_term_average": 854073
    }, 
    {
        "accumulated_operating_revenue_yoy": 4.2951328314651915, 
        "accumulated_operating_revenue": 4394708, 
        "long_term_average": 880962, 
        "date": "2014-05-31", 
        "operating_revenue": 893587, 
        "short_term_average": 881134
    }, 
    {
        "accumulated_operating_revenue_yoy": 4.297273865335555, 
        "accumulated_operating_revenue": 5278727, 
        "long_term_average": 884004, 
        "date": "2014-06-30", 
        "operating_revenue": 884019, 
        "short_term_average": 880177
    }, 
    {
        "accumulated_operating_revenue_yoy": 5.357910344400163, 
        "accumulated_operating_revenue": 6255883, 
        "long_term_average": 892391, 
        "date": "2014-07-31", 
        "operating_revenue": 977156, 
        "short_term_average": 918254
    }, 
    {
        "accumulated_operating_revenue_yoy": 5.178963383576511, 
        "accumulated_operating_revenue": 7175819, 
        "long_term_average": 895324, 
        "date": "2014-08-31", 
        "operating_revenue": 919936, 
        "short_term_average": 927037
    }, 
    {
        "accumulated_operating_revenue_yoy": 4.608060545643196, 
        "accumulated_operating_revenue": 8021208, 
        "long_term_average": 895325, 
        "date": "2014-09-30", 
        "operating_revenue": 845389, 
        "short_term_average": 914160
    }, 
    {
        "accumulated_operating_revenue_yoy": -5.378584853400654, 
        "accumulated_operating_revenue": 8974423, 
        "long_term_average": 898448, 
        "date": "2014-11-30", 
        "operating_revenue": 953215, 
        "short_term_average": 906180
    }, 
    {
        "accumulated_operating_revenue_yoy": -3.960498760413298, 
        "accumulated_operating_revenue": 9979042, 
        "long_term_average": 907087, 
        "date": "2014-12-31", 
        "operating_revenue": 1004619, 
        "short_term_average": 934407
    }, 
    {
        "accumulated_operating_revenue_yoy": -2.479918031913874, 
        "accumulated_operating_revenue": 915618, 
        "long_term_average": 907888, 
        "date": "2015-01-31", 
        "operating_revenue": 915618, 
        "short_term_average": 957817
    }, 
    {
        "accumulated_operating_revenue_yoy": 1.4899746189270286, 
        "accumulated_operating_revenue": 1777399, 
        "long_term_average": 901461, 
        "date": "2015-02-28", 
        "operating_revenue": 861781, 
        "short_term_average": 927339
    }, 
    {
        "accumulated_operating_revenue_yoy": 1.4674432585321626, 
        "accumulated_operating_revenue": 2676908, 
        "long_term_average": 908720, 
        "date": "2015-03-31", 
        "operating_revenue": 899509, 
        "short_term_average": 892302
    }, 
    {
        "accumulated_operating_revenue_yoy": -0.26208748569386775, 
        "accumulated_operating_revenue": 3491945, 
        "long_term_average": 902732, 
        "date": "2015-04-30", 
        "operating_revenue": 815037, 
        "short_term_average": 858775
    }, 
    {
        "accumulated_operating_revenue_yoy": 1.1487680182619642, 
        "accumulated_operating_revenue": 4445193, 
        "long_term_average": 910259, 
        "date": "2015-05-31", 
        "operating_revenue": 953248, 
        "short_term_average": 889264
    }, 
    {
        "accumulated_operating_revenue_yoy": 0.13758999092015933, 
        "accumulated_operating_revenue": 5285990, 
        "long_term_average": 905860, 
        "date": "2015-06-30", 
        "operating_revenue": 840797, 
        "short_term_average": 869694
    }, 
    {
        "accumulated_operating_revenue_yoy": 2.6023664445131085, 
        "accumulated_operating_revenue": 6418684, 
        "long_term_average": 926583, 
        "date": "2015-07-31", 
        "operating_revenue": 1132694, 
        "short_term_average": 975579
    }, 
    {
        "accumulated_operating_revenue_yoy": 3.4443037094441764, 
        "accumulated_operating_revenue": 7422976, 
        "long_term_average": 928844, 
        "date": "2015-08-31", 
        "operating_revenue": 1004292, 
        "short_term_average": 992594
    }, 
    {
        "accumulated_operating_revenue_yoy": 4.780925765794878, 
        "accumulated_operating_revenue": 8404696, 
        "long_term_average": 933993, 
        "date": "2015-09-30", 
        "operating_revenue": 981720, 
        "short_term_average": 1039568
    }
]