[
    {
        "date": "2012-01-31", 
        "operating_revenue": 24041, 
        "accumulated_operating_revenue": 24041, 
        "long_term_average": 24041, 
        "short_term_average": 24041
    }, 
    {
        "date": "2012-02-29", 
        "operating_revenue": 11202, 
        "accumulated_operating_revenue": 35243, 
        "long_term_average": 17621, 
        "short_term_average": 17621
    }, 
    {
        "date": "2012-03-31", 
        "operating_revenue": 10638, 
        "accumulated_operating_revenue": 45881, 
        "long_term_average": 15293, 
        "short_term_average": 15293
    }, 
    {
        "date": "2012-04-30", 
        "operating_revenue": 6181, 
        "accumulated_operating_revenue": 52062, 
        "long_term_average": 13015, 
        "short_term_average": 9340
    }, 
    {
        "date": "2012-05-31", 
        "operating_revenue": 9681, 
        "accumulated_operating_revenue": 61743, 
        "long_term_average": 12348, 
        "short_term_average": 8833
    }, 
    {
        "date": "2012-06-30", 
        "operating_revenue": 5151, 
        "accumulated_operating_revenue": 66894, 
        "long_term_average": 11149, 
        "short_term_average": 7004
    }, 
    {
        "date": "2012-07-31", 
        "operating_revenue": 21574, 
        "accumulated_operating_revenue": 88468, 
        "long_term_average": 12638, 
        "short_term_average": 12135
    }, 
    {
        "date": "2012-08-31", 
        "operating_revenue": 11018, 
        "accumulated_operating_revenue": 99486, 
        "long_term_average": 12435, 
        "short_term_average": 12581
    }, 
    {
        "date": "2012-09-30", 
        "operating_revenue": 4085, 
        "accumulated_operating_revenue": 103571, 
        "long_term_average": 11507, 
        "short_term_average": 12225
    }, 
    {
        "date": "2012-10-31", 
        "operating_revenue": 46450, 
        "accumulated_operating_revenue": 150021, 
        "long_term_average": 15002, 
        "short_term_average": 20517
    }, 
    {
        "date": "2012-11-30", 
        "operating_revenue": 28687, 
        "accumulated_operating_revenue": 178708, 
        "long_term_average": 16246, 
        "short_term_average": 26407
    }, 
    {
        "date": "2012-12-31", 
        "operating_revenue": 203014, 
        "accumulated_operating_revenue": 381722, 
        "long_term_average": 31810, 
        "short_term_average": 92717
    }, 
    {
        "accumulated_operating_revenue_yoy": -72.2141341874298, 
        "accumulated_operating_revenue": 6680, 
        "long_term_average": 30363, 
        "date": "2013-01-31", 
        "operating_revenue": 6680, 
        "short_term_average": 79460
    }, 
    {
        "accumulated_operating_revenue_yoy": -50.05249269358454, 
        "accumulated_operating_revenue": 17603, 
        "long_term_average": 30340, 
        "date": "2013-02-28", 
        "operating_revenue": 10923, 
        "short_term_average": 73539
    }, 
    {
        "accumulated_operating_revenue_yoy": -43.13550271354155, 
        "accumulated_operating_revenue": 26090, 
        "long_term_average": 30160, 
        "date": "2013-03-31", 
        "operating_revenue": 8487, 
        "short_term_average": 8696
    }, 
    {
        "accumulated_operating_revenue_yoy": -13.03637970112558, 
        "accumulated_operating_revenue": 45275, 
        "long_term_average": 31244, 
        "date": "2013-04-30", 
        "operating_revenue": 19185, 
        "short_term_average": 12865
    }, 
    {
        "accumulated_operating_revenue_yoy": -19.268581053722688, 
        "accumulated_operating_revenue": 49846, 
        "long_term_average": 30818, 
        "date": "2013-05-31", 
        "operating_revenue": 4571, 
        "short_term_average": 10747
    }, 
    {
        "accumulated_operating_revenue_yoy": 545.3658026130894, 
        "accumulated_operating_revenue": 431711, 
        "long_term_average": 62211, 
        "date": "2013-06-30", 
        "operating_revenue": 381865, 
        "short_term_average": 135207
    }, 
    {
        "accumulated_operating_revenue_yoy": 395.27173667314736, 
        "accumulated_operating_revenue": 438157, 
        "long_term_average": 60950, 
        "date": "2013-07-31", 
        "operating_revenue": 6446, 
        "short_term_average": 130960
    }, 
    {
        "accumulated_operating_revenue_yoy": 379.92380837504777, 
        "accumulated_operating_revenue": 477457, 
        "long_term_average": 63307, 
        "date": "2013-08-31", 
        "operating_revenue": 39300, 
        "short_term_average": 142537
    }, 
    {
        "accumulated_operating_revenue_yoy": 1624.180513850402, 
        "accumulated_operating_revenue": 1785751, 
        "long_term_average": 171991, 
        "date": "2013-09-30", 
        "operating_revenue": 1308294, 
        "short_term_average": 451346
    }, 
    {
        "accumulated_operating_revenue_yoy": 1145.424973836996, 
        "accumulated_operating_revenue": 1868399, 
        "long_term_average": 175008, 
        "date": "2013-10-31", 
        "operating_revenue": 82648, 
        "short_term_average": 476747
    }, 
    {
        "accumulated_operating_revenue_yoy": 951.2064373167401, 
        "accumulated_operating_revenue": 1878590, 
        "long_term_average": 173467, 
        "date": "2013-11-30", 
        "operating_revenue": 10191, 
        "short_term_average": 467044
    }, 
    {
        "accumulated_operating_revenue_yoy": 560.5555875742033, 
        "accumulated_operating_revenue": 2521486, 
        "long_term_average": 210123, 
        "date": "2013-12-31", 
        "operating_revenue": 642896, 
        "short_term_average": 245245
    }, 
    {
        "accumulated_operating_revenue_yoy": 1651.0928143712576, 
        "accumulated_operating_revenue": 116973, 
        "long_term_average": 219314, 
        "date": "2014-01-31", 
        "operating_revenue": 116973, 
        "short_term_average": 256686
    }, 
    {
        "accumulated_operating_revenue_yoy": 619.547804351531, 
        "accumulated_operating_revenue": 126662, 
        "long_term_average": 219212, 
        "date": "2014-02-28", 
        "operating_revenue": 9689, 
        "short_term_average": 256519
    }, 
    {
        "accumulated_operating_revenue_yoy": 530.7014181678804, 
        "accumulated_operating_revenue": 164550, 
        "long_term_average": 221662, 
        "date": "2014-03-31", 
        "operating_revenue": 37888, 
        "short_term_average": 54850
    }, 
    {
        "accumulated_operating_revenue_yoy": 285.9988956377692, 
        "accumulated_operating_revenue": 174761, 
        "long_term_average": 220914, 
        "date": "2014-04-30", 
        "operating_revenue": 10211, 
        "short_term_average": 19262
    }, 
    {
        "accumulated_operating_revenue_yoy": 356.62640934076956, 
        "accumulated_operating_revenue": 227610, 
        "long_term_average": 224937, 
        "date": "2014-05-31", 
        "operating_revenue": 52849, 
        "short_term_average": 33649
    }, 
    {
        "accumulated_operating_revenue_yoy": -42.83907521466907, 
        "accumulated_operating_revenue": 246770, 
        "long_term_average": 194712, 
        "date": "2014-06-30", 
        "operating_revenue": 19160, 
        "short_term_average": 27406
    }, 
    {
        "accumulated_operating_revenue_yoy": -37.997795310813245, 
        "accumulated_operating_revenue": 271667, 
        "long_term_average": 196249, 
        "date": "2014-07-31", 
        "operating_revenue": 24897, 
        "short_term_average": 32302
    }, 
    {
        "accumulated_operating_revenue_yoy": -36.53418004134404, 
        "accumulated_operating_revenue": 303022, 
        "long_term_average": 195587, 
        "date": "2014-08-31", 
        "operating_revenue": 31355, 
        "short_term_average": 25137
    }, 
    {
        "accumulated_operating_revenue_yoy": -81.95873892832763, 
        "accumulated_operating_revenue": 322172, 
        "long_term_average": 88158, 
        "date": "2014-09-30", 
        "operating_revenue": 19150, 
        "short_term_average": 25134
    }, 
    {
        "accumulated_operating_revenue_yoy": -20.22630069915473, 
        "accumulated_operating_revenue": 1490491, 
        "long_term_average": 178631, 
        "date": "2014-10-31", 
        "operating_revenue": 1168319, 
        "short_term_average": 406274
    }, 
    {
        "accumulated_operating_revenue_yoy": -19.394545909432072, 
        "accumulated_operating_revenue": 1514246, 
        "long_term_average": 179761, 
        "date": "2014-11-30", 
        "operating_revenue": 23755, 
        "short_term_average": 403741
    }, 
    {
        "accumulated_operating_revenue_yoy": -29.08324694247757, 
        "accumulated_operating_revenue": 1788156, 
        "long_term_average": 149013, 
        "date": "2014-12-31", 
        "operating_revenue": 273910, 
        "short_term_average": 488661
    }, 
    {
        "accumulated_operating_revenue_yoy": -75.61659528267207, 
        "accumulated_operating_revenue": 28522, 
        "long_term_average": 141642, 
        "date": "2015-01-31", 
        "operating_revenue": 28522, 
        "short_term_average": 108729
    }, 
    {
        "accumulated_operating_revenue_yoy": -52.26903096429868, 
        "accumulated_operating_revenue": 60457, 
        "long_term_average": 143495, 
        "date": "2015-02-28", 
        "operating_revenue": 31935, 
        "short_term_average": 111455
    }, 
    {
        "accumulated_operating_revenue_yoy": -48.76147067760559, 
        "accumulated_operating_revenue": 84313, 
        "long_term_average": 142326, 
        "date": "2015-03-31", 
        "operating_revenue": 23856, 
        "short_term_average": 28104
    }, 
    {
        "accumulated_operating_revenue_yoy": -37.80305674607035, 
        "accumulated_operating_revenue": 108696, 
        "long_term_average": 143507, 
        "date": "2015-04-30", 
        "operating_revenue": 24383, 
        "short_term_average": 26724
    }, 
    {
        "accumulated_operating_revenue_yoy": -42.10140152014411, 
        "accumulated_operating_revenue": 131783, 
        "long_term_average": 141027, 
        "date": "2015-05-31", 
        "operating_revenue": 23087, 
        "short_term_average": 23775
    }, 
    {
        "accumulated_operating_revenue_yoy": -5.713417352190299, 
        "accumulated_operating_revenue": 232671, 
        "long_term_average": 147838, 
        "date": "2015-06-30", 
        "operating_revenue": 100888, 
        "short_term_average": 49452
    }, 
    {
        "accumulated_operating_revenue_yoy": 18.82120390036331, 
        "accumulated_operating_revenue": 322798, 
        "long_term_average": 153273, 
        "date": "2015-07-31", 
        "operating_revenue": 90127, 
        "short_term_average": 71367
    }, 
    {
        "accumulated_operating_revenue_yoy": 14.0986463029087, 
        "accumulated_operating_revenue": 345744, 
        "long_term_average": 152573, 
        "date": "2015-08-31", 
        "operating_revenue": 22946, 
        "short_term_average": 71320
    }
]