[
    {
        "date": "2012-01-31", 
        "operating_revenue": 725672, 
        "accumulated_operating_revenue": 725672, 
        "long_term_average": 725672, 
        "short_term_average": 725672
    }, 
    {
        "date": "2012-02-29", 
        "operating_revenue": 749703, 
        "accumulated_operating_revenue": 1475375, 
        "long_term_average": 737687, 
        "short_term_average": 737687
    }, 
    {
        "date": "2012-03-31", 
        "operating_revenue": 729607, 
        "accumulated_operating_revenue": 2204982, 
        "long_term_average": 734994, 
        "short_term_average": 734994
    }, 
    {
        "date": "2012-04-30", 
        "operating_revenue": 630447, 
        "accumulated_operating_revenue": 2835429, 
        "long_term_average": 708857, 
        "short_term_average": 703252
    }, 
    {
        "date": "2012-05-31", 
        "operating_revenue": 633912, 
        "accumulated_operating_revenue": 3469341, 
        "long_term_average": 693868, 
        "short_term_average": 664655
    }, 
    {
        "date": "2012-06-30", 
        "operating_revenue": 664047, 
        "accumulated_operating_revenue": 4133388, 
        "long_term_average": 688898, 
        "short_term_average": 642802
    }, 
    {
        "date": "2012-07-31", 
        "operating_revenue": 779297, 
        "accumulated_operating_revenue": 4912685, 
        "long_term_average": 701812, 
        "short_term_average": 692418
    }, 
    {
        "date": "2012-08-31", 
        "operating_revenue": 656366, 
        "accumulated_operating_revenue": 5569051, 
        "long_term_average": 696131, 
        "short_term_average": 699903
    }, 
    {
        "date": "2012-09-30", 
        "operating_revenue": 698555, 
        "accumulated_operating_revenue": 6267606, 
        "long_term_average": 696400, 
        "short_term_average": 711406
    }, 
    {
        "date": "2012-10-31", 
        "operating_revenue": 677801, 
        "accumulated_operating_revenue": 6945407, 
        "long_term_average": 694540, 
        "short_term_average": 677574
    }, 
    {
        "date": "2012-11-30", 
        "operating_revenue": 690131, 
        "accumulated_operating_revenue": 7635538, 
        "long_term_average": 694139, 
        "short_term_average": 688829
    }, 
    {
        "date": "2012-12-31", 
        "operating_revenue": 873247, 
        "accumulated_operating_revenue": 8508785, 
        "long_term_average": 709065, 
        "short_term_average": 747059
    }, 
    {
        "accumulated_operating_revenue_yoy": 15.99372719355301, 
        "accumulated_operating_revenue": 841734, 
        "long_term_average": 718737, 
        "date": "2013-01-31", 
        "operating_revenue": 841734, 
        "short_term_average": 801704
    }, 
    {
        "accumulated_operating_revenue_yoy": 4.861814792849276, 
        "accumulated_operating_revenue": 1547105, 
        "long_term_average": 715042, 
        "date": "2013-02-28", 
        "operating_revenue": 705371, 
        "short_term_average": 806784
    }, 
    {
        "accumulated_operating_revenue_yoy": 5.301993394957419, 
        "accumulated_operating_revenue": 2321890, 
        "long_term_average": 718807, 
        "date": "2013-03-31", 
        "operating_revenue": 774785, 
        "short_term_average": 773963
    }, 
    {
        "accumulated_operating_revenue_yoy": 10.72370353833582, 
        "accumulated_operating_revenue": 3139492, 
        "long_term_average": 734404, 
        "date": "2013-04-30", 
        "operating_revenue": 817602, 
        "short_term_average": 765919
    }, 
    {
        "accumulated_operating_revenue_yoy": 14.047739902188916, 
        "accumulated_operating_revenue": 3956705, 
        "long_term_average": 749679, 
        "date": "2013-05-31", 
        "operating_revenue": 817213, 
        "short_term_average": 803200
    }, 
    {
        "accumulated_operating_revenue_yoy": 13.212889765006333, 
        "accumulated_operating_revenue": 4679528, 
        "long_term_average": 754577, 
        "date": "2013-06-30", 
        "operating_revenue": 722823, 
        "short_term_average": 785879
    }, 
    {
        "accumulated_operating_revenue_yoy": 11.838902758878293, 
        "accumulated_operating_revenue": 5494293, 
        "long_term_average": 757532, 
        "date": "2013-07-31", 
        "operating_revenue": 814765, 
        "short_term_average": 784933
    }, 
    {
        "accumulated_operating_revenue_yoy": 13.557426570523415, 
        "accumulated_operating_revenue": 6324071, 
        "long_term_average": 771983, 
        "date": "2013-08-31", 
        "operating_revenue": 829778, 
        "short_term_average": 789122
    }, 
    {
        "accumulated_operating_revenue_yoy": 13.358018994812374, 
        "accumulated_operating_revenue": 7104834, 
        "long_term_average": 778834, 
        "date": "2013-09-30", 
        "operating_revenue": 780763, 
        "short_term_average": 808435
    }, 
    {
        "accumulated_operating_revenue_yoy": 13.737625455210903, 
        "accumulated_operating_revenue": 7899541, 
        "long_term_average": 788576, 
        "date": "2013-10-31", 
        "operating_revenue": 794707, 
        "short_term_average": 801749
    }, 
    {
        "accumulated_operating_revenue_yoy": 14.569019236103598, 
        "accumulated_operating_revenue": 8747961, 
        "long_term_average": 801767, 
        "date": "2013-11-30", 
        "operating_revenue": 848420, 
        "short_term_average": 807963
    }, 
    {
        "accumulated_operating_revenue_yoy": 11.412181645205514, 
        "accumulated_operating_revenue": 9479823, 
        "long_term_average": 789985, 
        "date": "2013-12-31", 
        "operating_revenue": 731862, 
        "short_term_average": 791663
    }, 
    {
        "accumulated_operating_revenue_yoy": 18.32835551373712, 
        "accumulated_operating_revenue": 996010, 
        "long_term_average": 802841, 
        "date": "2014-01-31", 
        "operating_revenue": 996010, 
        "short_term_average": 858764
    }, 
    {
        "accumulated_operating_revenue_yoy": 16.217645214772105, 
        "accumulated_operating_revenue": 1798009, 
        "long_term_average": 810893, 
        "date": "2014-02-28", 
        "operating_revenue": 801999, 
        "short_term_average": 843290
    }, 
    {
        "accumulated_operating_revenue_yoy": 17.414520067703464, 
        "accumulated_operating_revenue": 2726236, 
        "long_term_average": 823680, 
        "date": "2014-03-31", 
        "operating_revenue": 928227, 
        "short_term_average": 908745
    }, 
    {
        "accumulated_operating_revenue_yoy": 13.672721574063573, 
        "accumulated_operating_revenue": 3568746, 
        "long_term_average": 825756, 
        "date": "2014-04-30", 
        "operating_revenue": 842510, 
        "short_term_average": 857578
    }, 
    {
        "accumulated_operating_revenue_yoy": 11.869927123705203, 
        "accumulated_operating_revenue": 4426363, 
        "long_term_average": 829123, 
        "date": "2014-05-31", 
        "operating_revenue": 857617, 
        "short_term_average": 876118
    }, 
    {
        "accumulated_operating_revenue_yoy": 13.136367599467297, 
        "accumulated_operating_revenue": 5294248, 
        "long_term_average": 841211, 
        "date": "2014-06-30", 
        "operating_revenue": 867885, 
        "short_term_average": 856004
    }, 
    {
        "accumulated_operating_revenue_yoy": 14.734015823327951, 
        "accumulated_operating_revenue": 6303823, 
        "long_term_average": 857446, 
        "date": "2014-07-31", 
        "operating_revenue": 1009575, 
        "short_term_average": 911692
    }, 
    {
        "accumulated_operating_revenue_yoy": 13.54192576269305, 
        "accumulated_operating_revenue": 7180472, 
        "long_term_average": 861352, 
        "date": "2014-08-31", 
        "operating_revenue": 876649, 
        "short_term_average": 918036
    }, 
    {
        "accumulated_operating_revenue_yoy": 13.537599893255775, 
        "accumulated_operating_revenue": 8066658, 
        "long_term_average": 870137, 
        "date": "2014-09-30", 
        "operating_revenue": 886186, 
        "short_term_average": 924136
    }, 
    {
        "accumulated_operating_revenue_yoy": 12.988172350773292, 
        "accumulated_operating_revenue": 8925547, 
        "long_term_average": 875485, 
        "date": "2014-10-31", 
        "operating_revenue": 858889, 
        "short_term_average": 873908
    }, 
    {
        "accumulated_operating_revenue_yoy": 13.174521468488484, 
        "accumulated_operating_revenue": 9900463, 
        "long_term_average": 886027, 
        "date": "2014-11-30", 
        "operating_revenue": 974916, 
        "short_term_average": 906663
    }, 
    {
        "accumulated_operating_revenue_yoy": 14.665115582854238, 
        "accumulated_operating_revenue": 10870050, 
        "long_term_average": 905837, 
        "date": "2014-12-31", 
        "operating_revenue": 969587, 
        "short_term_average": 934464
    }, 
    {
        "accumulated_operating_revenue_yoy": -10.48513569140872, 
        "accumulated_operating_revenue": 891577, 
        "long_term_average": 897134, 
        "date": "2015-01-31", 
        "operating_revenue": 891577, 
        "short_term_average": 945360
    }, 
    {
        "accumulated_operating_revenue_yoy": -4.07178162067042, 
        "accumulated_operating_revenue": 1724798, 
        "long_term_average": 899736, 
        "date": "2015-02-28", 
        "operating_revenue": 833221, 
        "short_term_average": 898128
    }, 
    {
        "accumulated_operating_revenue_yoy": -1.2841881627269247, 
        "accumulated_operating_revenue": 2691226, 
        "long_term_average": 902920, 
        "date": "2015-03-31", 
        "operating_revenue": 966428, 
        "short_term_average": 897075
    }, 
    {
        "accumulated_operating_revenue_yoy": 1.5279036389813117, 
        "accumulated_operating_revenue": 3623273, 
        "long_term_average": 910381, 
        "date": "2015-04-30", 
        "operating_revenue": 932047, 
        "short_term_average": 910565
    }, 
    {
        "accumulated_operating_revenue_yoy": 1.7218651068608697, 
        "accumulated_operating_revenue": 4502579, 
        "long_term_average": 912188, 
        "date": "2015-05-31", 
        "operating_revenue": 879306, 
        "short_term_average": 925927
    }, 
    {
        "accumulated_operating_revenue_yoy": 2.7380848044897026, 
        "accumulated_operating_revenue": 5439209, 
        "long_term_average": 917917, 
        "date": "2015-06-30", 
        "operating_revenue": 936630, 
        "short_term_average": 915994
    }, 
    {
        "accumulated_operating_revenue_yoy": 1.1887072336897784, 
        "accumulated_operating_revenue": 6378757, 
        "long_term_average": 912082, 
        "date": "2015-07-31", 
        "operating_revenue": 939548, 
        "short_term_average": 918494
    }, 
    {
        "accumulated_operating_revenue_yoy": 3.7289192131102245, 
        "accumulated_operating_revenue": 7448226, 
        "long_term_average": 928150, 
        "date": "2015-08-31", 
        "operating_revenue": 1069469, 
        "short_term_average": 981882
    }, 
    {
        "accumulated_operating_revenue_yoy": 4.254091347370869, 
        "accumulated_operating_revenue": 8409821, 
        "long_term_average": 934434, 
        "date": "2015-09-30", 
        "operating_revenue": 961595, 
        "short_term_average": 990204
    }
]