[
    {
        "date": "2012-01-31", 
        "operating_revenue": 853381, 
        "accumulated_operating_revenue": 853381, 
        "long_term_average": 853381, 
        "short_term_average": 853381
    }, 
    {
        "date": "2012-02-29", 
        "operating_revenue": -1962, 
        "accumulated_operating_revenue": 851419, 
        "long_term_average": 425709, 
        "short_term_average": 425709
    }, 
    {
        "date": "2012-03-31", 
        "operating_revenue": 1004022, 
        "accumulated_operating_revenue": 1855441, 
        "long_term_average": 618480, 
        "short_term_average": 618480
    }, 
    {
        "date": "2012-04-30", 
        "operating_revenue": 853789, 
        "accumulated_operating_revenue": 2709230, 
        "long_term_average": 677307, 
        "short_term_average": 618616
    }, 
    {
        "date": "2012-05-31", 
        "operating_revenue": 1008499, 
        "accumulated_operating_revenue": 3717729, 
        "long_term_average": 743545, 
        "short_term_average": 955436
    }, 
    {
        "date": "2012-06-30", 
        "operating_revenue": 820731, 
        "accumulated_operating_revenue": 4538460, 
        "long_term_average": 756410, 
        "short_term_average": 894339
    }, 
    {
        "date": "2012-07-31", 
        "operating_revenue": 816233, 
        "accumulated_operating_revenue": 5354693, 
        "long_term_average": 764956, 
        "short_term_average": 881821
    }, 
    {
        "date": "2012-08-31", 
        "operating_revenue": 814310, 
        "accumulated_operating_revenue": 6169003, 
        "long_term_average": 771125, 
        "short_term_average": 817091
    }, 
    {
        "date": "2012-09-30", 
        "operating_revenue": 661949, 
        "accumulated_operating_revenue": 6830952, 
        "long_term_average": 758994, 
        "short_term_average": 764164
    }, 
    {
        "date": "2012-10-31", 
        "operating_revenue": 586802, 
        "accumulated_operating_revenue": 7417754, 
        "long_term_average": 741775, 
        "short_term_average": 687687
    }, 
    {
        "date": "2012-11-30", 
        "operating_revenue": 747325, 
        "accumulated_operating_revenue": 8165079, 
        "long_term_average": 742279, 
        "short_term_average": 665358
    }, 
    {
        "date": "2012-12-31", 
        "operating_revenue": 516470, 
        "accumulated_operating_revenue": 8681549, 
        "long_term_average": 723462, 
        "short_term_average": 616865
    }, 
    {
        "accumulated_operating_revenue_yoy": 4.161564412612889, 
        "accumulated_operating_revenue": 888895, 
        "long_term_average": 726421, 
        "date": "2013-01-31", 
        "operating_revenue": 888895, 
        "short_term_average": 717563
    }, 
    {
        "accumulated_operating_revenue_yoy": 90.76858749922188, 
        "accumulated_operating_revenue": 1624240, 
        "long_term_average": 787864, 
        "date": "2013-02-28", 
        "operating_revenue": 735345, 
        "short_term_average": 713570
    }, 
    {
        "accumulated_operating_revenue_yoy": 31.714993901719325, 
        "accumulated_operating_revenue": 2443894, 
        "long_term_average": 772500, 
        "date": "2013-03-31", 
        "operating_revenue": 819654, 
        "short_term_average": 814631
    }, 
    {
        "accumulated_operating_revenue_yoy": 30.01081488098094, 
        "accumulated_operating_revenue": 3522292, 
        "long_term_average": 791217, 
        "date": "2013-04-30", 
        "operating_revenue": 1078398, 
        "short_term_average": 877799
    }, 
    {
        "accumulated_operating_revenue_yoy": 21.236970204121924, 
        "accumulated_operating_revenue": 4507262, 
        "long_term_average": 789256, 
        "date": "2013-05-31", 
        "operating_revenue": 984970, 
        "short_term_average": 961007
    }, 
    {
        "accumulated_operating_revenue_yoy": 20.144278015009498, 
        "accumulated_operating_revenue": 5452700, 
        "long_term_average": 799649, 
        "date": "2013-06-30", 
        "operating_revenue": 945438, 
        "short_term_average": 1002935
    }, 
    {
        "accumulated_operating_revenue_yoy": 15.945937516866046, 
        "accumulated_operating_revenue": 6208549, 
        "long_term_average": 794617, 
        "date": "2013-07-31", 
        "operating_revenue": 755849, 
        "short_term_average": 895419
    }, 
    {
        "accumulated_operating_revenue_yoy": 13.312134878196687, 
        "accumulated_operating_revenue": 6990229, 
        "long_term_average": 791897, 
        "date": "2013-08-31", 
        "operating_revenue": 781680, 
        "short_term_average": 827655
    }, 
    {
        "accumulated_operating_revenue_yoy": 13.450292140831907, 
        "accumulated_operating_revenue": 7749735, 
        "long_term_average": 800027, 
        "date": "2013-09-30", 
        "operating_revenue": 759506, 
        "short_term_average": 765678
    }, 
    {
        "accumulated_operating_revenue_yoy": 14.293720174597324, 
        "accumulated_operating_revenue": 8478027, 
        "long_term_average": 811818, 
        "date": "2013-10-31", 
        "operating_revenue": 728292, 
        "short_term_average": 756492
    }, 
    {
        "accumulated_operating_revenue_yoy": 12.598298191603535, 
        "accumulated_operating_revenue": 9193740, 
        "long_term_average": 809184, 
        "date": "2013-11-30", 
        "operating_revenue": 715713, 
        "short_term_average": 734503
    }, 
    {
        "accumulated_operating_revenue_yoy": 15.03995427544094, 
        "accumulated_operating_revenue": 9987250, 
        "long_term_average": 832270, 
        "date": "2013-12-31", 
        "operating_revenue": 793510, 
        "short_term_average": 745838
    }, 
    {
        "accumulated_operating_revenue_yoy": 10.538590047193425, 
        "accumulated_operating_revenue": 982572, 
        "long_term_average": 840077, 
        "date": "2014-01-31", 
        "operating_revenue": 982572, 
        "short_term_average": 830598
    }, 
    {
        "accumulated_operating_revenue_yoy": 15.977626459143968, 
        "accumulated_operating_revenue": 1883755, 
        "long_term_average": 853897, 
        "date": "2014-02-28", 
        "operating_revenue": 901183, 
        "short_term_average": 892421
    }, 
    {
        "accumulated_operating_revenue_yoy": 17.64548707922684, 
        "accumulated_operating_revenue": 2875131, 
        "long_term_average": 868207, 
        "date": "2014-03-31", 
        "operating_revenue": 991376, 
        "short_term_average": 958377
    }, 
    {
        "accumulated_operating_revenue_yoy": 3.6116823931689934, 
        "accumulated_operating_revenue": 3649506, 
        "long_term_average": 842872, 
        "date": "2014-04-30", 
        "operating_revenue": 774375, 
        "short_term_average": 888978
    }, 
    {
        "accumulated_operating_revenue_yoy": 0.22621272071603557, 
        "accumulated_operating_revenue": 4517458, 
        "long_term_average": 833120, 
        "date": "2014-05-31", 
        "operating_revenue": 867952, 
        "short_term_average": 877901
    }, 
    {
        "accumulated_operating_revenue_yoy": -0.6369138225099492, 
        "accumulated_operating_revenue": 5417971, 
        "long_term_average": 829376, 
        "date": "2014-06-30", 
        "operating_revenue": 900513, 
        "short_term_average": 847613
    }, 
    {
        "accumulated_operating_revenue_yoy": 1.1846890473120208, 
        "accumulated_operating_revenue": 6282101, 
        "long_term_average": 838400, 
        "date": "2014-07-31", 
        "operating_revenue": 864130, 
        "short_term_average": 877531
    }, 
    {
        "accumulated_operating_revenue_yoy": 0.8626326834213872, 
        "accumulated_operating_revenue": 7050529, 
        "long_term_average": 837295, 
        "date": "2014-08-31", 
        "operating_revenue": 768428, 
        "short_term_average": 844357
    }, 
    {
        "accumulated_operating_revenue_yoy": 2.872562739242052, 
        "accumulated_operating_revenue": 7972351, 
        "long_term_average": 850822, 
        "date": "2014-09-30", 
        "operating_revenue": 921822, 
        "short_term_average": 851460
    }, 
    {
        "accumulated_operating_revenue_yoy": 2.9588134126017764, 
        "accumulated_operating_revenue": 8728876, 
        "long_term_average": 853174, 
        "date": "2014-10-31", 
        "operating_revenue": 756525, 
        "short_term_average": 815591
    }, 
    {
        "accumulated_operating_revenue_yoy": 4.265870037656057, 
        "accumulated_operating_revenue": 9585933, 
        "long_term_average": 864953, 
        "date": "2014-11-30", 
        "operating_revenue": 857057, 
        "short_term_average": 845134
    }, 
    {
        "accumulated_operating_revenue_yoy": 4.536774387343864, 
        "accumulated_operating_revenue": 10440349, 
        "long_term_average": 870029, 
        "date": "2014-12-31", 
        "operating_revenue": 854416, 
        "short_term_average": 822666
    }, 
    {
        "accumulated_operating_revenue_yoy": -8.571076725166197, 
        "accumulated_operating_revenue": 898355, 
        "long_term_average": 863011, 
        "date": "2015-01-31", 
        "operating_revenue": 898355, 
        "short_term_average": 869942
    }, 
    {
        "accumulated_operating_revenue_yoy": -11.742662925911278, 
        "accumulated_operating_revenue": 1662552, 
        "long_term_average": 851595, 
        "date": "2015-02-28", 
        "operating_revenue": 764197, 
        "short_term_average": 838989
    }, 
    {
        "accumulated_operating_revenue_yoy": -11.254130681349823, 
        "accumulated_operating_revenue": 2551560, 
        "long_term_average": 843064, 
        "date": "2015-03-31", 
        "operating_revenue": 889008, 
        "short_term_average": 850520
    }, 
    {
        "accumulated_operating_revenue_yoy": -4.470385854962288, 
        "accumulated_operating_revenue": 3486359, 
        "long_term_average": 856433, 
        "date": "2015-04-30", 
        "operating_revenue": 934799, 
        "short_term_average": 862668
    }, 
    {
        "accumulated_operating_revenue_yoy": -3.267744824633677, 
        "accumulated_operating_revenue": 4369839, 
        "long_term_average": 857727, 
        "date": "2015-05-31", 
        "operating_revenue": 883480, 
        "short_term_average": 902429
    }, 
    {
        "accumulated_operating_revenue_yoy": -1.5713077829320239, 
        "accumulated_operating_revenue": 5332838, 
        "long_term_average": 862934, 
        "date": "2015-06-30", 
        "operating_revenue": 962999, 
        "short_term_average": 927092
    }, 
    {
        "accumulated_operating_revenue_yoy": -5.125307600116585, 
        "accumulated_operating_revenue": 5960124, 
        "long_term_average": 843197, 
        "date": "2015-07-31", 
        "operating_revenue": 627286, 
        "short_term_average": 824588
    }, 
    {
        "accumulated_operating_revenue_yoy": -16.269587714623967, 
        "accumulated_operating_revenue": 5903437, 
        "long_term_average": 774438, 
        "date": "2015-08-31", 
        "operating_revenue": -56687, 
        "short_term_average": 511199
    }
]