[
    {
        "date": "2011-09-30", 
        "operating_revenue": 687485, 
        "accumulated_operating_revenue": 687485, 
        "long_term_average": 687485, 
        "short_term_average": 687485
    }, 
    {
        "date": "2011-10-31", 
        "operating_revenue": 465987, 
        "accumulated_operating_revenue": 1153472, 
        "long_term_average": 576736, 
        "short_term_average": 576736
    }, 
    {
        "date": "2011-11-30", 
        "operating_revenue": 73522, 
        "accumulated_operating_revenue": 1226994, 
        "long_term_average": 408998, 
        "short_term_average": 408998
    }, 
    {
        "date": "2011-12-31", 
        "operating_revenue": 691433, 
        "accumulated_operating_revenue": 1918427, 
        "long_term_average": 479606, 
        "short_term_average": 410314
    }, 
    {
        "date": "2012-01-31", 
        "operating_revenue": 577512, 
        "accumulated_operating_revenue": 577512, 
        "long_term_average": 499187, 
        "short_term_average": 447489
    }, 
    {
        "date": "2012-02-29", 
        "operating_revenue": 670335, 
        "accumulated_operating_revenue": 1247847, 
        "long_term_average": 527712, 
        "short_term_average": 646426
    }, 
    {
        "date": "2012-03-31", 
        "operating_revenue": 638256, 
        "accumulated_operating_revenue": 1886103, 
        "long_term_average": 543504, 
        "short_term_average": 628701
    }, 
    {
        "date": "2012-04-30", 
        "operating_revenue": 545803, 
        "accumulated_operating_revenue": 2431906, 
        "long_term_average": 543791, 
        "short_term_average": 618131
    }, 
    {
        "date": "2012-05-31", 
        "operating_revenue": 530879, 
        "accumulated_operating_revenue": 2962785, 
        "long_term_average": 542356, 
        "short_term_average": 571646
    }, 
    {
        "date": "2012-06-30", 
        "operating_revenue": 886523, 
        "accumulated_operating_revenue": 3849308, 
        "long_term_average": 576773, 
        "short_term_average": 654401
    }, 
    {
        "date": "2012-07-31", 
        "operating_revenue": 618360, 
        "accumulated_operating_revenue": 4467668, 
        "long_term_average": 580554, 
        "short_term_average": 678587
    }, 
    {
        "date": "2012-08-31", 
        "operating_revenue": 615423, 
        "accumulated_operating_revenue": 5083091, 
        "long_term_average": 583459, 
        "short_term_average": 706768
    }, 
    {
        "accumulated_operating_revenue_yoy": 737.534055288479, 
        "accumulated_operating_revenue": 5757921, 
        "long_term_average": 582405, 
        "date": "2012-09-30", 
        "operating_revenue": 674830, 
        "short_term_average": 636204
    }, 
    {
        "accumulated_operating_revenue_yoy": 467.6364922598902, 
        "accumulated_operating_revenue": 6547528, 
        "long_term_average": 609373, 
        "date": "2012-10-31", 
        "operating_revenue": 789607, 
        "short_term_average": 693286
    }, 
    {
        "accumulated_operating_revenue_yoy": 489.1286346958502, 
        "accumulated_operating_revenue": 7228573, 
        "long_term_average": 660000, 
        "date": "2012-11-30", 
        "operating_revenue": 681045, 
        "short_term_average": 715160
    }, 
    {
        "accumulated_operating_revenue_yoy": 357.0852578701196, 
        "accumulated_operating_revenue": 8768847, 
        "long_term_average": 730737, 
        "date": "2012-12-31", 
        "operating_revenue": 1540274, 
        "short_term_average": 1003642
    }, 
    {
        "accumulated_operating_revenue_yoy": 25.98249040712574, 
        "accumulated_operating_revenue": 727564, 
        "long_term_average": 743241, 
        "date": "2013-01-31", 
        "operating_revenue": 727564, 
        "short_term_average": 982961
    }, 
    {
        "accumulated_operating_revenue_yoy": 1.7580680964893933, 
        "accumulated_operating_revenue": 1269785, 
        "long_term_average": 732565, 
        "date": "2013-02-28", 
        "operating_revenue": 542221, 
        "short_term_average": 936686
    }, 
    {
        "accumulated_operating_revenue_yoy": -0.2034353373066052, 
        "accumulated_operating_revenue": 1882266, 
        "long_term_average": 730417, 
        "date": "2013-03-31", 
        "operating_revenue": 612481, 
        "short_term_average": 627422
    }, 
    {
        "accumulated_operating_revenue_yoy": 0.8940723860214992, 
        "accumulated_operating_revenue": 2453649, 
        "long_term_average": 732549, 
        "date": "2013-04-30", 
        "operating_revenue": 571383, 
        "short_term_average": 575361
    }, 
    {
        "accumulated_operating_revenue_yoy": 7.307111383377464, 
        "accumulated_operating_revenue": 3179279, 
        "long_term_average": 748778, 
        "date": "2013-05-31", 
        "operating_revenue": 725630, 
        "short_term_average": 636498
    }, 
    {
        "accumulated_operating_revenue_yoy": -0.8000139245807298, 
        "accumulated_operating_revenue": 3818513, 
        "long_term_average": 728171, 
        "date": "2013-06-30", 
        "operating_revenue": 639234, 
        "short_term_average": 645415
    }, 
    {
        "accumulated_operating_revenue_yoy": -4.439295847408537, 
        "accumulated_operating_revenue": 4269335, 
        "long_term_average": 714209, 
        "date": "2013-07-31", 
        "operating_revenue": 450822, 
        "short_term_average": 605228
    }, 
    {
        "accumulated_operating_revenue_yoy": -10.461528231542578, 
        "accumulated_operating_revenue": 4551322, 
        "long_term_average": 686423, 
        "date": "2013-08-31", 
        "operating_revenue": 281987, 
        "short_term_average": 457347
    }, 
    {
        "accumulated_operating_revenue_yoy": -17.131964818551694, 
        "accumulated_operating_revenue": 4771476, 
        "long_term_average": 648533, 
        "date": "2013-09-30", 
        "operating_revenue": 220154, 
        "short_term_average": 317654
    }, 
    {
        "accumulated_operating_revenue_yoy": -20.886554437033336, 
        "accumulated_operating_revenue": 5179975, 
        "long_term_average": 616774, 
        "date": "2013-10-31", 
        "operating_revenue": 408499, 
        "short_term_average": 303546
    }, 
    {
        "accumulated_operating_revenue_yoy": -21.07444996405238, 
        "accumulated_operating_revenue": 5705191, 
        "long_term_average": 603788, 
        "date": "2013-11-30", 
        "operating_revenue": 525216, 
        "short_term_average": 384623
    }, 
    {
        "accumulated_operating_revenue_yoy": -25.171872653269013, 
        "accumulated_operating_revenue": 6561564, 
        "long_term_average": 546797, 
        "date": "2013-12-31", 
        "operating_revenue": 856373, 
        "short_term_average": 596696
    }, 
    {
        "accumulated_operating_revenue_yoy": -16.88717418673821, 
        "accumulated_operating_revenue": 604699, 
        "long_term_average": 536558, 
        "date": "2014-01-31", 
        "operating_revenue": 604699, 
        "short_term_average": 662096
    }, 
    {
        "accumulated_operating_revenue_yoy": -11.715920411723244, 
        "accumulated_operating_revenue": 1121018, 
        "long_term_average": 534399, 
        "date": "2014-02-28", 
        "operating_revenue": 516319, 
        "short_term_average": 659130
    }, 
    {
        "accumulated_operating_revenue_yoy": -9.916876785746542, 
        "accumulated_operating_revenue": 1695604, 
        "long_term_average": 531241, 
        "date": "2014-03-31", 
        "operating_revenue": 574586, 
        "short_term_average": 565201
    }, 
    {
        "accumulated_operating_revenue_yoy": -5.539667654175475, 
        "accumulated_operating_revenue": 2317725, 
        "long_term_average": 535470, 
        "date": "2014-04-30", 
        "operating_revenue": 622121, 
        "short_term_average": 571008
    }, 
    {
        "accumulated_operating_revenue_yoy": -7.863858440860333, 
        "accumulated_operating_revenue": 2929265, 
        "long_term_average": 525962, 
        "date": "2014-05-31", 
        "operating_revenue": 611540, 
        "short_term_average": 602749
    }, 
    {
        "accumulated_operating_revenue_yoy": -8.881965309532795, 
        "accumulated_operating_revenue": 3479354, 
        "long_term_average": 518533, 
        "date": "2014-06-30", 
        "operating_revenue": 550089, 
        "short_term_average": 594583
    }, 
    {
        "accumulated_operating_revenue_yoy": -5.376926383148663, 
        "accumulated_operating_revenue": 4039776, 
        "long_term_average": 527667, 
        "date": "2014-07-31", 
        "operating_revenue": 560422, 
        "short_term_average": 574017
    }, 
    {
        "accumulated_operating_revenue_yoy": 1.0156609442267543, 
        "accumulated_operating_revenue": 4597548, 
        "long_term_average": 550649, 
        "date": "2014-08-31", 
        "operating_revenue": 557772, 
        "short_term_average": 556094
    }, 
    {
        "accumulated_operating_revenue_yoy": 9.512444367319462, 
        "accumulated_operating_revenue": 5225360, 
        "long_term_average": 584620, 
        "date": "2014-09-30", 
        "operating_revenue": 627812, 
        "short_term_average": 582002
    }, 
    {
        "accumulated_operating_revenue_yoy": 14.008214325358715, 
        "accumulated_operating_revenue": 5905597, 
        "long_term_average": 607265, 
        "date": "2014-10-31", 
        "operating_revenue": 680237, 
        "short_term_average": 621940
    }, 
    {
        "accumulated_operating_revenue_yoy": 12.9115396837722, 
        "accumulated_operating_revenue": 6441819, 
        "long_term_average": 608182, 
        "date": "2014-11-30", 
        "operating_revenue": 536222, 
        "short_term_average": 614757
    }, 
    {
        "accumulated_operating_revenue_yoy": 9.430053566497255, 
        "accumulated_operating_revenue": 7180323, 
        "long_term_average": 598360, 
        "date": "2014-12-31", 
        "operating_revenue": 738504, 
        "short_term_average": 651654
    }, 
    {
        "accumulated_operating_revenue_yoy": 5.9346881671707745, 
        "accumulated_operating_revenue": 640586, 
        "long_term_average": 601350, 
        "date": "2015-01-31", 
        "operating_revenue": 640586, 
        "short_term_average": 638437
    }, 
    {
        "accumulated_operating_revenue_yoy": 4.697426803137862, 
        "accumulated_operating_revenue": 1173677, 
        "long_term_average": 602748, 
        "date": "2015-02-28", 
        "operating_revenue": 533091, 
        "short_term_average": 637393
    }, 
    {
        "accumulated_operating_revenue_yoy": 9.283358614393455, 
        "accumulated_operating_revenue": 1853013, 
        "long_term_average": 611477, 
        "date": "2015-03-31", 
        "operating_revenue": 679336, 
        "short_term_average": 617671
    }, 
    {
        "accumulated_operating_revenue_yoy": 2.745795985287297, 
        "accumulated_operating_revenue": 2381365, 
        "long_term_average": 603663, 
        "date": "2015-04-30", 
        "operating_revenue": 528352, 
        "short_term_average": 580259
    }, 
    {
        "accumulated_operating_revenue_yoy": 2.1358258812364195, 
        "accumulated_operating_revenue": 2991829, 
        "long_term_average": 603573, 
        "date": "2015-05-31", 
        "operating_revenue": 610464, 
        "short_term_average": 606050
    }, 
    {
        "accumulated_operating_revenue_yoy": 7.836339734329993, 
        "accumulated_operating_revenue": 3752008, 
        "long_term_average": 621081, 
        "date": "2015-06-30", 
        "operating_revenue": 760179, 
        "short_term_average": 632998
    }, 
    {
        "accumulated_operating_revenue_yoy": 11.212032548339314, 
        "accumulated_operating_revenue": 4492717, 
        "long_term_average": 636105, 
        "date": "2015-07-31", 
        "operating_revenue": 740709, 
        "short_term_average": 703784
    }, 
    {
        "accumulated_operating_revenue_yoy": 11.388200840970013, 
        "accumulated_operating_revenue": 5121126, 
        "long_term_average": 641991, 
        "date": "2015-08-31", 
        "operating_revenue": 628409, 
        "short_term_average": 709765
    }
]