[
    {
        "date": "2012-01-31", 
        "operating_revenue": 698805, 
        "accumulated_operating_revenue": 698805, 
        "long_term_average": 698805, 
        "short_term_average": 698805
    }, 
    {
        "date": "2012-02-29", 
        "operating_revenue": 760545, 
        "accumulated_operating_revenue": 1459350, 
        "long_term_average": 729675, 
        "short_term_average": 729675
    }, 
    {
        "date": "2012-03-31", 
        "operating_revenue": 778010, 
        "accumulated_operating_revenue": 2237360, 
        "long_term_average": 745786, 
        "short_term_average": 745786
    }, 
    {
        "date": "2012-04-30", 
        "operating_revenue": 661702, 
        "accumulated_operating_revenue": 2899062, 
        "long_term_average": 724765, 
        "short_term_average": 733419
    }, 
    {
        "date": "2012-05-31", 
        "operating_revenue": 741617, 
        "accumulated_operating_revenue": 3640679, 
        "long_term_average": 728135, 
        "short_term_average": 727109
    }, 
    {
        "date": "2012-06-30", 
        "operating_revenue": 833982, 
        "accumulated_operating_revenue": 4474661, 
        "long_term_average": 745776, 
        "short_term_average": 745767
    }, 
    {
        "date": "2012-07-31", 
        "operating_revenue": 820602, 
        "accumulated_operating_revenue": 5295263, 
        "long_term_average": 756466, 
        "short_term_average": 798733
    }, 
    {
        "date": "2012-08-31", 
        "operating_revenue": 809001, 
        "accumulated_operating_revenue": 6104264, 
        "long_term_average": 763033, 
        "short_term_average": 821195
    }, 
    {
        "date": "2012-09-30", 
        "operating_revenue": 765211, 
        "accumulated_operating_revenue": 6869475, 
        "long_term_average": 763275, 
        "short_term_average": 798271
    }, 
    {
        "date": "2012-10-31", 
        "operating_revenue": 746968, 
        "accumulated_operating_revenue": 7616443, 
        "long_term_average": 761644, 
        "short_term_average": 773726
    }, 
    {
        "date": "2012-11-30", 
        "operating_revenue": 785977, 
        "accumulated_operating_revenue": 8402420, 
        "long_term_average": 763856, 
        "short_term_average": 766052
    }, 
    {
        "date": "2012-12-31", 
        "operating_revenue": 875912, 
        "accumulated_operating_revenue": 9278332, 
        "long_term_average": 773194, 
        "short_term_average": 802952
    }, 
    {
        "accumulated_operating_revenue_yoy": 18.698206223481513, 
        "accumulated_operating_revenue": 829469, 
        "long_term_average": 784083, 
        "date": "2013-01-31", 
        "operating_revenue": 829469, 
        "short_term_average": 830452
    }, 
    {
        "accumulated_operating_revenue_yoy": 3.230958988590811, 
        "accumulated_operating_revenue": 1506501, 
        "long_term_average": 777123, 
        "date": "2013-02-28", 
        "operating_revenue": 677032, 
        "short_term_average": 794137
    }, 
    {
        "accumulated_operating_revenue_yoy": 5.5319215503986845, 
        "accumulated_operating_revenue": 2361129, 
        "long_term_average": 783508, 
        "date": "2013-03-31", 
        "operating_revenue": 854628, 
        "short_term_average": 787043
    }, 
    {
        "accumulated_operating_revenue_yoy": 7.133479725511218, 
        "accumulated_operating_revenue": 3105866, 
        "long_term_average": 790428, 
        "date": "2013-04-30", 
        "operating_revenue": 744737, 
        "short_term_average": 758799
    }, 
    {
        "accumulated_operating_revenue_yoy": 8.852881564125813, 
        "accumulated_operating_revenue": 3962984, 
        "long_term_average": 800053, 
        "date": "2013-05-31", 
        "operating_revenue": 857118, 
        "short_term_average": 818827
    }, 
    {
        "accumulated_operating_revenue_yoy": 8.659940943012218, 
        "accumulated_operating_revenue": 4862164, 
        "long_term_average": 805486, 
        "date": "2013-06-30", 
        "operating_revenue": 899180, 
        "short_term_average": 833678
    }, 
    {
        "accumulated_operating_revenue_yoy": 8.970092703610757, 
        "accumulated_operating_revenue": 5770253, 
        "long_term_average": 812776, 
        "date": "2013-07-31", 
        "operating_revenue": 908089, 
        "short_term_average": 888129
    }, 
    {
        "accumulated_operating_revenue_yoy": 8.271562304644753, 
        "accumulated_operating_revenue": 6609182, 
        "long_term_average": 815270, 
        "date": "2013-08-31", 
        "operating_revenue": 838929, 
        "short_term_average": 882066
    }, 
    {
        "accumulated_operating_revenue_yoy": 7.9101095789707365, 
        "accumulated_operating_revenue": 7412858, 
        "long_term_average": 818476, 
        "date": "2013-09-30", 
        "operating_revenue": 803676, 
        "short_term_average": 850231
    }, 
    {
        "accumulated_operating_revenue_yoy": 8.807982939017595, 
        "accumulated_operating_revenue": 8287298, 
        "long_term_average": 829098, 
        "date": "2013-10-31", 
        "operating_revenue": 874440, 
        "short_term_average": 839015
    }, 
    {
        "accumulated_operating_revenue_yoy": 9.332858866850264, 
        "accumulated_operating_revenue": 9186606, 
        "long_term_average": 838543, 
        "date": "2013-11-30", 
        "operating_revenue": 899308, 
        "short_term_average": 859141
    }, 
    {
        "accumulated_operating_revenue_yoy": 8.312453143517606, 
        "accumulated_operating_revenue": 10049589, 
        "long_term_average": 837465, 
        "date": "2013-12-31", 
        "operating_revenue": 862983, 
        "short_term_average": 878910
    }, 
    {
        "accumulated_operating_revenue_yoy": 12.178996442302244, 
        "accumulated_operating_revenue": 930490, 
        "long_term_average": 845884, 
        "date": "2014-01-31", 
        "operating_revenue": 930490, 
        "short_term_average": 897593
    }, 
    {
        "accumulated_operating_revenue_yoy": 16.777751889975512, 
        "accumulated_operating_revenue": 1759258, 
        "long_term_average": 858528, 
        "date": "2014-02-28", 
        "operating_revenue": 828768, 
        "short_term_average": 874080
    }, 
    {
        "accumulated_operating_revenue_yoy": 18.818200953865713, 
        "accumulated_operating_revenue": 2805451, 
        "long_term_average": 874492, 
        "date": "2014-03-31", 
        "operating_revenue": 1046193, 
        "short_term_average": 935150
    }, 
    {
        "accumulated_operating_revenue_yoy": 16.26477124254556, 
        "accumulated_operating_revenue": 3611028, 
        "long_term_average": 879562, 
        "date": "2014-04-30", 
        "operating_revenue": 805577, 
        "short_term_average": 893512
    }, 
    {
        "accumulated_operating_revenue_yoy": 14.615123351494733, 
        "accumulated_operating_revenue": 4542179, 
        "long_term_average": 885732, 
        "date": "2014-05-31", 
        "operating_revenue": 931151, 
        "short_term_average": 927640
    }, 
    {
        "accumulated_operating_revenue_yoy": 12.640564982999338, 
        "accumulated_operating_revenue": 5476769, 
        "long_term_average": 888682, 
        "date": "2014-06-30", 
        "operating_revenue": 934590, 
        "short_term_average": 890439
    }, 
    {
        "accumulated_operating_revenue_yoy": 12.506903943379951, 
        "accumulated_operating_revenue": 6491933, 
        "long_term_average": 897605, 
        "date": "2014-07-31", 
        "operating_revenue": 1015164, 
        "short_term_average": 960301
    }, 
    {
        "accumulated_operating_revenue_yoy": 13.269569517074881, 
        "accumulated_operating_revenue": 7486192, 
        "long_term_average": 910549, 
        "date": "2014-08-31", 
        "operating_revenue": 994259, 
        "short_term_average": 981337
    }, 
    {
        "accumulated_operating_revenue_yoy": 12.784529259834738, 
        "accumulated_operating_revenue": 8360557, 
        "long_term_average": 916440, 
        "date": "2014-09-30", 
        "operating_revenue": 874365, 
        "short_term_average": 961262
    }, 
    {
        "accumulated_operating_revenue_yoy": 11.553403775271507, 
        "accumulated_operating_revenue": 9244763, 
        "long_term_average": 917254, 
        "date": "2014-10-31", 
        "operating_revenue": 884206, 
        "short_term_average": 917610
    }, 
    {
        "accumulated_operating_revenue_yoy": 10.807625797819128, 
        "accumulated_operating_revenue": 10179460, 
        "long_term_average": 920203, 
        "date": "2014-11-30", 
        "operating_revenue": 934697, 
        "short_term_average": 897756
    }, 
    {
        "accumulated_operating_revenue_yoy": 10.071148183273964, 
        "accumulated_operating_revenue": 11061698, 
        "long_term_average": 921808, 
        "date": "2014-12-31", 
        "operating_revenue": 882238, 
        "short_term_average": 900380
    }, 
    {
        "accumulated_operating_revenue_yoy": -10.503390686627476, 
        "accumulated_operating_revenue": 832757, 
        "long_term_average": 913663, 
        "date": "2015-01-31", 
        "operating_revenue": 832757, 
        "short_term_average": 883230
    }, 
    {
        "accumulated_operating_revenue_yoy": -4.168291404671742, 
        "accumulated_operating_revenue": 1685927, 
        "long_term_average": 915697, 
        "date": "2015-02-28", 
        "operating_revenue": 853170, 
        "short_term_average": 856055
    }, 
    {
        "accumulated_operating_revenue_yoy": -3.7433197015381845, 
        "accumulated_operating_revenue": 2700434, 
        "long_term_average": 913056, 
        "date": "2015-03-31", 
        "operating_revenue": 1014507, 
        "short_term_average": 900144
    }, 
    {
        "accumulated_operating_revenue_yoy": -2.5113901083015695, 
        "accumulated_operating_revenue": 3520341, 
        "long_term_average": 914250, 
        "date": "2015-04-30", 
        "operating_revenue": 819907, 
        "short_term_average": 895861
    }, 
    {
        "accumulated_operating_revenue_yoy": 0.8482712812506948, 
        "accumulated_operating_revenue": 4580709, 
        "long_term_average": 925019, 
        "date": "2015-05-31", 
        "operating_revenue": 1060368, 
        "short_term_average": 964927
    }, 
    {
        "accumulated_operating_revenue_yoy": 2.843337011292607, 
        "accumulated_operating_revenue": 5632492, 
        "long_term_average": 934785, 
        "date": "2015-06-30", 
        "operating_revenue": 1051783, 
        "short_term_average": 977352
    }, 
    {
        "accumulated_operating_revenue_yoy": 6.570939656955795, 
        "accumulated_operating_revenue": 6918514, 
        "long_term_average": 957356, 
        "date": "2015-07-31", 
        "operating_revenue": 1286022, 
        "short_term_average": 1132724
    }, 
    {
        "accumulated_operating_revenue_yoy": 8.003174377574073, 
        "accumulated_operating_revenue": 8085325, 
        "long_term_average": 971735, 
        "date": "2015-08-31", 
        "operating_revenue": 1166811, 
        "short_term_average": 1168205
    }
]