[
    {
        "date": "2012-01-31", 
        "operating_revenue": 1376519, 
        "accumulated_operating_revenue": 1376519, 
        "long_term_average": 1376519, 
        "short_term_average": 1376519
    }, 
    {
        "date": "2012-02-29", 
        "operating_revenue": 1290955, 
        "accumulated_operating_revenue": 2667474, 
        "long_term_average": 1333737, 
        "short_term_average": 1333737
    }, 
    {
        "date": "2012-03-31", 
        "operating_revenue": 1186778, 
        "accumulated_operating_revenue": 3854252, 
        "long_term_average": 1284750, 
        "short_term_average": 1284750
    }, 
    {
        "date": "2012-04-30", 
        "operating_revenue": 1044100, 
        "accumulated_operating_revenue": 4898352, 
        "long_term_average": 1224588, 
        "short_term_average": 1173944
    }, 
    {
        "date": "2012-05-31", 
        "operating_revenue": 1155160, 
        "accumulated_operating_revenue": 6053512, 
        "long_term_average": 1210702, 
        "short_term_average": 1128679
    }, 
    {
        "date": "2012-06-30", 
        "operating_revenue": 1212964, 
        "accumulated_operating_revenue": 7266476, 
        "long_term_average": 1211079, 
        "short_term_average": 1137408
    }, 
    {
        "date": "2012-07-31", 
        "operating_revenue": 1143350, 
        "accumulated_operating_revenue": 8409826, 
        "long_term_average": 1201403, 
        "short_term_average": 1170491
    }, 
    {
        "date": "2012-08-31", 
        "operating_revenue": 1229531, 
        "accumulated_operating_revenue": 9639357, 
        "long_term_average": 1204919, 
        "short_term_average": 1195281
    }, 
    {
        "date": "2012-09-30", 
        "operating_revenue": 1152163, 
        "accumulated_operating_revenue": 10791520, 
        "long_term_average": 1199057, 
        "short_term_average": 1175014
    }, 
    {
        "date": "2012-10-31", 
        "operating_revenue": 1026982, 
        "accumulated_operating_revenue": 11818502, 
        "long_term_average": 1181850, 
        "short_term_average": 1136225
    }, 
    {
        "date": "2012-11-30", 
        "operating_revenue": 1301235, 
        "accumulated_operating_revenue": 13119737, 
        "long_term_average": 1192703, 
        "short_term_average": 1160126
    }, 
    {
        "date": "2012-12-31", 
        "operating_revenue": 1230778, 
        "accumulated_operating_revenue": 14350515, 
        "long_term_average": 1195876, 
        "short_term_average": 1186331
    }, 
    {
        "accumulated_operating_revenue_yoy": -6.6677612150649574, 
        "accumulated_operating_revenue": 1284736, 
        "long_term_average": 1188227, 
        "date": "2013-01-31", 
        "operating_revenue": 1284736, 
        "short_term_average": 1272249
    }, 
    {
        "accumulated_operating_revenue_yoy": -5.510231777329413, 
        "accumulated_operating_revenue": 2520490, 
        "long_term_average": 1183627, 
        "date": "2013-02-28", 
        "operating_revenue": 1235754, 
        "short_term_average": 1250422
    }, 
    {
        "accumulated_operating_revenue_yoy": -2.7347199923616827, 
        "accumulated_operating_revenue": 3748849, 
        "long_term_average": 1187092, 
        "date": "2013-03-31", 
        "operating_revenue": 1228359, 
        "short_term_average": 1249616
    }, 
    {
        "accumulated_operating_revenue_yoy": 2.4938387441327206, 
        "accumulated_operating_revenue": 5020509, 
        "long_term_average": 1206056, 
        "date": "2013-04-30", 
        "operating_revenue": 1271660, 
        "short_term_average": 1245257
    }, 
    {
        "accumulated_operating_revenue_yoy": 3.852028376254974, 
        "accumulated_operating_revenue": 6286695, 
        "long_term_average": 1215308, 
        "date": "2013-05-31", 
        "operating_revenue": 1266186, 
        "short_term_average": 1255401
    }, 
    {
        "accumulated_operating_revenue_yoy": 2.4465641942531704, 
        "accumulated_operating_revenue": 7444255, 
        "long_term_average": 1210691, 
        "date": "2013-06-30", 
        "operating_revenue": 1157560, 
        "short_term_average": 1231802
    }, 
    {
        "accumulated_operating_revenue_yoy": 7.641168794693256, 
        "accumulated_operating_revenue": 9052435, 
        "long_term_average": 1249427, 
        "date": "2013-07-31", 
        "operating_revenue": 1608180, 
        "short_term_average": 1343975
    }, 
    {
        "accumulated_operating_revenue_yoy": 7.159834416341256, 
        "accumulated_operating_revenue": 10329519, 
        "long_term_average": 1253389, 
        "date": "2013-08-31", 
        "operating_revenue": 1277084, 
        "short_term_average": 1347608
    }, 
    {
        "accumulated_operating_revenue_yoy": 7.587865286817798, 
        "accumulated_operating_revenue": 11610366, 
        "long_term_average": 1264113, 
        "date": "2013-09-30", 
        "operating_revenue": 1280847, 
        "short_term_average": 1388703
    }, 
    {
        "accumulated_operating_revenue_yoy": 8.523863684246955, 
        "accumulated_operating_revenue": 12825895, 
        "long_term_average": 1279825, 
        "date": "2013-10-31", 
        "operating_revenue": 1215529, 
        "short_term_average": 1257820
    }, 
    {
        "accumulated_operating_revenue_yoy": 7.472001915892064, 
        "accumulated_operating_revenue": 14100044, 
        "long_term_average": 1277568, 
        "date": "2013-11-30", 
        "operating_revenue": 1274149, 
        "short_term_average": 1256841
    }, 
    {
        "accumulated_operating_revenue_yoy": 7.20516998867288, 
        "accumulated_operating_revenue": 15384494, 
        "long_term_average": 1282041, 
        "date": "2013-12-31", 
        "operating_revenue": 1284450, 
        "short_term_average": 1258042
    }, 
    {
        "accumulated_operating_revenue_yoy": 7.351082245690943, 
        "accumulated_operating_revenue": 1379178, 
        "long_term_average": 1289911, 
        "date": "2014-01-31", 
        "operating_revenue": 1379178, 
        "short_term_average": 1312592
    }, 
    {
        "accumulated_operating_revenue_yoy": 8.268749330487326, 
        "accumulated_operating_revenue": 2728903, 
        "long_term_average": 1299408, 
        "date": "2014-02-28", 
        "operating_revenue": 1349725, 
        "short_term_average": 1337784
    }, 
    {
        "accumulated_operating_revenue_yoy": 9.804395962600786, 
        "accumulated_operating_revenue": 4116401, 
        "long_term_average": 1312670, 
        "date": "2014-03-31", 
        "operating_revenue": 1387498, 
        "short_term_average": 1372133
    }, 
    {
        "accumulated_operating_revenue_yoy": 7.700354685152441, 
        "accumulated_operating_revenue": 5407106, 
        "long_term_average": 1314257, 
        "date": "2014-04-30", 
        "operating_revenue": 1290705, 
        "short_term_average": 1342642
    }, 
    {
        "accumulated_operating_revenue_yoy": 8.035875766201478, 
        "accumulated_operating_revenue": 6791886, 
        "long_term_average": 1324140, 
        "date": "2014-05-31", 
        "operating_revenue": 1384780, 
        "short_term_average": 1354327
    }, 
    {
        "accumulated_operating_revenue_yoy": 10.313577382827429, 
        "accumulated_operating_revenue": 8212024, 
        "long_term_average": 1346021, 
        "date": "2014-06-30", 
        "operating_revenue": 1420138, 
        "short_term_average": 1365207
    }, 
    {
        "accumulated_operating_revenue_yoy": 5.859793525167538, 
        "accumulated_operating_revenue": 9582889, 
        "long_term_average": 1326245, 
        "date": "2014-07-31", 
        "operating_revenue": 1370865, 
        "short_term_average": 1391927
    }, 
    {
        "accumulated_operating_revenue_yoy": 5.556705980210695, 
        "accumulated_operating_revenue": 10903500, 
        "long_term_average": 1329872, 
        "date": "2014-08-31", 
        "operating_revenue": 1320611, 
        "short_term_average": 1370538
    }, 
    {
        "accumulated_operating_revenue_yoy": 5.439225602362578, 
        "accumulated_operating_revenue": 12241880, 
        "long_term_average": 1334667, 
        "date": "2014-09-30", 
        "operating_revenue": 1338380, 
        "short_term_average": 1343285
    }, 
    {
        "accumulated_operating_revenue_yoy": 5.732863086747553, 
        "accumulated_operating_revenue": 13561186, 
        "long_term_average": 1343315, 
        "date": "2014-10-31", 
        "operating_revenue": 1319306, 
        "short_term_average": 1326099
    }, 
    {
        "accumulated_operating_revenue_yoy": 5.898818471772145, 
        "accumulated_operating_revenue": 14931780, 
        "long_term_average": 1351352, 
        "date": "2014-11-30", 
        "operating_revenue": 1370594, 
        "short_term_average": 1342760
    }, 
    {
        "accumulated_operating_revenue_yoy": 5.8439881090661805, 
        "accumulated_operating_revenue": 16283562, 
        "long_term_average": 1356963, 
        "date": "2014-12-31", 
        "operating_revenue": 1351782, 
        "short_term_average": 1347227
    }, 
    {
        "accumulated_operating_revenue_yoy": -4.210986544158912, 
        "accumulated_operating_revenue": 1321101, 
        "long_term_average": 1352123, 
        "date": "2015-01-31", 
        "operating_revenue": 1321101, 
        "short_term_average": 1347825
    }, 
    {
        "accumulated_operating_revenue_yoy": -6.308945389411057, 
        "accumulated_operating_revenue": 2556738, 
        "long_term_average": 1342616, 
        "date": "2015-02-28", 
        "operating_revenue": 1235637, 
        "short_term_average": 1302840
    }, 
    {
        "accumulated_operating_revenue_yoy": -7.032648179805612, 
        "accumulated_operating_revenue": 3826909, 
        "long_term_average": 1332839, 
        "date": "2015-03-31", 
        "operating_revenue": 1270171, 
        "short_term_average": 1275636
    }, 
    {
        "accumulated_operating_revenue_yoy": -7.107166014500178, 
        "accumulated_operating_revenue": 5022814, 
        "long_term_average": 1324939, 
        "date": "2015-04-30", 
        "operating_revenue": 1195905, 
        "short_term_average": 1233904
    }, 
    {
        "accumulated_operating_revenue_yoy": -8.289774003862844, 
        "accumulated_operating_revenue": 6228854, 
        "long_term_average": 1310044, 
        "date": "2015-05-31", 
        "operating_revenue": 1206040, 
        "short_term_average": 1224038
    }, 
    {
        "accumulated_operating_revenue_yoy": -11.042429978285499, 
        "accumulated_operating_revenue": 7305217, 
        "long_term_average": 1281396, 
        "date": "2015-06-30", 
        "operating_revenue": 1076363, 
        "short_term_average": 1159436
    }, 
    {
        "accumulated_operating_revenue_yoy": -11.030671439479264, 
        "accumulated_operating_revenue": 8525832, 
        "long_term_average": 1268875, 
        "date": "2015-07-31", 
        "operating_revenue": 1220615, 
        "short_term_average": 1167672
    }, 
    {
        "accumulated_operating_revenue_yoy": -12.527316916586418, 
        "accumulated_operating_revenue": 9537584, 
        "long_term_average": 1243137, 
        "date": "2015-08-31", 
        "operating_revenue": 1011752, 
        "short_term_average": 1102910
    }
]