[
    {
        "date": "2012-01-31", 
        "operating_revenue": 383908, 
        "accumulated_operating_revenue": 383908, 
        "long_term_average": 383908, 
        "short_term_average": 383908
    }, 
    {
        "date": "2012-02-29", 
        "operating_revenue": 344310, 
        "accumulated_operating_revenue": 728218, 
        "long_term_average": 364109, 
        "short_term_average": 364109
    }, 
    {
        "date": "2012-03-31", 
        "operating_revenue": 376198, 
        "accumulated_operating_revenue": 1104416, 
        "long_term_average": 368138, 
        "short_term_average": 368138
    }, 
    {
        "date": "2012-04-30", 
        "operating_revenue": 404391, 
        "accumulated_operating_revenue": 1508807, 
        "long_term_average": 377201, 
        "short_term_average": 374966
    }, 
    {
        "date": "2012-05-31", 
        "operating_revenue": 397786, 
        "accumulated_operating_revenue": 1906593, 
        "long_term_average": 381318, 
        "short_term_average": 392791
    }, 
    {
        "date": "2012-06-30", 
        "operating_revenue": 408336, 
        "accumulated_operating_revenue": 2314929, 
        "long_term_average": 385821, 
        "short_term_average": 403504
    }, 
    {
        "date": "2012-07-31", 
        "operating_revenue": 426414, 
        "accumulated_operating_revenue": 2741343, 
        "long_term_average": 391620, 
        "short_term_average": 410845
    }, 
    {
        "date": "2012-08-31", 
        "operating_revenue": 426366, 
        "accumulated_operating_revenue": 3167709, 
        "long_term_average": 395963, 
        "short_term_average": 420372
    }, 
    {
        "date": "2012-09-30", 
        "operating_revenue": 417363, 
        "accumulated_operating_revenue": 3585072, 
        "long_term_average": 398341, 
        "short_term_average": 423381
    }, 
    {
        "date": "2012-10-31", 
        "operating_revenue": 353823, 
        "accumulated_operating_revenue": 3938895, 
        "long_term_average": 393889, 
        "short_term_average": 399184
    }, 
    {
        "date": "2012-11-30", 
        "operating_revenue": 406148, 
        "accumulated_operating_revenue": 4345043, 
        "long_term_average": 395003, 
        "short_term_average": 392444
    }, 
    {
        "date": "2012-12-31", 
        "operating_revenue": 393545, 
        "accumulated_operating_revenue": 4738588, 
        "long_term_average": 394882, 
        "short_term_average": 384505
    }, 
    {
        "accumulated_operating_revenue_yoy": 11.172989362034654, 
        "accumulated_operating_revenue": 426802, 
        "long_term_average": 398456, 
        "date": "2013-01-31", 
        "operating_revenue": 426802, 
        "short_term_average": 408831
    }, 
    {
        "accumulated_operating_revenue_yoy": 27.907302483596947, 
        "accumulated_operating_revenue": 931444, 
        "long_term_average": 411817, 
        "date": "2013-02-28", 
        "operating_revenue": 504642, 
        "short_term_average": 441663
    }, 
    {
        "accumulated_operating_revenue_yoy": 20.785374351693562, 
        "accumulated_operating_revenue": 1333973, 
        "long_term_average": 414012, 
        "date": "2013-03-31", 
        "operating_revenue": 402529, 
        "short_term_average": 444657
    }, 
    {
        "accumulated_operating_revenue_yoy": 12.583849359129431, 
        "accumulated_operating_revenue": 1698673, 
        "long_term_average": 410704, 
        "date": "2013-04-30", 
        "operating_revenue": 364700, 
        "short_term_average": 423957
    }, 
    {
        "accumulated_operating_revenue_yoy": 10.682563085042272, 
        "accumulated_operating_revenue": 2110266, 
        "long_term_average": 411855, 
        "date": "2013-05-31", 
        "operating_revenue": 411593, 
        "short_term_average": 392940
    }, 
    {
        "accumulated_operating_revenue_yoy": 6.064721639410972, 
        "accumulated_operating_revenue": 2455323, 
        "long_term_average": 406581, 
        "date": "2013-06-30", 
        "operating_revenue": 345057, 
        "short_term_average": 373783
    }, 
    {
        "accumulated_operating_revenue_yoy": 7.645850956994436, 
        "accumulated_operating_revenue": 2950942, 
        "long_term_average": 412348, 
        "date": "2013-07-31", 
        "operating_revenue": 495619, 
        "short_term_average": 417423
    }, 
    {
        "accumulated_operating_revenue_yoy": 6.141504791001951, 
        "accumulated_operating_revenue": 3362254, 
        "long_term_average": 411094, 
        "date": "2013-08-31", 
        "operating_revenue": 411312, 
        "short_term_average": 417329
    }, 
    {
        "accumulated_operating_revenue_yoy": 4.213750797752458, 
        "accumulated_operating_revenue": 3736138, 
        "long_term_average": 407471, 
        "date": "2013-09-30", 
        "operating_revenue": 373884, 
        "short_term_average": 426938
    }, 
    {
        "accumulated_operating_revenue_yoy": 5.084167006228904, 
        "accumulated_operating_revenue": 4139155, 
        "long_term_average": 411570, 
        "date": "2013-10-31", 
        "operating_revenue": 403017, 
        "short_term_average": 396071
    }, 
    {
        "accumulated_operating_revenue_yoy": 4.192823868486457, 
        "accumulated_operating_revenue": 4527223, 
        "long_term_average": 410064, 
        "date": "2013-11-30", 
        "operating_revenue": 388068, 
        "short_term_average": 388323
    }, 
    {
        "accumulated_operating_revenue_yoy": 4.457551490021922, 
        "accumulated_operating_revenue": 4949813, 
        "long_term_average": 412484, 
        "date": "2013-12-31", 
        "operating_revenue": 422590, 
        "short_term_average": 404558
    }, 
    {
        "accumulated_operating_revenue_yoy": -12.65481417612851, 
        "accumulated_operating_revenue": 372791, 
        "long_term_average": 407983, 
        "date": "2014-01-31", 
        "operating_revenue": 372791, 
        "short_term_average": 394483
    }, 
    {
        "accumulated_operating_revenue_yoy": -16.418700426434654, 
        "accumulated_operating_revenue": 778513, 
        "long_term_average": 399740, 
        "date": "2014-02-28", 
        "operating_revenue": 405722, 
        "short_term_average": 400367
    }, 
    {
        "accumulated_operating_revenue_yoy": -13.751702620667736, 
        "accumulated_operating_revenue": 1150529, 
        "long_term_average": 397197, 
        "date": "2014-03-31", 
        "operating_revenue": 372016, 
        "short_term_average": 383509
    }, 
    {
        "accumulated_operating_revenue_yoy": -15.785380705998154, 
        "accumulated_operating_revenue": 1430531, 
        "long_term_average": 390139, 
        "date": "2014-04-30", 
        "operating_revenue": 280002, 
        "short_term_average": 352580
    }, 
    {
        "accumulated_operating_revenue_yoy": -11.924183965433741, 
        "accumulated_operating_revenue": 1858634, 
        "long_term_average": 391515, 
        "date": "2014-05-31", 
        "operating_revenue": 428103, 
        "short_term_average": 360040
    }, 
    {
        "accumulated_operating_revenue_yoy": -6.964379024674147, 
        "accumulated_operating_revenue": 2284325, 
        "long_term_average": 398234, 
        "date": "2014-06-30", 
        "operating_revenue": 425691, 
        "short_term_average": 377932
    }, 
    {
        "accumulated_operating_revenue_yoy": -5.513391994827415, 
        "accumulated_operating_revenue": 2788245, 
        "long_term_average": 398926, 
        "date": "2014-07-31", 
        "operating_revenue": 503920, 
        "short_term_average": 452571
    }, 
    {
        "accumulated_operating_revenue_yoy": -3.974565871584955, 
        "accumulated_operating_revenue": 3228619, 
        "long_term_average": 401348, 
        "date": "2014-08-31", 
        "operating_revenue": 440374, 
        "short_term_average": 456661
    }, 
    {
        "accumulated_operating_revenue_yoy": -2.585075818933883, 
        "accumulated_operating_revenue": 3639556, 
        "long_term_average": 404435, 
        "date": "2014-09-30", 
        "operating_revenue": 410937, 
        "short_term_average": 451743
    }, 
    {
        "accumulated_operating_revenue_yoy": -2.8191261259846514, 
        "accumulated_operating_revenue": 4022467, 
        "long_term_average": 402760, 
        "date": "2014-10-31", 
        "operating_revenue": 382911, 
        "short_term_average": 411407
    }, 
    {
        "accumulated_operating_revenue_yoy": -1.5570914001806406, 
        "accumulated_operating_revenue": 4456730, 
        "long_term_average": 406610, 
        "date": "2014-11-30", 
        "operating_revenue": 434263, 
        "short_term_average": 409370
    }, 
    {
        "accumulated_operating_revenue_yoy": -0.4683005196357923, 
        "accumulated_operating_revenue": 4926633, 
        "long_term_average": 410552, 
        "date": "2014-12-31", 
        "operating_revenue": 469903, 
        "short_term_average": 429025
    }, 
    {
        "accumulated_operating_revenue_yoy": 0.42892666400208157, 
        "accumulated_operating_revenue": 374390, 
        "long_term_average": 410686, 
        "date": "2015-01-31", 
        "operating_revenue": 374390, 
        "short_term_average": 426185
    }, 
    {
        "accumulated_operating_revenue_yoy": 2.0104995035407245, 
        "accumulated_operating_revenue": 794165, 
        "long_term_average": 411857, 
        "date": "2015-02-28", 
        "operating_revenue": 419775, 
        "short_term_average": 421356
    }, 
    {
        "accumulated_operating_revenue_yoy": 6.869014166526875, 
        "accumulated_operating_revenue": 1229559, 
        "long_term_average": 417138, 
        "date": "2015-03-31", 
        "operating_revenue": 435394, 
        "short_term_average": 409853
    }, 
    {
        "accumulated_operating_revenue_yoy": 23.362723352377543, 
        "accumulated_operating_revenue": 1764742, 
        "long_term_average": 438403, 
        "date": "2015-04-30", 
        "operating_revenue": 535183, 
        "short_term_average": 463450
    }, 
    {
        "accumulated_operating_revenue_yoy": 18.66429861930859, 
        "accumulated_operating_revenue": 2205535, 
        "long_term_average": 439461, 
        "date": "2015-05-31", 
        "operating_revenue": 440793, 
        "short_term_average": 470456
    }, 
    {
        "accumulated_operating_revenue_yoy": 11.645715911702583, 
        "accumulated_operating_revenue": 2550351, 
        "long_term_average": 432721, 
        "date": "2015-06-30", 
        "operating_revenue": 344816, 
        "short_term_average": 440264
    }, 
    {
        "accumulated_operating_revenue_yoy": 5.868781258461864, 
        "accumulated_operating_revenue": 2951881, 
        "long_term_average": 424189, 
        "date": "2015-07-31", 
        "operating_revenue": 401530, 
        "short_term_average": 395713
    }, 
    {
        "accumulated_operating_revenue_yoy": 1.5939012934012964, 
        "accumulated_operating_revenue": 3280080, 
        "long_term_average": 414841, 
        "date": "2015-08-31", 
        "operating_revenue": 328199, 
        "short_term_average": 358181
    }, 
    {
        "accumulated_operating_revenue_yoy": 1.0830167196218439, 
        "accumulated_operating_revenue": 3678973, 
        "long_term_average": 413837, 
        "date": "2015-09-30", 
        "operating_revenue": 398893, 
        "short_term_average": 376207
    }
]