[
    {
        "date": "2011-09-30", 
        "operating_revenue": 362721, 
        "accumulated_operating_revenue": 362721, 
        "long_term_average": 362721, 
        "short_term_average": 362721
    }, 
    {
        "date": "2011-10-31", 
        "operating_revenue": 410018, 
        "accumulated_operating_revenue": 772739, 
        "long_term_average": 386369, 
        "short_term_average": 386369
    }, 
    {
        "date": "2011-11-30", 
        "operating_revenue": 581893, 
        "accumulated_operating_revenue": 1354632, 
        "long_term_average": 451544, 
        "short_term_average": 451544
    }, 
    {
        "date": "2011-12-31", 
        "operating_revenue": 198721, 
        "accumulated_operating_revenue": 1553353, 
        "long_term_average": 388338, 
        "short_term_average": 396877
    }, 
    {
        "date": "2012-01-31", 
        "operating_revenue": 545261, 
        "accumulated_operating_revenue": 545261, 
        "long_term_average": 419722, 
        "short_term_average": 441958
    }, 
    {
        "date": "2012-02-29", 
        "operating_revenue": 788280, 
        "accumulated_operating_revenue": 1333541, 
        "long_term_average": 481149, 
        "short_term_average": 510754
    }, 
    {
        "date": "2012-03-31", 
        "operating_revenue": 287878, 
        "accumulated_operating_revenue": 1621419, 
        "long_term_average": 453538, 
        "short_term_average": 540473
    }, 
    {
        "date": "2012-04-30", 
        "operating_revenue": 141462, 
        "accumulated_operating_revenue": 1762881, 
        "long_term_average": 414529, 
        "short_term_average": 405873
    }, 
    {
        "date": "2012-05-31", 
        "operating_revenue": 202657, 
        "accumulated_operating_revenue": 1965538, 
        "long_term_average": 390987, 
        "short_term_average": 210665
    }, 
    {
        "date": "2012-06-30", 
        "operating_revenue": 282198, 
        "accumulated_operating_revenue": 2247736, 
        "long_term_average": 380108, 
        "short_term_average": 208772
    }, 
    {
        "date": "2012-07-31", 
        "operating_revenue": 326010, 
        "accumulated_operating_revenue": 2573746, 
        "long_term_average": 375190, 
        "short_term_average": 270288
    }, 
    {
        "date": "2012-08-31", 
        "operating_revenue": 307436, 
        "accumulated_operating_revenue": 2881182, 
        "long_term_average": 369544, 
        "short_term_average": 305214
    }, 
    {
        "accumulated_operating_revenue_yoy": 805.4490917261477, 
        "accumulated_operating_revenue": 3284254, 
        "long_term_average": 372907, 
        "date": "2012-09-30", 
        "operating_revenue": 403072, 
        "short_term_average": 345506
    }, 
    {
        "accumulated_operating_revenue_yoy": 345.31775929518244, 
        "accumulated_operating_revenue": 3441144, 
        "long_term_average": 351813, 
        "date": "2012-10-31", 
        "operating_revenue": 156890, 
        "short_term_average": 289132
    }, 
    {
        "accumulated_operating_revenue_yoy": 181.66586940216973, 
        "accumulated_operating_revenue": 3815536, 
        "long_term_average": 334521, 
        "date": "2012-11-30", 
        "operating_revenue": 374392, 
        "short_term_average": 311451
    }, 
    {
        "accumulated_operating_revenue_yoy": 162.9853613441375, 
        "accumulated_operating_revenue": 4085091, 
        "long_term_average": 340424, 
        "date": "2012-12-31", 
        "operating_revenue": 269555, 
        "short_term_average": 266945
    }, 
    {
        "accumulated_operating_revenue_yoy": -18.748269177513155, 
        "accumulated_operating_revenue": 443034, 
        "long_term_average": 331905, 
        "date": "2013-01-31", 
        "operating_revenue": 443034, 
        "short_term_average": 362327
    }, 
    {
        "accumulated_operating_revenue_yoy": -36.7119571126797, 
        "accumulated_operating_revenue": 843972, 
        "long_term_average": 299626, 
        "date": "2013-02-28", 
        "operating_revenue": 400938, 
        "short_term_average": 371175
    }, 
    {
        "accumulated_operating_revenue_yoy": -27.9857334840655, 
        "accumulated_operating_revenue": 1167653, 
        "long_term_average": 302610, 
        "date": "2013-03-31", 
        "operating_revenue": 323681, 
        "short_term_average": 389217
    }, 
    {
        "accumulated_operating_revenue_yoy": -9.936745588613185, 
        "accumulated_operating_revenue": 1587708, 
        "long_term_average": 325826, 
        "date": "2013-04-30", 
        "operating_revenue": 420055, 
        "short_term_average": 381558
    }, 
    {
        "accumulated_operating_revenue_yoy": 1.5619642052201483, 
        "accumulated_operating_revenue": 1996239, 
        "long_term_average": 342982, 
        "date": "2013-05-31", 
        "operating_revenue": 408531, 
        "short_term_average": 384089
    }, 
    {
        "accumulated_operating_revenue_yoy": -6.301807685600089, 
        "accumulated_operating_revenue": 2106088, 
        "long_term_average": 328620, 
        "date": "2013-06-30", 
        "operating_revenue": 109849, 
        "short_term_average": 312811
    }, 
    {
        "accumulated_operating_revenue_yoy": 2.664754020015961, 
        "accumulated_operating_revenue": 2642330, 
        "long_term_average": 346139, 
        "date": "2013-07-31", 
        "operating_revenue": 536242, 
        "short_term_average": 351540
    }, 
    {
        "accumulated_operating_revenue_yoy": 0.02401792042293753, 
        "accumulated_operating_revenue": 2881874, 
        "long_term_average": 340481, 
        "date": "2013-08-31", 
        "operating_revenue": 239544, 
        "short_term_average": 295211
    }, 
    {
        "accumulated_operating_revenue_yoy": 1.7580552539480807, 
        "accumulated_operating_revenue": 3341993, 
        "long_term_average": 345235, 
        "date": "2013-09-30", 
        "operating_revenue": 460119, 
        "short_term_average": 411968
    }, 
    {
        "accumulated_operating_revenue_yoy": 12.306575952648306, 
        "accumulated_operating_revenue": 3864631, 
        "long_term_average": 375714, 
        "date": "2013-10-31", 
        "operating_revenue": 522638, 
        "short_term_average": 407433
    }, 
    {
        "accumulated_operating_revenue_yoy": 8.740816493410101, 
        "accumulated_operating_revenue": 4149045, 
        "long_term_average": 368216, 
        "date": "2013-11-30", 
        "operating_revenue": 284414, 
        "short_term_average": 422390
    }, 
    {
        "accumulated_operating_revenue_yoy": 12.95334669411281, 
        "accumulated_operating_revenue": 4614247, 
        "long_term_average": 384520, 
        "date": "2013-12-31", 
        "operating_revenue": 465202, 
        "short_term_average": 424084
    }, 
    {
        "accumulated_operating_revenue_yoy": -60.742516375718346, 
        "accumulated_operating_revenue": 173924, 
        "long_term_average": 362094, 
        "date": "2014-01-31", 
        "operating_revenue": 173924, 
        "short_term_average": 307846
    }, 
    {
        "accumulated_operating_revenue_yoy": 4.192556151151934, 
        "accumulated_operating_revenue": 879356, 
        "long_term_average": 387469, 
        "date": "2014-02-28", 
        "operating_revenue": 705432, 
        "short_term_average": 448186
    }, 
    {
        "accumulated_operating_revenue_yoy": 28.700307368713133, 
        "accumulated_operating_revenue": 1502773, 
        "long_term_average": 412447, 
        "date": "2014-03-31", 
        "operating_revenue": 623417, 
        "short_term_average": 500924
    }, 
    {
        "accumulated_operating_revenue_yoy": 7.138088363855319, 
        "accumulated_operating_revenue": 1701040, 
        "long_term_average": 393964, 
        "date": "2014-04-30", 
        "operating_revenue": 198267, 
        "short_term_average": 509038
    }, 
    {
        "accumulated_operating_revenue_yoy": 21.984091083282113, 
        "accumulated_operating_revenue": 2435094, 
        "long_term_average": 421091, 
        "date": "2014-05-31", 
        "operating_revenue": 734054, 
        "short_term_average": 518579
    }, 
    {
        "accumulated_operating_revenue_yoy": 49.23768617455681, 
        "accumulated_operating_revenue": 3143077, 
        "long_term_average": 470936, 
        "date": "2014-06-30", 
        "operating_revenue": 707983, 
        "short_term_average": 546768
    }, 
    {
        "accumulated_operating_revenue_yoy": 32.56372216944893, 
        "accumulated_operating_revenue": 3502771, 
        "long_term_average": 456224, 
        "date": "2014-07-31", 
        "operating_revenue": 359694, 
        "short_term_average": 600577
    }, 
    {
        "accumulated_operating_revenue_yoy": 33.38882962960907, 
        "accumulated_operating_revenue": 3844098, 
        "long_term_average": 464705, 
        "date": "2014-08-31", 
        "operating_revenue": 341327, 
        "short_term_average": 469668
    }, 
    {
        "accumulated_operating_revenue_yoy": 18.338009684640273, 
        "accumulated_operating_revenue": 3954848, 
        "long_term_average": 435591, 
        "date": "2014-09-30", 
        "operating_revenue": 110750, 
        "short_term_average": 270590
    }, 
    {
        "accumulated_operating_revenue_yoy": 7.608954127832644, 
        "accumulated_operating_revenue": 4158689, 
        "long_term_average": 409025, 
        "date": "2014-10-31", 
        "operating_revenue": 203841, 
        "short_term_average": 218639
    }, 
    {
        "accumulated_operating_revenue_yoy": 10.052433752827458, 
        "accumulated_operating_revenue": 4566125, 
        "long_term_average": 419277, 
        "date": "2014-11-30", 
        "operating_revenue": 407436, 
        "short_term_average": 240675
    }, 
    {
        "accumulated_operating_revenue_yoy": 11.904607620701709, 
        "accumulated_operating_revenue": 5163555, 
        "long_term_average": 430296, 
        "date": "2014-12-31", 
        "operating_revenue": 597430, 
        "short_term_average": 402902
    }, 
    {
        "accumulated_operating_revenue_yoy": 122.87493387916561, 
        "accumulated_operating_revenue": 387633, 
        "long_term_average": 448105, 
        "date": "2015-01-31", 
        "operating_revenue": 387633, 
        "short_term_average": 464166
    }, 
    {
        "accumulated_operating_revenue_yoy": -4.821710433544549, 
        "accumulated_operating_revenue": 836956, 
        "long_term_average": 426762, 
        "date": "2015-02-28", 
        "operating_revenue": 449323, 
        "short_term_average": 478128
    }, 
    {
        "accumulated_operating_revenue_yoy": -24.723694130783556, 
        "accumulated_operating_revenue": 1131232, 
        "long_term_average": 399334, 
        "date": "2015-03-31", 
        "operating_revenue": 294276, 
        "short_term_average": 377077
    }, 
    {
        "accumulated_operating_revenue_yoy": 26.516777971123545, 
        "accumulated_operating_revenue": 2152101, 
        "long_term_average": 467884, 
        "date": "2015-04-30", 
        "operating_revenue": 1020869, 
        "short_term_average": 588156
    }, 
    {
        "accumulated_operating_revenue_yoy": 2.865433531518701, 
        "accumulated_operating_revenue": 2504870, 
        "long_term_average": 436110, 
        "date": "2015-05-31", 
        "operating_revenue": 352769, 
        "short_term_average": 555971
    }, 
    {
        "accumulated_operating_revenue_yoy": -10.83797819779789, 
        "accumulated_operating_revenue": 2802431, 
        "long_term_average": 401909, 
        "date": "2015-06-30", 
        "operating_revenue": 297561, 
        "short_term_average": 557066
    }, 
    {
        "accumulated_operating_revenue_yoy": -14.203497745070973, 
        "accumulated_operating_revenue": 3005255, 
        "long_term_average": 388836, 
        "date": "2015-07-31", 
        "operating_revenue": 202824, 
        "short_term_average": 284384
    }, 
    {
        "accumulated_operating_revenue_yoy": -20.069545573499948, 
        "accumulated_operating_revenue": 3072605, 
        "long_term_average": 366005, 
        "date": "2015-08-31", 
        "operating_revenue": 67350, 
        "short_term_average": 189245
    }
]