[
    {
        "date": "2011-09-30", 
        "operating_revenue": 3412364, 
        "accumulated_operating_revenue": 3412364, 
        "long_term_average": 3412364, 
        "short_term_average": 3412364
    }, 
    {
        "date": "2011-10-31", 
        "operating_revenue": 2102865, 
        "accumulated_operating_revenue": 5515229, 
        "long_term_average": 2757614, 
        "short_term_average": 2757614
    }, 
    {
        "date": "2011-11-30", 
        "operating_revenue": 2997177, 
        "accumulated_operating_revenue": 8512406, 
        "long_term_average": 2837468, 
        "short_term_average": 2837468
    }, 
    {
        "date": "2011-12-31", 
        "operating_revenue": 1253296, 
        "accumulated_operating_revenue": 9765702, 
        "long_term_average": 2441425, 
        "short_term_average": 2117779
    }, 
    {
        "date": "2012-01-31", 
        "operating_revenue": 417115, 
        "accumulated_operating_revenue": 417115, 
        "long_term_average": 2036563, 
        "short_term_average": 1555862
    }, 
    {
        "date": "2012-02-29", 
        "operating_revenue": 717815, 
        "accumulated_operating_revenue": 1134930, 
        "long_term_average": 1816772, 
        "short_term_average": 796075
    }, 
    {
        "date": "2012-03-31", 
        "operating_revenue": 471827, 
        "accumulated_operating_revenue": 1606757, 
        "long_term_average": 1624637, 
        "short_term_average": 535585
    }, 
    {
        "date": "2012-04-30", 
        "operating_revenue": 267081, 
        "accumulated_operating_revenue": 1873838, 
        "long_term_average": 1454942, 
        "short_term_average": 485574
    }, 
    {
        "date": "2012-05-31", 
        "operating_revenue": 213337, 
        "accumulated_operating_revenue": 2087175, 
        "long_term_average": 1316986, 
        "short_term_average": 317415
    }, 
    {
        "date": "2012-06-30", 
        "operating_revenue": 120881, 
        "accumulated_operating_revenue": 2208056, 
        "long_term_average": 1197375, 
        "short_term_average": 200433
    }, 
    {
        "date": "2012-07-31", 
        "operating_revenue": 386451, 
        "accumulated_operating_revenue": 2594507, 
        "long_term_average": 1123655, 
        "short_term_average": 240223
    }, 
    {
        "date": "2012-08-31", 
        "operating_revenue": 364145, 
        "accumulated_operating_revenue": 2958652, 
        "long_term_average": 1060362, 
        "short_term_average": 290492
    }, 
    {
        "accumulated_operating_revenue_yoy": -1.2727247151827883, 
        "accumulated_operating_revenue": 3368934, 
        "long_term_average": 810189, 
        "date": "2012-09-30", 
        "operating_revenue": 410282, 
        "short_term_average": 386959
    }, 
    {
        "accumulated_operating_revenue_yoy": -36.47576555751357, 
        "accumulated_operating_revenue": 3503507, 
        "long_term_average": 646165, 
        "date": "2012-10-31", 
        "operating_revenue": 134573, 
        "short_term_average": 303000
    }, 
    {
        "accumulated_operating_revenue_yoy": -54.90337279495362, 
        "accumulated_operating_revenue": 3838808, 
        "long_term_average": 424342, 
        "date": "2012-11-30", 
        "operating_revenue": 335301, 
        "short_term_average": 293385
    }, 
    {
        "accumulated_operating_revenue_yoy": -55.23353057465813, 
        "accumulated_operating_revenue": 4371760, 
        "long_term_average": 364313, 
        "date": "2012-12-31", 
        "operating_revenue": 532952, 
        "short_term_average": 334275
    }, 
    {
        "accumulated_operating_revenue_yoy": 22.76566414537957, 
        "accumulated_operating_revenue": 512074, 
        "long_term_average": 372226, 
        "date": "2013-01-31", 
        "operating_revenue": 512074, 
        "short_term_average": 460109
    }, 
    {
        "accumulated_operating_revenue_yoy": -8.059351678077062, 
        "accumulated_operating_revenue": 1043462, 
        "long_term_average": 356691, 
        "date": "2013-02-28", 
        "operating_revenue": 531388, 
        "short_term_average": 525471
    }, 
    {
        "accumulated_operating_revenue_yoy": -24.1401780107384, 
        "accumulated_operating_revenue": 1218883, 
        "long_term_average": 331990, 
        "date": "2013-03-31", 
        "operating_revenue": 175421, 
        "short_term_average": 406294
    }, 
    {
        "accumulated_operating_revenue_yoy": -19.492293357269947, 
        "accumulated_operating_revenue": 1508584, 
        "long_term_average": 333875, 
        "date": "2013-04-30", 
        "operating_revenue": 289701, 
        "short_term_average": 332170
    }, 
    {
        "accumulated_operating_revenue_yoy": -3.312084516152215, 
        "accumulated_operating_revenue": 2018046, 
        "long_term_average": 358552, 
        "date": "2013-05-31", 
        "operating_revenue": 509462, 
        "short_term_average": 324861
    }, 
    {
        "accumulated_operating_revenue_yoy": -1.5265011394638544, 
        "accumulated_operating_revenue": 2174350, 
        "long_term_average": 361504, 
        "date": "2013-06-30", 
        "operating_revenue": 156304, 
        "short_term_average": 318489
    }, 
    {
        "accumulated_operating_revenue_yoy": -1.4400809093982017, 
        "accumulated_operating_revenue": 2557144, 
        "long_term_average": 361199, 
        "date": "2013-07-31", 
        "operating_revenue": 382794, 
        "short_term_average": 349520
    }, 
    {
        "accumulated_operating_revenue_yoy": -4.500292700865124, 
        "accumulated_operating_revenue": 2825504, 
        "long_term_average": 353217, 
        "date": "2013-08-31", 
        "operating_revenue": 268360, 
        "short_term_average": 269152
    }, 
    {
        "accumulated_operating_revenue_yoy": -2.324592883090022, 
        "accumulated_operating_revenue": 3290620, 
        "long_term_average": 357787, 
        "date": "2013-09-30", 
        "operating_revenue": 465116, 
        "short_term_average": 372090
    }, 
    {
        "accumulated_operating_revenue_yoy": 11.991127747140222, 
        "accumulated_operating_revenue": 3923617, 
        "long_term_average": 399322, 
        "date": "2013-10-31", 
        "operating_revenue": 632997, 
        "short_term_average": 455491
    }, 
    {
        "accumulated_operating_revenue_yoy": 8.080659413026128, 
        "accumulated_operating_revenue": 4149009, 
        "long_term_average": 390163, 
        "date": "2013-11-30", 
        "operating_revenue": 225392, 
        "short_term_average": 441168
    }, 
    {
        "accumulated_operating_revenue_yoy": 4.748705326916391, 
        "accumulated_operating_revenue": 4579362, 
        "long_term_average": 381613, 
        "date": "2013-12-31", 
        "operating_revenue": 430353, 
        "short_term_average": 429580
    }, 
    {
        "accumulated_operating_revenue_yoy": -31.739162699141136, 
        "accumulated_operating_revenue": 349546, 
        "long_term_average": 368069, 
        "date": "2014-01-31", 
        "operating_revenue": 349546, 
        "short_term_average": 335097
    }, 
    {
        "accumulated_operating_revenue_yoy": -19.916106192654837, 
        "accumulated_operating_revenue": 835645, 
        "long_term_average": 364295, 
        "date": "2014-02-28", 
        "operating_revenue": 486099, 
        "short_term_average": 421999
    }, 
    {
        "accumulated_operating_revenue_yoy": 3.982006476421445, 
        "accumulated_operating_revenue": 1267419, 
        "long_term_average": 385658, 
        "date": "2014-03-31", 
        "operating_revenue": 431774, 
        "short_term_average": 422473
    }, 
    {
        "accumulated_operating_revenue_yoy": 8.899869016243047, 
        "accumulated_operating_revenue": 1642846, 
        "long_term_average": 392802, 
        "date": "2014-04-30", 
        "operating_revenue": 375427, 
        "short_term_average": 431100
    }, 
    {
        "accumulated_operating_revenue_yoy": 21.99974628923226, 
        "accumulated_operating_revenue": 2462011, 
        "long_term_average": 418610, 
        "date": "2014-05-31", 
        "operating_revenue": 819165, 
        "short_term_average": 542122
    }, 
    {
        "accumulated_operating_revenue_yoy": 36.640329293811945, 
        "accumulated_operating_revenue": 2971039, 
        "long_term_average": 448004, 
        "date": "2014-06-30", 
        "operating_revenue": 509028, 
        "short_term_average": 567873
    }, 
    {
        "accumulated_operating_revenue_yoy": 31.439566954383487, 
        "accumulated_operating_revenue": 3361099, 
        "long_term_average": 448609, 
        "date": "2014-07-31", 
        "operating_revenue": 390060, 
        "short_term_average": 572751
    }, 
    {
        "accumulated_operating_revenue_yoy": 27.486352877221197, 
        "accumulated_operating_revenue": 3602132, 
        "long_term_average": 446332, 
        "date": "2014-08-31", 
        "operating_revenue": 241033, 
        "short_term_average": 380040
    }, 
    {
        "accumulated_operating_revenue_yoy": 24.34197810746911, 
        "accumulated_operating_revenue": 4091622, 
        "long_term_average": 448363, 
        "date": "2014-09-30", 
        "operating_revenue": 489490, 
        "short_term_average": 373527
    }, 
    {
        "accumulated_operating_revenue_yoy": 7.611420788522427, 
        "accumulated_operating_revenue": 4222260, 
        "long_term_average": 406500, 
        "date": "2014-10-31", 
        "operating_revenue": 130638, 
        "short_term_average": 287053
    }, 
    {
        "accumulated_operating_revenue_yoy": 7.347778710530635, 
        "accumulated_operating_revenue": 4453869, 
        "long_term_average": 407018, 
        "date": "2014-11-30", 
        "operating_revenue": 231609, 
        "short_term_average": 283912
    }, 
    {
        "accumulated_operating_revenue_yoy": 16.443753518503232, 
        "accumulated_operating_revenue": 5332381, 
        "long_term_average": 444365, 
        "date": "2014-12-31", 
        "operating_revenue": 878512, 
        "short_term_average": 413586
    }, 
    {
        "accumulated_operating_revenue_yoy": -0.16564343462662998, 
        "accumulated_operating_revenue": 348967, 
        "long_term_average": 444316, 
        "date": "2015-01-31", 
        "operating_revenue": 348967, 
        "short_term_average": 486362
    }, 
    {
        "accumulated_operating_revenue_yoy": -7.703630130019326, 
        "accumulated_operating_revenue": 771270, 
        "long_term_average": 439000, 
        "date": "2015-02-28", 
        "operating_revenue": 422303, 
        "short_term_average": 549927
    }, 
    {
        "accumulated_operating_revenue_yoy": 4.7326101312983315, 
        "accumulated_operating_revenue": 1327401, 
        "long_term_average": 449363, 
        "date": "2015-03-31", 
        "operating_revenue": 556131, 
        "short_term_average": 442467
    }, 
    {
        "accumulated_operating_revenue_yoy": 11.026353048307632, 
        "accumulated_operating_revenue": 1823992, 
        "long_term_average": 459460, 
        "date": "2015-04-30", 
        "operating_revenue": 496591, 
        "short_term_average": 491675
    }, 
    {
        "accumulated_operating_revenue_yoy": -8.952762599354754, 
        "accumulated_operating_revenue": 2241593, 
        "long_term_average": 425996, 
        "date": "2015-05-31", 
        "operating_revenue": 417601, 
        "short_term_average": 490107
    }, 
    {
        "accumulated_operating_revenue_yoy": -16.119175816944846, 
        "accumulated_operating_revenue": 2492132, 
        "long_term_average": 404456, 
        "date": "2015-06-30", 
        "operating_revenue": 250539, 
        "short_term_average": 388243
    }, 
    {
        "accumulated_operating_revenue_yoy": -19.745297594626045, 
        "accumulated_operating_revenue": 2697440, 
        "long_term_average": 389060, 
        "date": "2015-07-31", 
        "operating_revenue": 205308, 
        "short_term_average": 291149
    }, 
    {
        "accumulated_operating_revenue_yoy": -19.265146307797714, 
        "accumulated_operating_revenue": 2908176, 
        "long_term_average": 386535, 
        "date": "2015-08-31", 
        "operating_revenue": 210736, 
        "short_term_average": 222194
    }, 
    {
        "accumulated_operating_revenue_yoy": -5.563661550358269, 
        "accumulated_operating_revenue": 3863978, 
        "long_term_average": 425394, 
        "date": "2015-09-30", 
        "operating_revenue": 955802, 
        "short_term_average": 457282
    }, 
    {
        "accumulated_operating_revenue_yoy": 4.514762236337885, 
        "accumulated_operating_revenue": 4412885, 
        "long_term_average": 460250, 
        "date": "2015-10-31", 
        "operating_revenue": 548907, 
        "short_term_average": 571815
    }
]