[
    {
        "date": "2012-01-31", 
        "operating_revenue": 14710658, 
        "accumulated_operating_revenue": 14710658, 
        "long_term_average": 14710658, 
        "short_term_average": 14710658
    }, 
    {
        "date": "2012-02-29", 
        "operating_revenue": 10027583, 
        "accumulated_operating_revenue": 24738241, 
        "long_term_average": 12369120, 
        "short_term_average": 12369120
    }, 
    {
        "date": "2012-03-31", 
        "operating_revenue": 7693443, 
        "accumulated_operating_revenue": 32431684, 
        "long_term_average": 10810561, 
        "short_term_average": 10810561
    }, 
    {
        "date": "2012-04-30", 
        "operating_revenue": 7774126, 
        "accumulated_operating_revenue": 40205810, 
        "long_term_average": 10051452, 
        "short_term_average": 8498384
    }, 
    {
        "date": "2012-05-31", 
        "operating_revenue": 5089631, 
        "accumulated_operating_revenue": 45295441, 
        "long_term_average": 9059088, 
        "short_term_average": 6852400
    }, 
    {
        "date": "2012-06-30", 
        "operating_revenue": 10386828, 
        "accumulated_operating_revenue": 55682269, 
        "long_term_average": 9280378, 
        "short_term_average": 7750195
    }, 
    {
        "date": "2012-07-31", 
        "operating_revenue": 13141221, 
        "accumulated_operating_revenue": 68823490, 
        "long_term_average": 9831927, 
        "short_term_average": 9539226
    }, 
    {
        "date": "2012-08-31", 
        "operating_revenue": 9326756, 
        "accumulated_operating_revenue": 78150246, 
        "long_term_average": 9768780, 
        "short_term_average": 10951601
    }, 
    {
        "date": "2012-09-30", 
        "operating_revenue": 11557089, 
        "accumulated_operating_revenue": 89707335, 
        "long_term_average": 9967481, 
        "short_term_average": 11341688
    }, 
    {
        "date": "2012-10-31", 
        "operating_revenue": 10018811, 
        "accumulated_operating_revenue": 99726146, 
        "long_term_average": 9972614, 
        "short_term_average": 10300885
    }, 
    {
        "date": "2012-11-30", 
        "operating_revenue": 11085632, 
        "accumulated_operating_revenue": 110811778, 
        "long_term_average": 10073798, 
        "short_term_average": 10887177
    }, 
    {
        "date": "2012-12-31", 
        "operating_revenue": 16475505, 
        "accumulated_operating_revenue": 127287283, 
        "long_term_average": 10607273, 
        "short_term_average": 12526649
    }, 
    {
        "accumulated_operating_revenue_yoy": 44.73264894065242, 
        "accumulated_operating_revenue": 21291125, 
        "long_term_average": 11155645, 
        "date": "2013-01-31", 
        "operating_revenue": 21291125, 
        "short_term_average": 16284087
    }, 
    {
        "accumulated_operating_revenue_yoy": 19.74885360685103, 
        "accumulated_operating_revenue": 29623760, 
        "long_term_average": 11014400, 
        "date": "2013-02-28", 
        "operating_revenue": 8332635, 
        "short_term_average": 15366421
    }, 
    {
        "accumulated_operating_revenue_yoy": 30.08055332556891, 
        "accumulated_operating_revenue": 42187314, 
        "long_term_average": 11420242, 
        "date": "2013-03-31", 
        "operating_revenue": 12563554, 
        "short_term_average": 14062438
    }, 
    {
        "accumulated_operating_revenue_yoy": 31.621201015475126, 
        "accumulated_operating_revenue": 52919370, 
        "long_term_average": 11666736, 
        "date": "2013-04-30", 
        "operating_revenue": 10732056, 
        "short_term_average": 10542748
    }, 
    {
        "accumulated_operating_revenue_yoy": 35.968664042811724, 
        "accumulated_operating_revenue": 61587606, 
        "long_term_average": 11964954, 
        "date": "2013-05-31", 
        "operating_revenue": 8668236, 
        "short_term_average": 10654615
    }, 
    {
        "accumulated_operating_revenue_yoy": 23.416730737032285, 
        "accumulated_operating_revenue": 68721236, 
        "long_term_average": 11693854, 
        "date": "2013-06-30", 
        "operating_revenue": 7133630, 
        "short_term_average": 8844640
    }, 
    {
        "accumulated_operating_revenue_yoy": 19.631580729195804, 
        "accumulated_operating_revenue": 82334629, 
        "long_term_average": 11733201, 
        "date": "2013-07-31", 
        "operating_revenue": 13613393, 
        "short_term_average": 9805086
    }, 
    {
        "accumulated_operating_revenue_yoy": 16.911333842762314, 
        "accumulated_operating_revenue": 91366495, 
        "long_term_average": 11708627, 
        "date": "2013-08-31", 
        "operating_revenue": 9031866, 
        "short_term_average": 9926296
    }, 
    {
        "accumulated_operating_revenue_yoy": 18.25264232852308, 
        "accumulated_operating_revenue": 106081294, 
        "long_term_average": 11971770, 
        "date": "2013-09-30", 
        "operating_revenue": 14714799, 
        "short_term_average": 12453352
    }, 
    {
        "accumulated_operating_revenue_yoy": 19.082725807934057, 
        "accumulated_operating_revenue": 118756613, 
        "long_term_average": 12193145, 
        "date": "2013-10-31", 
        "operating_revenue": 12675319, 
        "short_term_average": 12140661
    }, 
    {
        "accumulated_operating_revenue_yoy": 17.914570416873918, 
        "accumulated_operating_revenue": 130663232, 
        "long_term_average": 12261561, 
        "date": "2013-11-30", 
        "operating_revenue": 11906619, 
        "short_term_average": 13098912
    }, 
    {
        "accumulated_operating_revenue_yoy": 18.290974126614046, 
        "accumulated_operating_revenue": 150569367, 
        "long_term_average": 12547447, 
        "date": "2013-12-31", 
        "operating_revenue": 19906135, 
        "short_term_average": 14829357
    }, 
    {
        "accumulated_operating_revenue_yoy": -7.899178648380486, 
        "accumulated_operating_revenue": 19609301, 
        "long_term_average": 12407295, 
        "date": "2014-01-31", 
        "operating_revenue": 19609301, 
        "short_term_average": 17140685
    }, 
    {
        "accumulated_operating_revenue_yoy": 2.0944370329762325, 
        "accumulated_operating_revenue": 30244211, 
        "long_term_average": 12599151, 
        "date": "2014-02-28", 
        "operating_revenue": 10634910, 
        "short_term_average": 16716782
    }, 
    {
        "accumulated_operating_revenue_yoy": 4.009081971893257, 
        "accumulated_operating_revenue": 43878638, 
        "long_term_average": 12688390, 
        "date": "2014-03-31", 
        "operating_revenue": 13634427, 
        "short_term_average": 14626212
    }, 
    {
        "accumulated_operating_revenue_yoy": 0.32418753284477875, 
        "accumulated_operating_revenue": 53090928, 
        "long_term_average": 12561743, 
        "date": "2014-04-30", 
        "operating_revenue": 9212290, 
        "short_term_average": 11160542
    }, 
    {
        "accumulated_operating_revenue_yoy": 4.051060208445186, 
        "accumulated_operating_revenue": 64082557, 
        "long_term_average": 12755359, 
        "date": "2014-05-31", 
        "operating_revenue": 10991629, 
        "short_term_average": 11279448
    }, 
    {
        "accumulated_operating_revenue_yoy": 12.43077758380248, 
        "accumulated_operating_revenue": 77263820, 
        "long_term_average": 13259329, 
        "date": "2014-06-30", 
        "operating_revenue": 13181263, 
        "short_term_average": 11128394
    }, 
    {
        "accumulated_operating_revenue_yoy": 9.76081036327983, 
        "accumulated_operating_revenue": 90371156, 
        "long_term_average": 13217157, 
        "date": "2014-07-31", 
        "operating_revenue": 13107336, 
        "short_term_average": 12426742
    }, 
    {
        "accumulated_operating_revenue_yoy": 12.489914382728593, 
        "accumulated_operating_revenue": 102778092, 
        "long_term_average": 13498413, 
        "date": "2014-08-31", 
        "operating_revenue": 12406936, 
        "short_term_average": 12898511
    }, 
    {
        "accumulated_operating_revenue_yoy": 9.256885573058716, 
        "accumulated_operating_revenue": 115901118, 
        "long_term_average": 13365765, 
        "date": "2014-09-30", 
        "operating_revenue": 13123026, 
        "short_term_average": 12879099
    }, 
    {
        "accumulated_operating_revenue_yoy": 4.844475481967476, 
        "accumulated_operating_revenue": 124509748, 
        "long_term_average": 13026875, 
        "date": "2014-10-31", 
        "operating_revenue": 8608630, 
        "short_term_average": 11379530
    }, 
    {
        "accumulated_operating_revenue_yoy": 4.235196784356291, 
        "accumulated_operating_revenue": 136197077, 
        "long_term_average": 13008601, 
        "date": "2014-11-30", 
        "operating_revenue": 11687329, 
        "short_term_average": 11139661
    }, 
    {
        "accumulated_operating_revenue_yoy": 2.758138048093142, 
        "accumulated_operating_revenue": 154722278, 
        "long_term_average": 12893523, 
        "date": "2014-12-31", 
        "operating_revenue": 18525201, 
        "short_term_average": 12940386
    }, 
    {
        "accumulated_operating_revenue_yoy": -9.06511149989487, 
        "accumulated_operating_revenue": 17831696, 
        "long_term_average": 12745389, 
        "date": "2015-01-31", 
        "operating_revenue": 17831696, 
        "short_term_average": 16014742
    }, 
    {
        "accumulated_operating_revenue_yoy": 4.093702427879504, 
        "accumulated_operating_revenue": 31482319, 
        "long_term_average": 12996698, 
        "date": "2015-02-28", 
        "operating_revenue": 13650623, 
        "short_term_average": 16669173
    }, 
    {
        "accumulated_operating_revenue_yoy": 10.940613060961464, 
        "accumulated_operating_revenue": 48679230, 
        "long_term_average": 13293572, 
        "date": "2015-03-31", 
        "operating_revenue": 17196911, 
        "short_term_average": 16226410
    }, 
    {
        "accumulated_operating_revenue_yoy": 14.914427564724427, 
        "accumulated_operating_revenue": 61009136, 
        "long_term_average": 13553373, 
        "date": "2015-04-30", 
        "operating_revenue": 12329906, 
        "short_term_average": 14392480
    }, 
    {
        "accumulated_operating_revenue_yoy": 11.401430189497589, 
        "accumulated_operating_revenue": 71388885, 
        "long_term_average": 13502383, 
        "date": "2015-05-31", 
        "operating_revenue": 10379749, 
        "short_term_average": 13302188
    }, 
    {
        "accumulated_operating_revenue_yoy": 7.1949121852893105, 
        "accumulated_operating_revenue": 82822884, 
        "long_term_average": 13356778, 
        "date": "2015-06-30", 
        "operating_revenue": 11433999, 
        "short_term_average": 11381218
    }, 
    {
        "accumulated_operating_revenue_yoy": 5.778626976952691, 
        "accumulated_operating_revenue": 95593368, 
        "long_term_average": 13328707, 
        "date": "2015-07-31", 
        "operating_revenue": 12770484, 
        "short_term_average": 11528077
    }, 
    {
        "accumulated_operating_revenue_yoy": 4.193975502094357, 
        "accumulated_operating_revenue": 107088580, 
        "long_term_average": 13252730, 
        "date": "2015-08-31", 
        "operating_revenue": 11495212, 
        "short_term_average": 11899898
    }
]