[
    {
        "date": "2012-01-31", 
        "operating_revenue": 2956188, 
        "accumulated_operating_revenue": 2956188, 
        "long_term_average": 2956188, 
        "short_term_average": 2956188
    }, 
    {
        "date": "2012-02-29", 
        "operating_revenue": 2918265, 
        "accumulated_operating_revenue": 5874453, 
        "long_term_average": 2937226, 
        "short_term_average": 2937226
    }, 
    {
        "date": "2012-03-31", 
        "operating_revenue": 2700136, 
        "accumulated_operating_revenue": 8574589, 
        "long_term_average": 2858196, 
        "short_term_average": 2858196
    }, 
    {
        "date": "2012-04-30", 
        "operating_revenue": 2949237, 
        "accumulated_operating_revenue": 11523826, 
        "long_term_average": 2880956, 
        "short_term_average": 2855879
    }, 
    {
        "date": "2012-05-31", 
        "operating_revenue": 2678438, 
        "accumulated_operating_revenue": 14202264, 
        "long_term_average": 2840452, 
        "short_term_average": 2775937
    }, 
    {
        "date": "2012-06-30", 
        "operating_revenue": 2725728, 
        "accumulated_operating_revenue": 16927992, 
        "long_term_average": 2821332, 
        "short_term_average": 2784467
    }, 
    {
        "date": "2012-07-31", 
        "operating_revenue": 3734233, 
        "accumulated_operating_revenue": 20662225, 
        "long_term_average": 2951746, 
        "short_term_average": 3046133
    }, 
    {
        "date": "2012-08-31", 
        "operating_revenue": 3315050, 
        "accumulated_operating_revenue": 23977275, 
        "long_term_average": 2997159, 
        "short_term_average": 3258337
    }, 
    {
        "date": "2012-09-30", 
        "operating_revenue": 1873302, 
        "accumulated_operating_revenue": 25850577, 
        "long_term_average": 2872286, 
        "short_term_average": 2974195
    }, 
    {
        "date": "2012-10-31", 
        "operating_revenue": 3499222, 
        "accumulated_operating_revenue": 29349799, 
        "long_term_average": 2934979, 
        "short_term_average": 2895858
    }, 
    {
        "date": "2012-11-30", 
        "operating_revenue": 2712364, 
        "accumulated_operating_revenue": 32062163, 
        "long_term_average": 2914742, 
        "short_term_average": 2694962
    }, 
    {
        "date": "2012-12-31", 
        "operating_revenue": 1774731, 
        "accumulated_operating_revenue": 33836894, 
        "long_term_average": 2819741, 
        "short_term_average": 2662105
    }, 
    {
        "accumulated_operating_revenue_yoy": 6.952196545009992, 
        "accumulated_operating_revenue": 3161708, 
        "long_term_average": 2836867, 
        "date": "2013-01-31", 
        "operating_revenue": 3161708, 
        "short_term_average": 2549601
    }, 
    {
        "accumulated_operating_revenue_yoy": -1.9849677918948367, 
        "accumulated_operating_revenue": 5757847, 
        "long_term_average": 2810024, 
        "date": "2013-02-28", 
        "operating_revenue": 2596139, 
        "short_term_average": 2510859
    }, 
    {
        "accumulated_operating_revenue_yoy": 3.5421872698504853, 
        "accumulated_operating_revenue": 8878317, 
        "long_term_average": 2845051, 
        "date": "2013-03-31", 
        "operating_revenue": 3120470, 
        "short_term_average": 2959439
    }, 
    {
        "accumulated_operating_revenue_yoy": 1.4771916896350223, 
        "accumulated_operating_revenue": 11694055, 
        "long_term_average": 2833926, 
        "date": "2013-04-30", 
        "operating_revenue": 2815738, 
        "short_term_average": 2844115
    }, 
    {
        "accumulated_operating_revenue_yoy": 2.790442425235864, 
        "accumulated_operating_revenue": 14598570, 
        "long_term_average": 2852766, 
        "date": "2013-05-31", 
        "operating_revenue": 2904515, 
        "short_term_average": 2946907
    }, 
    {
        "accumulated_operating_revenue_yoy": 5.271416716170471, 
        "accumulated_operating_revenue": 17820337, 
        "long_term_average": 2894103, 
        "date": "2013-06-30", 
        "operating_revenue": 3221767, 
        "short_term_average": 2980673
    }, 
    {
        "accumulated_operating_revenue_yoy": 1.147557922730974, 
        "accumulated_operating_revenue": 20899336, 
        "long_term_average": 2839500, 
        "date": "2013-07-31", 
        "operating_revenue": 3078999, 
        "short_term_average": 3068427
    }, 
    {
        "accumulated_operating_revenue_yoy": -0.5990422181002637, 
        "accumulated_operating_revenue": 23833641, 
        "long_term_average": 2807771, 
        "date": "2013-08-31", 
        "operating_revenue": 2934305, 
        "short_term_average": 3078357
    }, 
    {
        "accumulated_operating_revenue_yoy": 2.831793657835955, 
        "accumulated_operating_revenue": 26582612, 
        "long_term_average": 2880744, 
        "date": "2013-09-30", 
        "operating_revenue": 2748971, 
        "short_term_average": 2920758
    }, 
    {
        "accumulated_operating_revenue_yoy": 1.0137139269676088, 
        "accumulated_operating_revenue": 29647322, 
        "long_term_average": 2844534, 
        "date": "2013-10-31", 
        "operating_revenue": 3064710, 
        "short_term_average": 2915995
    }, 
    {
        "accumulated_operating_revenue_yoy": 1.3473482746625673, 
        "accumulated_operating_revenue": 32494152, 
        "long_term_average": 2855740, 
        "date": "2013-11-30", 
        "operating_revenue": 2846830, 
        "short_term_average": 2886837
    }, 
    {
        "accumulated_operating_revenue_yoy": 5.418585405622632, 
        "accumulated_operating_revenue": 35670375, 
        "long_term_average": 2972531, 
        "date": "2013-12-31", 
        "operating_revenue": 3176223, 
        "short_term_average": 3029254
    }, 
    {
        "accumulated_operating_revenue_yoy": 5.192288471927199, 
        "accumulated_operating_revenue": 3325873, 
        "long_term_average": 2986211, 
        "date": "2014-01-31", 
        "operating_revenue": 3325873, 
        "short_term_average": 3116308
    }, 
    {
        "accumulated_operating_revenue_yoy": 9.506730553972693, 
        "accumulated_operating_revenue": 6305230, 
        "long_term_average": 3018146, 
        "date": "2014-02-28", 
        "operating_revenue": 2979357, 
        "short_term_average": 3160484
    }, 
    {
        "accumulated_operating_revenue_yoy": 8.308365200296407, 
        "accumulated_operating_revenue": 9615960, 
        "long_term_average": 3034001, 
        "date": "2014-03-31", 
        "operating_revenue": 3310730, 
        "short_term_average": 3205320
    }, 
    {
        "accumulated_operating_revenue_yoy": 7.899766163234225, 
        "accumulated_operating_revenue": 12617858, 
        "long_term_average": 3049514, 
        "date": "2014-04-30", 
        "operating_revenue": 3001898, 
        "short_term_average": 3097328
    }, 
    {
        "accumulated_operating_revenue_yoy": 7.835829125729438, 
        "accumulated_operating_revenue": 15742489, 
        "long_term_average": 3067857, 
        "date": "2014-05-31", 
        "operating_revenue": 3124631, 
        "short_term_average": 3145753
    }, 
    {
        "accumulated_operating_revenue_yoy": 7.249251234698873, 
        "accumulated_operating_revenue": 19112178, 
        "long_term_average": 3080184, 
        "date": "2014-06-30", 
        "operating_revenue": 3369689, 
        "short_term_average": 3165406
    }, 
    {
        "accumulated_operating_revenue_yoy": 8.469852822118368, 
        "accumulated_operating_revenue": 22669479, 
        "long_term_average": 3120043, 
        "date": "2014-07-31", 
        "operating_revenue": 3557301, 
        "short_term_average": 3350540
    }, 
    {
        "accumulated_operating_revenue_yoy": 9.362593822739882, 
        "accumulated_operating_revenue": 26065088, 
        "long_term_average": 3158485, 
        "date": "2014-08-31", 
        "operating_revenue": 3395609, 
        "short_term_average": 3440866
    }, 
    {
        "accumulated_operating_revenue_yoy": 9.837780425791115, 
        "accumulated_operating_revenue": 29197751, 
        "long_term_average": 3190459, 
        "date": "2014-09-30", 
        "operating_revenue": 3132663, 
        "short_term_average": 3361857
    }, 
    {
        "accumulated_operating_revenue_yoy": 8.775032024814923, 
        "accumulated_operating_revenue": 32248884, 
        "long_term_average": 3189328, 
        "date": "2014-10-31", 
        "operating_revenue": 3051133, 
        "short_term_average": 3193135
    }, 
    {
        "accumulated_operating_revenue_yoy": 8.510032820674933, 
        "accumulated_operating_revenue": 35259415, 
        "long_term_average": 3202969, 
        "date": "2014-11-30", 
        "operating_revenue": 3010531, 
        "short_term_average": 3064775
    }, 
    {
        "accumulated_operating_revenue_yoy": 8.746748527314333, 
        "accumulated_operating_revenue": 38790373, 
        "long_term_average": 3232531, 
        "date": "2014-12-31", 
        "operating_revenue": 3530958, 
        "short_term_average": 3197540
    }, 
    {
        "accumulated_operating_revenue_yoy": 4.923068319205213, 
        "accumulated_operating_revenue": 3489608, 
        "long_term_average": 3246175, 
        "date": "2015-01-31", 
        "operating_revenue": 3489608, 
        "short_term_average": 3343699
    }, 
    {
        "accumulated_operating_revenue_yoy": 2.1439820593380414, 
        "accumulated_operating_revenue": 6440413, 
        "long_term_average": 3243796, 
        "date": "2015-02-28", 
        "operating_revenue": 2950805, 
        "short_term_average": 3323790
    }, 
    {
        "accumulated_operating_revenue_yoy": 4.091094388911768, 
        "accumulated_operating_revenue": 10009358, 
        "long_term_average": 3265314, 
        "date": "2015-03-31", 
        "operating_revenue": 3568945, 
        "short_term_average": 3336452
    }, 
    {
        "accumulated_operating_revenue_yoy": 5.17125014404188, 
        "accumulated_operating_revenue": 13270359, 
        "long_term_average": 3286906, 
        "date": "2015-04-30", 
        "operating_revenue": 3261001, 
        "short_term_average": 3260250
    }, 
    {
        "accumulated_operating_revenue_yoy": 5.224504206418692, 
        "accumulated_operating_revenue": 16564956, 
        "long_term_average": 3301070, 
        "date": "2015-05-31", 
        "operating_revenue": 3294597, 
        "short_term_average": 3374847
    }, 
    {
        "accumulated_operating_revenue_yoy": 5.075816058222145, 
        "accumulated_operating_revenue": 20082277, 
        "long_term_average": 3313372, 
        "date": "2015-06-30", 
        "operating_revenue": 3517321, 
        "short_term_average": 3357639
    }, 
    {
        "accumulated_operating_revenue_yoy": 3.52394512463211, 
        "accumulated_operating_revenue": 23468339, 
        "long_term_average": 3299102, 
        "date": "2015-07-31", 
        "operating_revenue": 3386062, 
        "short_term_average": 3399326
    }, 
    {
        "accumulated_operating_revenue_yoy": 2.5407357151451015, 
        "accumulated_operating_revenue": 26727333, 
        "long_term_average": 3287718, 
        "date": "2015-08-31", 
        "operating_revenue": 3258994, 
        "short_term_average": 3387459
    }
]