[
    {
        "date": "2012-01-31", 
        "operating_revenue": 36090584, 
        "accumulated_operating_revenue": 36090584, 
        "long_term_average": 36090584, 
        "short_term_average": 36090584
    }, 
    {
        "date": "2012-02-29", 
        "operating_revenue": 29713321, 
        "accumulated_operating_revenue": 65803905, 
        "long_term_average": 32901952, 
        "short_term_average": 32901952
    }, 
    {
        "date": "2012-03-31", 
        "operating_revenue": 32180875, 
        "accumulated_operating_revenue": 97984780, 
        "long_term_average": 32661593, 
        "short_term_average": 32661593
    }, 
    {
        "date": "2012-04-30", 
        "operating_revenue": 28492070, 
        "accumulated_operating_revenue": 126476850, 
        "long_term_average": 31619212, 
        "short_term_average": 30128755
    }, 
    {
        "date": "2012-05-31", 
        "operating_revenue": 31229950, 
        "accumulated_operating_revenue": 157706800, 
        "long_term_average": 31541360, 
        "short_term_average": 30634298
    }, 
    {
        "date": "2012-06-30", 
        "operating_revenue": 43595750, 
        "accumulated_operating_revenue": 201302550, 
        "long_term_average": 33550425, 
        "short_term_average": 34439256
    }, 
    {
        "date": "2012-07-31", 
        "operating_revenue": 53649456, 
        "accumulated_operating_revenue": 254952006, 
        "long_term_average": 36421715, 
        "short_term_average": 42825052
    }, 
    {
        "date": "2012-08-31", 
        "operating_revenue": 24752589, 
        "accumulated_operating_revenue": 279704595, 
        "long_term_average": 34963074, 
        "short_term_average": 40665931
    }, 
    {
        "date": "2012-09-30", 
        "operating_revenue": 18003365, 
        "accumulated_operating_revenue": 297707960, 
        "long_term_average": 33078662, 
        "short_term_average": 32135136
    }, 
    {
        "date": "2012-10-31", 
        "operating_revenue": 21291900, 
        "accumulated_operating_revenue": 318999860, 
        "long_term_average": 31899986, 
        "short_term_average": 21349284
    }, 
    {
        "date": "2012-11-30", 
        "operating_revenue": 22487541, 
        "accumulated_operating_revenue": 341487401, 
        "long_term_average": 31044309, 
        "short_term_average": 20594268
    }, 
    {
        "date": "2012-12-31", 
        "operating_revenue": 24914351, 
        "accumulated_operating_revenue": 366401752, 
        "long_term_average": 30533479, 
        "short_term_average": 22897930
    }, 
    {
        "accumulated_operating_revenue_yoy": 7.100885372206777, 
        "accumulated_operating_revenue": 38653335, 
        "long_term_average": 30747041, 
        "date": "2013-01-31", 
        "operating_revenue": 38653335, 
        "short_term_average": 28685075
    }, 
    {
        "accumulated_operating_revenue_yoy": -9.564952110364878, 
        "accumulated_operating_revenue": 59509793, 
        "long_term_average": 30008970, 
        "date": "2013-02-28", 
        "operating_revenue": 20856458, 
        "short_term_average": 28141381
    }, 
    {
        "accumulated_operating_revenue_yoy": -12.194504085226297, 
        "accumulated_operating_revenue": 86036022, 
        "long_term_average": 29537749, 
        "date": "2013-03-31", 
        "operating_revenue": 26526229, 
        "short_term_average": 28678674
    }, 
    {
        "accumulated_operating_revenue_yoy": -9.718742995259607, 
        "accumulated_operating_revenue": 114184890, 
        "long_term_average": 29509149, 
        "date": "2013-04-30", 
        "operating_revenue": 28148868, 
        "short_term_average": 25177185
    }, 
    {
        "accumulated_operating_revenue_yoy": -7.364116195370142, 
        "accumulated_operating_revenue": 146093088, 
        "long_term_average": 29565670, 
        "date": "2013-05-31", 
        "operating_revenue": 31908198, 
        "short_term_average": 28861098
    }, 
    {
        "accumulated_operating_revenue_yoy": -10.926741365173962, 
        "accumulated_operating_revenue": 179306741, 
        "long_term_average": 28700495, 
        "date": "2013-06-30", 
        "operating_revenue": 33213653, 
        "short_term_average": 31090239
    }, 
    {
        "accumulated_operating_revenue_yoy": -11.903143448888965, 
        "accumulated_operating_revenue": 224604703, 
        "long_term_average": 28004537, 
        "date": "2013-07-31", 
        "operating_revenue": 45297962, 
        "short_term_average": 36806604
    }, 
    {
        "accumulated_operating_revenue_yoy": -9.219823149490985, 
        "accumulated_operating_revenue": 253916326, 
        "long_term_average": 28384456, 
        "date": "2013-08-31", 
        "operating_revenue": 29311623, 
        "short_term_average": 35941079
    }, 
    {
        "accumulated_operating_revenue_yoy": -5.620908154420863, 
        "accumulated_operating_revenue": 280974069, 
        "long_term_average": 29138988, 
        "date": "2013-09-30", 
        "operating_revenue": 27057743, 
        "short_term_average": 33889109
    }, 
    {
        "accumulated_operating_revenue_yoy": -3.4752356944608063, 
        "accumulated_operating_revenue": 307913863, 
        "long_term_average": 29609646, 
        "date": "2013-10-31", 
        "operating_revenue": 26939794, 
        "short_term_average": 27769720
    }, 
    {
        "accumulated_operating_revenue_yoy": -2.2059493199282043, 
        "accumulated_operating_revenue": 333954362, 
        "long_term_average": 29905726, 
        "date": "2013-11-30", 
        "operating_revenue": 26040499, 
        "short_term_average": 26679345
    }, 
    {
        "accumulated_operating_revenue_yoy": 2.131182222076274, 
        "accumulated_operating_revenue": 374210441, 
        "long_term_average": 31184203, 
        "date": "2013-12-31", 
        "operating_revenue": 40256079, 
        "short_term_average": 31078790
    }, 
    {
        "accumulated_operating_revenue_yoy": 12.722472718072062, 
        "accumulated_operating_revenue": 43570995, 
        "long_term_average": 31594008, 
        "date": "2014-01-31", 
        "operating_revenue": 43570995, 
        "short_term_average": 36622524
    }, 
    {
        "accumulated_operating_revenue_yoy": 10.277621029533744, 
        "accumulated_operating_revenue": 65625984, 
        "long_term_average": 31693886, 
        "date": "2014-02-28", 
        "operating_revenue": 22054989, 
        "short_term_average": 35294021
    }, 
    {
        "accumulated_operating_revenue_yoy": 13.042380085866826, 
        "accumulated_operating_revenue": 97257167, 
        "long_term_average": 32119298, 
        "date": "2014-03-31", 
        "operating_revenue": 31631183, 
        "short_term_average": 32419055
    }, 
    {
        "accumulated_operating_revenue_yoy": 7.501177257341142, 
        "accumulated_operating_revenue": 122750101, 
        "long_term_average": 31897971, 
        "date": "2014-04-30", 
        "operating_revenue": 25492934, 
        "short_term_average": 26393035
    }, 
    {
        "accumulated_operating_revenue_yoy": 3.540328341885689, 
        "accumulated_operating_revenue": 151265263, 
        "long_term_average": 31615218, 
        "date": "2014-05-31", 
        "operating_revenue": 28515162, 
        "short_term_average": 28546426
    }, 
    {
        "accumulated_operating_revenue_yoy": 0.849428745124535, 
        "accumulated_operating_revenue": 180829824, 
        "long_term_average": 31311127, 
        "date": "2014-06-30", 
        "operating_revenue": 29564561, 
        "short_term_average": 27857552
    }, 
    {
        "accumulated_operating_revenue_yoy": -1.9959310469113374, 
        "accumulated_operating_revenue": 220121748, 
        "long_term_average": 30810623, 
        "date": "2014-07-31", 
        "operating_revenue": 39291924, 
        "short_term_average": 32457215
    }, 
    {
        "accumulated_operating_revenue_yoy": -1.8167094935045651, 
        "accumulated_operating_revenue": 249303404, 
        "long_term_average": 30799793, 
        "date": "2014-08-31", 
        "operating_revenue": 29181656, 
        "short_term_average": 32679380
    }, 
    {
        "accumulated_operating_revenue_yoy": 4.704318461501869, 
        "accumulated_operating_revenue": 294191984, 
        "long_term_average": 32285696, 
        "date": "2014-09-30", 
        "operating_revenue": 44888580, 
        "short_term_average": 37787386
    }, 
    {
        "accumulated_operating_revenue_yoy": 3.9667285132920433, 
        "accumulated_operating_revenue": 320127970, 
        "long_term_average": 32202045, 
        "date": "2014-10-31", 
        "operating_revenue": 25935986, 
        "short_term_average": 33335407
    }, 
    {
        "accumulated_operating_revenue_yoy": 3.9142638897467075, 
        "accumulated_operating_revenue": 347026217, 
        "long_term_average": 32273524, 
        "date": "2014-11-30", 
        "operating_revenue": 26898247, 
        "short_term_average": 32574271
    }, 
    {
        "accumulated_operating_revenue_yoy": 2.026759857296446, 
        "accumulated_operating_revenue": 381794788, 
        "long_term_average": 31816232, 
        "date": "2014-12-31", 
        "operating_revenue": 34768571, 
        "short_term_average": 29200934
    }, 
    {
        "accumulated_operating_revenue_yoy": -1.4609879806508894, 
        "accumulated_operating_revenue": 42934428, 
        "long_term_average": 31763185, 
        "date": "2015-01-31", 
        "operating_revenue": 42934428, 
        "short_term_average": 34867082
    }, 
    {
        "accumulated_operating_revenue_yoy": 6.974568183236689, 
        "accumulated_operating_revenue": 70203113, 
        "long_term_average": 32197659, 
        "date": "2015-02-28", 
        "operating_revenue": 27268685, 
        "short_term_average": 34990561
    }, 
    {
        "accumulated_operating_revenue_yoy": -9.586484253648885, 
        "accumulated_operating_revenue": 87933624, 
        "long_term_average": 31039270, 
        "date": "2015-03-31", 
        "operating_revenue": 17730511, 
        "short_term_average": 29311208
    }, 
    {
        "accumulated_operating_revenue_yoy": -1.8344758836491712, 
        "accumulated_operating_revenue": 120498280, 
        "long_term_average": 31628580, 
        "date": "2015-04-30", 
        "operating_revenue": 32564656, 
        "short_term_average": 25854617
    }, 
    {
        "accumulated_operating_revenue_yoy": -1.2404923396060867, 
        "accumulated_operating_revenue": 149388829, 
        "long_term_average": 31659862, 
        "date": "2015-05-31", 
        "operating_revenue": 28890549, 
        "short_term_average": 26395238
    }, 
    {
        "accumulated_operating_revenue_yoy": 4.090485649092929, 
        "accumulated_operating_revenue": 188226642, 
        "long_term_average": 32432633, 
        "date": "2015-06-30", 
        "operating_revenue": 38837813, 
        "short_term_average": 33431006
    }, 
    {
        "accumulated_operating_revenue_yoy": 7.214908633198751, 
        "accumulated_operating_revenue": 236003331, 
        "long_term_average": 33139697, 
        "date": "2015-07-31", 
        "operating_revenue": 47776689, 
        "short_term_average": 38501683
    }, 
    {
        "accumulated_operating_revenue_yoy": 11.046456870681157, 
        "accumulated_operating_revenue": 276842597, 
        "long_term_average": 34111165, 
        "date": "2015-08-31", 
        "operating_revenue": 40839266, 
        "short_term_average": 42484589
    }, 
    {
        "accumulated_operating_revenue_yoy": 8.28893046929518, 
        "accumulated_operating_revenue": 318577353, 
        "long_term_average": 33848346, 
        "date": "2015-09-30", 
        "operating_revenue": 41734756, 
        "short_term_average": 43450237
    }
]