[
    {
        "date": "2012-01-31", 
        "operating_revenue": 35066951, 
        "accumulated_operating_revenue": 35066951, 
        "long_term_average": 35066951, 
        "short_term_average": 35066951
    }, 
    {
        "date": "2012-02-29", 
        "operating_revenue": 31740748, 
        "accumulated_operating_revenue": 66807699, 
        "long_term_average": 33403849, 
        "short_term_average": 33403849
    }, 
    {
        "date": "2012-03-31", 
        "operating_revenue": 50809773, 
        "accumulated_operating_revenue": 117617472, 
        "long_term_average": 39205824, 
        "short_term_average": 39205824
    }, 
    {
        "date": "2012-04-30", 
        "operating_revenue": 22421583, 
        "accumulated_operating_revenue": 140039055, 
        "long_term_average": 35009763, 
        "short_term_average": 34990701
    }, 
    {
        "date": "2012-05-31", 
        "operating_revenue": 44770726, 
        "accumulated_operating_revenue": 184809781, 
        "long_term_average": 36961956, 
        "short_term_average": 39334027
    }, 
    {
        "date": "2012-06-30", 
        "operating_revenue": 21615838, 
        "accumulated_operating_revenue": 206425619, 
        "long_term_average": 34404269, 
        "short_term_average": 29602715
    }, 
    {
        "date": "2012-07-31", 
        "operating_revenue": 46870505, 
        "accumulated_operating_revenue": 253296124, 
        "long_term_average": 36185160, 
        "short_term_average": 37752356
    }, 
    {
        "date": "2012-08-31", 
        "operating_revenue": 18831901, 
        "accumulated_operating_revenue": 272128025, 
        "long_term_average": 34016003, 
        "short_term_average": 29106081
    }, 
    {
        "date": "2012-09-30", 
        "operating_revenue": 18753882, 
        "accumulated_operating_revenue": 290881907, 
        "long_term_average": 32320211, 
        "short_term_average": 28152096
    }, 
    {
        "date": "2012-10-31", 
        "operating_revenue": 27605496, 
        "accumulated_operating_revenue": 318487403, 
        "long_term_average": 31848740, 
        "short_term_average": 21730426
    }, 
    {
        "date": "2012-11-30", 
        "operating_revenue": 21122942, 
        "accumulated_operating_revenue": 339610345, 
        "long_term_average": 30873667, 
        "short_term_average": 22494106
    }, 
    {
        "date": "2012-12-31", 
        "operating_revenue": 32601865, 
        "accumulated_operating_revenue": 372212210, 
        "long_term_average": 31017684, 
        "short_term_average": 27110101
    }, 
    {
        "accumulated_operating_revenue_yoy": 19.847505418991233, 
        "accumulated_operating_revenue": 42026866, 
        "long_term_average": 31597677, 
        "date": "2013-01-31", 
        "operating_revenue": 42026866, 
        "short_term_average": 31917224
    }, 
    {
        "accumulated_operating_revenue_yoy": -11.781181088125786, 
        "accumulated_operating_revenue": 58936963, 
        "long_term_average": 30361789, 
        "date": "2013-02-28", 
        "operating_revenue": 16910097, 
        "short_term_average": 30512942
    }, 
    {
        "accumulated_operating_revenue_yoy": -27.950372883375696, 
        "accumulated_operating_revenue": 84742950, 
        "long_term_average": 28278140, 
        "date": "2013-03-31", 
        "operating_revenue": 25805987, 
        "short_term_average": 28247650
    }, 
    {
        "accumulated_operating_revenue_yoy": -14.335782971400372, 
        "accumulated_operating_revenue": 119963360, 
        "long_term_average": 29344709, 
        "date": "2013-04-30", 
        "operating_revenue": 35220410, 
        "short_term_average": 25978831
    }, 
    {
        "accumulated_operating_revenue_yoy": -19.537959411358212, 
        "accumulated_operating_revenue": 148701721, 
        "long_term_average": 28008679, 
        "date": "2013-05-31", 
        "operating_revenue": 28738361, 
        "short_term_average": 29921586
    }, 
    {
        "accumulated_operating_revenue_yoy": -16.615613975705216, 
        "accumulated_operating_revenue": 172126735, 
        "long_term_average": 28159443, 
        "date": "2013-06-30", 
        "operating_revenue": 23425014, 
        "short_term_average": 29127928
    }, 
    {
        "accumulated_operating_revenue_yoy": -14.67405241463545, 
        "accumulated_operating_revenue": 216127318, 
        "long_term_average": 27920283, 
        "date": "2013-07-31", 
        "operating_revenue": 44000583, 
        "short_term_average": 32054652
    }, 
    {
        "accumulated_operating_revenue_yoy": -12.151926652905374, 
        "accumulated_operating_revenue": 239059227, 
        "long_term_average": 28261951, 
        "date": "2013-08-31", 
        "operating_revenue": 22931909, 
        "short_term_average": 30119168
    }, 
    {
        "accumulated_operating_revenue_yoy": -10.280882131317986, 
        "accumulated_operating_revenue": 260976681, 
        "long_term_average": 28525582, 
        "date": "2013-09-30", 
        "operating_revenue": 21917454, 
        "short_term_average": 29616648
    }, 
    {
        "accumulated_operating_revenue_yoy": -3.8705405249575913, 
        "accumulated_operating_revenue": 306160219, 
        "long_term_average": 29990418, 
        "date": "2013-10-31", 
        "operating_revenue": 45183538, 
        "short_term_average": 30010967
    }, 
    {
        "accumulated_operating_revenue_yoy": -3.562531936416719, 
        "accumulated_operating_revenue": 327511618, 
        "long_term_average": 30009456, 
        "date": "2013-11-30", 
        "operating_revenue": 21351399, 
        "short_term_average": 29484130
    }, 
    {
        "accumulated_operating_revenue_yoy": 5.261993957694187, 
        "accumulated_operating_revenue": 391797994, 
        "long_term_average": 32649832, 
        "date": "2013-12-31", 
        "operating_revenue": 64286376, 
        "short_term_average": 43607104
    }, 
    {
        "accumulated_operating_revenue_yoy": -6.845207063500762, 
        "accumulated_operating_revenue": 39150040, 
        "long_term_average": 32410097, 
        "date": "2014-01-31", 
        "operating_revenue": 39150040, 
        "short_term_average": 41595938
    }, 
    {
        "accumulated_operating_revenue_yoy": 14.145662714246065, 
        "accumulated_operating_revenue": 67273987, 
        "long_term_average": 33344584, 
        "date": "2014-02-28", 
        "operating_revenue": 28123947, 
        "short_term_average": 43853454
    }, 
    {
        "accumulated_operating_revenue_yoy": 1.2116901759969414, 
        "accumulated_operating_revenue": 85769772, 
        "long_term_average": 32735401, 
        "date": "2014-03-31", 
        "operating_revenue": 18495785, 
        "short_term_average": 28589924
    }, 
    {
        "accumulated_operating_revenue_yoy": -4.064342645954564, 
        "accumulated_operating_revenue": 115087638, 
        "long_term_average": 32243522, 
        "date": "2014-04-30", 
        "operating_revenue": 29317866, 
        "short_term_average": 25312532
    }, 
    {
        "accumulated_operating_revenue_yoy": -7.237148923111657, 
        "accumulated_operating_revenue": 137939956, 
        "long_term_average": 31753019, 
        "date": "2014-05-31", 
        "operating_revenue": 22852318, 
        "short_term_average": 23555323
    }, 
    {
        "accumulated_operating_revenue_yoy": -2.9888175128634145, 
        "accumulated_operating_revenue": 166982181, 
        "long_term_average": 32221120, 
        "date": "2014-06-30", 
        "operating_revenue": 29042225, 
        "short_term_average": 27070803
    }, 
    {
        "accumulated_operating_revenue_yoy": -1.696705457659915, 
        "accumulated_operating_revenue": 212460274, 
        "long_term_average": 32344245, 
        "date": "2014-07-31", 
        "operating_revenue": 45478093, 
        "short_term_average": 32457545
    }, 
    {
        "accumulated_operating_revenue_yoy": -3.2459495905589955, 
        "accumulated_operating_revenue": 231299485, 
        "long_term_average": 32003187, 
        "date": "2014-08-31", 
        "operating_revenue": 18839211, 
        "short_term_average": 31119843
    }, 
    {
        "accumulated_operating_revenue_yoy": 9.310192353929123, 
        "accumulated_operating_revenue": 285274112, 
        "long_term_average": 34674618, 
        "date": "2014-09-30", 
        "operating_revenue": 53974627, 
        "short_term_average": 39430643
    }, 
    {
        "accumulated_operating_revenue_yoy": -7.121028909575965, 
        "accumulated_operating_revenue": 304189421, 
        "long_term_average": 32485599, 
        "date": "2014-11-30", 
        "operating_revenue": 18915309, 
        "short_term_average": 30576382
    }, 
    {
        "accumulated_operating_revenue_yoy": -5.867134429483578, 
        "accumulated_operating_revenue": 368810679, 
        "long_term_average": 36091421, 
        "date": "2014-12-31", 
        "operating_revenue": 64621258, 
        "short_term_average": 45837064
    }, 
    {
        "accumulated_operating_revenue_yoy": -16.051891645576863, 
        "accumulated_operating_revenue": 32865718, 
        "long_term_average": 33473033, 
        "date": "2015-01-31", 
        "operating_revenue": 32865718, 
        "short_term_average": 38800761
    }, 
    {
        "accumulated_operating_revenue_yoy": -17.377557836731157, 
        "accumulated_operating_revenue": 55583411, 
        "long_term_average": 32103670, 
        "date": "2015-02-28", 
        "operating_revenue": 22717693, 
        "short_term_average": 40068223
    }, 
    {
        "accumulated_operating_revenue_yoy": 21.58289985893865, 
        "accumulated_operating_revenue": 104281376, 
        "long_term_average": 33818172, 
        "date": "2015-03-31", 
        "operating_revenue": 48697965, 
        "short_term_average": 34760458
    }, 
    {
        "accumulated_operating_revenue_yoy": 23.702006987057985, 
        "accumulated_operating_revenue": 142365718, 
        "long_term_average": 35450552, 
        "date": "2015-04-30", 
        "operating_revenue": 38084342, 
        "short_term_average": 36500000
    }, 
    {
        "accumulated_operating_revenue_yoy": 34.82206562397337, 
        "accumulated_operating_revenue": 185973498, 
        "long_term_average": 36641378, 
        "date": "2015-05-31", 
        "operating_revenue": 43607780, 
        "short_term_average": 43463362
    }, 
    {
        "accumulated_operating_revenue_yoy": 42.21882453433759, 
        "accumulated_operating_revenue": 237480095, 
        "long_term_average": 39029234, 
        "date": "2015-06-30", 
        "operating_revenue": 51506597, 
        "short_term_average": 44399573
    }, 
    {
        "accumulated_operating_revenue_yoy": 29.6441903299061, 
        "accumulated_operating_revenue": 275442402, 
        "long_term_average": 39772575, 
        "date": "2015-07-31", 
        "operating_revenue": 37962307, 
        "short_term_average": 44358894
    }, 
    {
        "accumulated_operating_revenue_yoy": 28.58457034610345, 
        "accumulated_operating_revenue": 297415449, 
        "long_term_average": 37813821, 
        "date": "2015-08-31", 
        "operating_revenue": 21973047, 
        "short_term_average": 37147317
    }, 
    {
        "accumulated_operating_revenue_yoy": 22.627440515878288, 
        "accumulated_operating_revenue": 349824342, 
        "long_term_average": 40611294, 
        "date": "2015-09-30", 
        "operating_revenue": 52408893, 
        "short_term_average": 37448082
    }
]