[
    {
        "date": "2012-01-31", 
        "operating_revenue": 946439, 
        "accumulated_operating_revenue": 946439, 
        "long_term_average": 946439, 
        "short_term_average": 946439
    }, 
    {
        "date": "2012-02-29", 
        "operating_revenue": 1081406, 
        "accumulated_operating_revenue": 2027845, 
        "long_term_average": 1013922, 
        "short_term_average": 1013922
    }, 
    {
        "date": "2012-03-31", 
        "operating_revenue": 783700, 
        "accumulated_operating_revenue": 2811545, 
        "long_term_average": 937181, 
        "short_term_average": 937181
    }, 
    {
        "date": "2012-04-30", 
        "operating_revenue": 156094, 
        "accumulated_operating_revenue": 2967639, 
        "long_term_average": 741909, 
        "short_term_average": 673733
    }, 
    {
        "date": "2012-05-31", 
        "operating_revenue": 598255, 
        "accumulated_operating_revenue": 3565894, 
        "long_term_average": 713178, 
        "short_term_average": 512683
    }, 
    {
        "date": "2012-06-30", 
        "operating_revenue": 1674128, 
        "accumulated_operating_revenue": 5240022, 
        "long_term_average": 873337, 
        "short_term_average": 809492
    }, 
    {
        "date": "2012-07-31", 
        "operating_revenue": 2271167, 
        "accumulated_operating_revenue": 7511189, 
        "long_term_average": 1073027, 
        "short_term_average": 1514516
    }, 
    {
        "date": "2012-08-31", 
        "operating_revenue": 1565754, 
        "accumulated_operating_revenue": 9076943, 
        "long_term_average": 1134617, 
        "short_term_average": 1837016
    }, 
    {
        "date": "2012-09-30", 
        "operating_revenue": 1507385, 
        "accumulated_operating_revenue": 10584328, 
        "long_term_average": 1176036, 
        "short_term_average": 1781435
    }, 
    {
        "date": "2012-10-31", 
        "operating_revenue": 1469414, 
        "accumulated_operating_revenue": 12053742, 
        "long_term_average": 1205374, 
        "short_term_average": 1514184
    }, 
    {
        "date": "2012-11-30", 
        "operating_revenue": 1650160, 
        "accumulated_operating_revenue": 13703902, 
        "long_term_average": 1245809, 
        "short_term_average": 1542319
    }, 
    {
        "date": "2012-12-31", 
        "operating_revenue": 3663503, 
        "accumulated_operating_revenue": 17367405, 
        "long_term_average": 1447283, 
        "short_term_average": 2261025
    }, 
    {
        "accumulated_operating_revenue_yoy": 106.78437807402273, 
        "accumulated_operating_revenue": 1957088, 
        "long_term_average": 1531504, 
        "date": "2013-01-31", 
        "operating_revenue": 1957088, 
        "short_term_average": 2423583
    }, 
    {
        "accumulated_operating_revenue_yoy": 53.35683940340608, 
        "accumulated_operating_revenue": 3109839, 
        "long_term_average": 1537449, 
        "date": "2013-02-28", 
        "operating_revenue": 1152751, 
        "short_term_average": 2257780
    }, 
    {
        "accumulated_operating_revenue_yoy": 82.72174196038121, 
        "accumulated_operating_revenue": 5137304, 
        "long_term_average": 1641097, 
        "date": "2013-03-31", 
        "operating_revenue": 2027465, 
        "short_term_average": 1712434
    }, 
    {
        "accumulated_operating_revenue_yoy": 117.81898000396949, 
        "accumulated_operating_revenue": 6464081, 
        "long_term_average": 1738653, 
        "date": "2013-04-30", 
        "operating_revenue": 1326777, 
        "short_term_average": 1502331
    }, 
    {
        "accumulated_operating_revenue_yoy": 157.98066347457328, 
        "accumulated_operating_revenue": 9199317, 
        "long_term_average": 1916735, 
        "date": "2013-05-31", 
        "operating_revenue": 2735236, 
        "short_term_average": 2029826
    }, 
    {
        "accumulated_operating_revenue_yoy": 115.14860052114284, 
        "accumulated_operating_revenue": 11273834, 
        "long_term_average": 1950101, 
        "date": "2013-06-30", 
        "operating_revenue": 2074517, 
        "short_term_average": 2045510
    }, 
    {
        "accumulated_operating_revenue_yoy": 87.63833528886039, 
        "accumulated_operating_revenue": 14093870, 
        "long_term_average": 1995840, 
        "date": "2013-07-31", 
        "operating_revenue": 2820036, 
        "short_term_average": 2543263
    }, 
    {
        "accumulated_operating_revenue_yoy": 74.21662777875767, 
        "accumulated_operating_revenue": 15813544, 
        "long_term_average": 2008667, 
        "date": "2013-08-31", 
        "operating_revenue": 1719674, 
        "short_term_average": 2204742
    }, 
    {
        "accumulated_operating_revenue_yoy": 65.36729587367284, 
        "accumulated_operating_revenue": 17503017, 
        "long_term_average": 2023841, 
        "date": "2013-09-30", 
        "operating_revenue": 1689473, 
        "short_term_average": 2076394
    }, 
    {
        "accumulated_operating_revenue_yoy": 67.76295693071911, 
        "accumulated_operating_revenue": 20221714, 
        "long_term_average": 2127948, 
        "date": "2013-10-31", 
        "operating_revenue": 2718697, 
        "short_term_average": 2042614
    }, 
    {
        "accumulated_operating_revenue_yoy": 61.32004592560571, 
        "accumulated_operating_revenue": 22107141, 
        "long_term_average": 2147553, 
        "date": "2013-11-30", 
        "operating_revenue": 1885427, 
        "short_term_average": 2097865
    }, 
    {
        "accumulated_operating_revenue_yoy": 42.663725524912905, 
        "accumulated_operating_revenue": 24776987, 
        "long_term_average": 2064748, 
        "date": "2013-12-31", 
        "operating_revenue": 2669846, 
        "short_term_average": 2424656
    }, 
    {
        "accumulated_operating_revenue_yoy": -2.381650697362612, 
        "accumulated_operating_revenue": 1910477, 
        "long_term_average": 2060864, 
        "date": "2014-01-31", 
        "operating_revenue": 1910477, 
        "short_term_average": 2155250
    }, 
    {
        "accumulated_operating_revenue_yoy": 27.09706193793312, 
        "accumulated_operating_revenue": 3952514, 
        "long_term_average": 2134971, 
        "date": "2014-02-28", 
        "operating_revenue": 2042037, 
        "short_term_average": 2207453
    }, 
    {
        "accumulated_operating_revenue_yoy": 28.305644361322592, 
        "accumulated_operating_revenue": 6591451, 
        "long_term_average": 2185927, 
        "date": "2014-03-31", 
        "operating_revenue": 2638937, 
        "short_term_average": 2197150
    }, 
    {
        "accumulated_operating_revenue_yoy": 33.75315067988783, 
        "accumulated_operating_revenue": 8645912, 
        "long_term_average": 2246568, 
        "date": "2014-04-30", 
        "operating_revenue": 2054461, 
        "short_term_average": 2245145
    }, 
    {
        "accumulated_operating_revenue_yoy": 19.158335341634604, 
        "accumulated_operating_revenue": 10961753, 
        "long_term_average": 2211618, 
        "date": "2014-05-31", 
        "operating_revenue": 2315841, 
        "short_term_average": 2336413
    }, 
    {
        "accumulated_operating_revenue_yoy": 15.241026256019028, 
        "accumulated_operating_revenue": 12992082, 
        "long_term_average": 2207936, 
        "date": "2014-06-30", 
        "operating_revenue": 2030329, 
        "short_term_average": 2133543
    }, 
    {
        "accumulated_operating_revenue_yoy": 15.447417919989329, 
        "accumulated_operating_revenue": 16271009, 
        "long_term_average": 2246177, 
        "date": "2014-07-31", 
        "operating_revenue": 3278927, 
        "short_term_average": 2541699
    }, 
    {
        "accumulated_operating_revenue_yoy": 16.053226272365006, 
        "accumulated_operating_revenue": 18352128, 
        "long_term_average": 2276297, 
        "date": "2014-08-31", 
        "operating_revenue": 2081119, 
        "short_term_average": 2463458
    }, 
    {
        "accumulated_operating_revenue_yoy": 17.71778545378777, 
        "accumulated_operating_revenue": 20604164, 
        "long_term_average": 2323177, 
        "date": "2014-09-30", 
        "operating_revenue": 2252036, 
        "short_term_average": 2537360
    }, 
    {
        "accumulated_operating_revenue_yoy": 12.74202572541576, 
        "accumulated_operating_revenue": 22798370, 
        "long_term_average": 2279470, 
        "date": "2014-10-31", 
        "operating_revenue": 2194206, 
        "short_term_average": 2175787
    }, 
    {
        "accumulated_operating_revenue_yoy": 15.497386116097056, 
        "accumulated_operating_revenue": 25533170, 
        "long_term_average": 2350251, 
        "date": "2014-11-30", 
        "operating_revenue": 2734800, 
        "short_term_average": 2393680
    }, 
    {
        "accumulated_operating_revenue_yoy": 16.24661222932393, 
        "accumulated_operating_revenue": 28802408, 
        "long_term_average": 2400200, 
        "date": "2014-12-31", 
        "operating_revenue": 3269238, 
        "short_term_average": 2732748
    }, 
    {
        "accumulated_operating_revenue_yoy": 8.797436451734306, 
        "accumulated_operating_revenue": 2078550, 
        "long_term_average": 2414206, 
        "date": "2015-01-31", 
        "operating_revenue": 2078550, 
        "short_term_average": 2694196
    }, 
    {
        "accumulated_operating_revenue_yoy": 22.178314864918885, 
        "accumulated_operating_revenue": 4829115, 
        "long_term_average": 2473250, 
        "date": "2015-02-28", 
        "operating_revenue": 2750565, 
        "short_term_average": 2699451
    }, 
    {
        "accumulated_operating_revenue_yoy": 22.290554841415037, 
        "accumulated_operating_revenue": 8060722, 
        "long_term_average": 2522639, 
        "date": "2015-03-31", 
        "operating_revenue": 3231607, 
        "short_term_average": 2686907
    }, 
    {
        "accumulated_operating_revenue_yoy": 29.583819497584525, 
        "accumulated_operating_revenue": 11203703, 
        "long_term_average": 2613349, 
        "date": "2015-04-30", 
        "operating_revenue": 3142981, 
        "short_term_average": 3041717
    }, 
    {
        "accumulated_operating_revenue_yoy": 27.867112130696615, 
        "accumulated_operating_revenue": 14016477, 
        "long_term_average": 2654761, 
        "date": "2015-05-31", 
        "operating_revenue": 2812774, 
        "short_term_average": 3062454
    }, 
    {
        "accumulated_operating_revenue_yoy": 24.557403501609674, 
        "accumulated_operating_revenue": 16182600, 
        "long_term_average": 2666077, 
        "date": "2015-06-30", 
        "operating_revenue": 2166123, 
        "short_term_average": 2707292
    }, 
    {
        "accumulated_operating_revenue_yoy": 16.6333753487568, 
        "accumulated_operating_revenue": 18977427, 
        "long_term_average": 2625735, 
        "date": "2015-07-31", 
        "operating_revenue": 2794827, 
        "short_term_average": 2591241
    }, 
    {
        "accumulated_operating_revenue_yoy": 9.273861864956478, 
        "accumulated_operating_revenue": 20054079, 
        "long_term_average": 2542029, 
        "date": "2015-08-31", 
        "operating_revenue": 1076652, 
        "short_term_average": 2012534
    }, 
    {
        "accumulated_operating_revenue_yoy": 6.245659857881154, 
        "accumulated_operating_revenue": 21891030, 
        "long_term_average": 2507439, 
        "date": "2015-09-30", 
        "operating_revenue": 1836951, 
        "short_term_average": 1902810
    }
]