[
    {
        "date": "2011-09-30", 
        "operating_revenue": 1562360, 
        "accumulated_operating_revenue": 1562360, 
        "long_term_average": 1562360, 
        "short_term_average": 1562360
    }, 
    {
        "date": "2011-10-31", 
        "operating_revenue": 1673777, 
        "accumulated_operating_revenue": 3236137, 
        "long_term_average": 1618068, 
        "short_term_average": 1618068
    }, 
    {
        "date": "2011-11-30", 
        "operating_revenue": 1582639, 
        "accumulated_operating_revenue": 4818776, 
        "long_term_average": 1606258, 
        "short_term_average": 1606258
    }, 
    {
        "date": "2011-12-31", 
        "operating_revenue": 1602594, 
        "accumulated_operating_revenue": 6421370, 
        "long_term_average": 1605342, 
        "short_term_average": 1619670
    }, 
    {
        "date": "2012-01-31", 
        "operating_revenue": 1791152, 
        "accumulated_operating_revenue": 1791152, 
        "long_term_average": 1642504, 
        "short_term_average": 1658795
    }, 
    {
        "date": "2012-02-29", 
        "operating_revenue": 1874637, 
        "accumulated_operating_revenue": 3665789, 
        "long_term_average": 1681193, 
        "short_term_average": 1756127
    }, 
    {
        "date": "2012-03-31", 
        "operating_revenue": 3196363, 
        "accumulated_operating_revenue": 6862152, 
        "long_term_average": 1897646, 
        "short_term_average": 2287384
    }, 
    {
        "date": "2012-04-30", 
        "operating_revenue": 1818239, 
        "accumulated_operating_revenue": 8680391, 
        "long_term_average": 1887720, 
        "short_term_average": 2296413
    }, 
    {
        "date": "2012-05-31", 
        "operating_revenue": 1893586, 
        "accumulated_operating_revenue": 10573977, 
        "long_term_average": 1888371, 
        "short_term_average": 2302729
    }, 
    {
        "date": "2012-06-30", 
        "operating_revenue": 1881234, 
        "accumulated_operating_revenue": 12455211, 
        "long_term_average": 1887658, 
        "short_term_average": 1864353
    }, 
    {
        "date": "2012-07-31", 
        "operating_revenue": 1918505, 
        "accumulated_operating_revenue": 14373716, 
        "long_term_average": 1890462, 
        "short_term_average": 1897775
    }, 
    {
        "date": "2012-08-31", 
        "operating_revenue": 1899349, 
        "accumulated_operating_revenue": 16273065, 
        "long_term_average": 1891202, 
        "short_term_average": 1899696
    }, 
    {
        "accumulated_operating_revenue_yoy": 1066.18493817046, 
        "accumulated_operating_revenue": 18220007, 
        "long_term_average": 1923251, 
        "date": "2012-09-30", 
        "operating_revenue": 1946942, 
        "short_term_average": 1921598
    }, 
    {
        "accumulated_operating_revenue_yoy": 524.1114946616908, 
        "accumulated_operating_revenue": 20197103, 
        "long_term_average": 1948528, 
        "date": "2012-10-31", 
        "operating_revenue": 1977096, 
        "short_term_average": 1941129
    }, 
    {
        "accumulated_operating_revenue_yoy": 355.8731719424186, 
        "accumulated_operating_revenue": 21967507, 
        "long_term_average": 1964175, 
        "date": "2012-11-30", 
        "operating_revenue": 1770404, 
        "short_term_average": 1898147
    }, 
    {
        "accumulated_operating_revenue_yoy": 272.3188198157091, 
        "accumulated_operating_revenue": 23907969, 
        "long_term_average": 1992330, 
        "date": "2012-12-31", 
        "operating_revenue": 1940462, 
        "short_term_average": 1895987
    }, 
    {
        "accumulated_operating_revenue_yoy": 35.910687646832876, 
        "accumulated_operating_revenue": 2434367, 
        "long_term_average": 2045932, 
        "date": "2013-01-31", 
        "operating_revenue": 2434367, 
        "short_term_average": 2048411
    }, 
    {
        "accumulated_operating_revenue_yoy": 20.446375937076574, 
        "accumulated_operating_revenue": 4415310, 
        "long_term_average": 2054790, 
        "date": "2013-02-28", 
        "operating_revenue": 1980943, 
        "short_term_average": 2118590
    }, 
    {
        "accumulated_operating_revenue_yoy": -3.7082536207300567, 
        "accumulated_operating_revenue": 6607686, 
        "long_term_average": 1971125, 
        "date": "2013-03-31", 
        "operating_revenue": 2192376, 
        "short_term_average": 2202562
    }, 
    {
        "accumulated_operating_revenue_yoy": 1.1395800027901968, 
        "accumulated_operating_revenue": 8779311, 
        "long_term_average": 2000574, 
        "date": "2013-04-30", 
        "operating_revenue": 2171625, 
        "short_term_average": 2114981
    }, 
    {
        "accumulated_operating_revenue_yoy": 7.535215936255583, 
        "accumulated_operating_revenue": 11370749, 
        "long_term_average": 2058728, 
        "date": "2013-05-31", 
        "operating_revenue": 2591438, 
        "short_term_average": 2318479
    }, 
    {
        "accumulated_operating_revenue_yoy": 8.159171289832024, 
        "accumulated_operating_revenue": 13471453, 
        "long_term_average": 2077017, 
        "date": "2013-06-30", 
        "operating_revenue": 2100704, 
        "short_term_average": 2287922
    }, 
    {
        "accumulated_operating_revenue_yoy": 9.312003938299602, 
        "accumulated_operating_revenue": 15712197, 
        "long_term_average": 2103870, 
        "date": "2013-07-31", 
        "operating_revenue": 2240744, 
        "short_term_average": 2310962
    }, 
    {
        "accumulated_operating_revenue_yoy": 10.688072591119129, 
        "accumulated_operating_revenue": 18012342, 
        "long_term_average": 2137270, 
        "date": "2013-08-31", 
        "operating_revenue": 2300145, 
        "short_term_average": 2213864
    }, 
    {
        "accumulated_operating_revenue_yoy": 10.49928246460059, 
        "accumulated_operating_revenue": 20132977, 
        "long_term_average": 2151744, 
        "date": "2013-09-30", 
        "operating_revenue": 2120635, 
        "short_term_average": 2220508
    }, 
    {
        "accumulated_operating_revenue_yoy": 10.602981031487534, 
        "accumulated_operating_revenue": 22338598, 
        "long_term_average": 2170788, 
        "date": "2013-10-31", 
        "operating_revenue": 2205621, 
        "short_term_average": 2208800
    }, 
    {
        "accumulated_operating_revenue_yoy": 12.09420805009872, 
        "accumulated_operating_revenue": 24624303, 
        "long_term_average": 2213730, 
        "date": "2013-11-30", 
        "operating_revenue": 2285705, 
        "short_term_average": 2203987
    }, 
    {
        "accumulated_operating_revenue_yoy": 12.376505089160856, 
        "accumulated_operating_revenue": 26866940, 
        "long_term_average": 2238911, 
        "date": "2013-12-31", 
        "operating_revenue": 2242637, 
        "short_term_average": 2244654
    }, 
    {
        "accumulated_operating_revenue_yoy": 18.68707553133936, 
        "accumulated_operating_revenue": 2889279, 
        "long_term_average": 2276821, 
        "date": "2014-01-31", 
        "operating_revenue": 2889279, 
        "short_term_average": 2472540
    }, 
    {
        "accumulated_operating_revenue_yoy": 17.79415261895541, 
        "accumulated_operating_revenue": 5200977, 
        "long_term_average": 2304383, 
        "date": "2014-02-28", 
        "operating_revenue": 2311698, 
        "short_term_average": 2481204
    }, 
    {
        "accumulated_operating_revenue_yoy": 19.679990847022694, 
        "accumulated_operating_revenue": 7908078, 
        "long_term_average": 2347277, 
        "date": "2014-03-31", 
        "operating_revenue": 2707101, 
        "short_term_average": 2636026
    }, 
    {
        "accumulated_operating_revenue_yoy": 19.593849676814045, 
        "accumulated_operating_revenue": 10499516, 
        "long_term_average": 2382262, 
        "date": "2014-04-30", 
        "operating_revenue": 2591438, 
        "short_term_average": 2536745
    }, 
    {
        "accumulated_operating_revenue_yoy": 14.829744285095028, 
        "accumulated_operating_revenue": 13057002, 
        "long_term_average": 2379432, 
        "date": "2014-05-31", 
        "operating_revenue": 2557486, 
        "short_term_average": 2618675
    }, 
    {
        "accumulated_operating_revenue_yoy": 17.272271966505766, 
        "accumulated_operating_revenue": 15798279, 
        "long_term_average": 2432813, 
        "date": "2014-06-30", 
        "operating_revenue": 2741277, 
        "short_term_average": 2630067
    }, 
    {
        "accumulated_operating_revenue_yoy": 18.26519232160849, 
        "accumulated_operating_revenue": 18582060, 
        "long_term_average": 2478066, 
        "date": "2014-07-31", 
        "operating_revenue": 2783781, 
        "short_term_average": 2694181
    }, 
    {
        "accumulated_operating_revenue_yoy": 18.278450409169448, 
        "accumulated_operating_revenue": 21304719, 
        "long_term_average": 2513276, 
        "date": "2014-08-31", 
        "operating_revenue": 2722659, 
        "short_term_average": 2749239
    }, 
    {
        "accumulated_operating_revenue_yoy": 20.568552777862905, 
        "accumulated_operating_revenue": 24274039, 
        "long_term_average": 2584000, 
        "date": "2014-09-30", 
        "operating_revenue": 2969320, 
        "short_term_average": 2825253
    }, 
    {
        "accumulated_operating_revenue_yoy": 20.854486928857398, 
        "accumulated_operating_revenue": 26997198, 
        "long_term_average": 2627128, 
        "date": "2014-10-31", 
        "operating_revenue": 2723159, 
        "short_term_average": 2805046
    }, 
    {
        "accumulated_operating_revenue_yoy": 20.208121220730593, 
        "accumulated_operating_revenue": 29600412, 
        "long_term_average": 2653587, 
        "date": "2014-11-30", 
        "operating_revenue": 2603214, 
        "short_term_average": 2765231
    }, 
    {
        "accumulated_operating_revenue_yoy": 20.9355438319362, 
        "accumulated_operating_revenue": 32491680, 
        "long_term_average": 2707640, 
        "date": "2014-12-31", 
        "operating_revenue": 2891268, 
        "short_term_average": 2739213
    }, 
    {
        "accumulated_operating_revenue_yoy": 20.669378069753737, 
        "accumulated_operating_revenue": 3486475, 
        "long_term_average": 2757406, 
        "date": "2015-01-31", 
        "operating_revenue": 3486475, 
        "short_term_average": 2993652
    }, 
    {
        "accumulated_operating_revenue_yoy": 18.636633078746552, 
        "accumulated_operating_revenue": 6170264, 
        "long_term_average": 2788413, 
        "date": "2015-02-28", 
        "operating_revenue": 2683789, 
        "short_term_average": 3020510
    }, 
    {
        "accumulated_operating_revenue_yoy": 16.973466877792557, 
        "accumulated_operating_revenue": 9250353, 
        "long_term_average": 2819496, 
        "date": "2015-03-31", 
        "operating_revenue": 3080089, 
        "short_term_average": 3083451
    }, 
    {
        "accumulated_operating_revenue_yoy": 19.10561401116013, 
        "accumulated_operating_revenue": 12505513, 
        "long_term_average": 2874806, 
        "date": "2015-04-30", 
        "operating_revenue": 3255160, 
        "short_term_average": 3006346
    }, 
    {
        "accumulated_operating_revenue_yoy": 20.816914939585672, 
        "accumulated_operating_revenue": 15775067, 
        "long_term_average": 2934145, 
        "date": "2015-05-31", 
        "operating_revenue": 3269554, 
        "short_term_average": 3201601
    }, 
    {
        "accumulated_operating_revenue_yoy": 20.42084457427293, 
        "accumulated_operating_revenue": 19024421, 
        "long_term_average": 2976485, 
        "date": "2015-06-30", 
        "operating_revenue": 3249354, 
        "short_term_average": 3258022
    }, 
    {
        "accumulated_operating_revenue_yoy": 21.08780727217542, 
        "accumulated_operating_revenue": 22500609, 
        "long_term_average": 3034185, 
        "date": "2015-07-31", 
        "operating_revenue": 3476188, 
        "short_term_average": 3331698
    }, 
    {
        "accumulated_operating_revenue_yoy": 21.32163301473256, 
        "accumulated_operating_revenue": 25847233, 
        "long_term_average": 3086182, 
        "date": "2015-08-31", 
        "operating_revenue": 3346624, 
        "short_term_average": 3357388
    }, 
    {
        "accumulated_operating_revenue_yoy": 20.85282552277353, 
        "accumulated_operating_revenue": 29335862, 
        "long_term_average": 3129458, 
        "date": "2015-09-30", 
        "operating_revenue": 3488629, 
        "short_term_average": 3437147
    }
]