[
    {
        "date": "2011-09-30", 
        "operating_revenue": 1463729, 
        "accumulated_operating_revenue": 1463729, 
        "long_term_average": 1463729, 
        "short_term_average": 1463729
    }, 
    {
        "date": "2011-10-31", 
        "operating_revenue": 2314879, 
        "accumulated_operating_revenue": 3778608, 
        "long_term_average": 1889304, 
        "short_term_average": 1889304
    }, 
    {
        "date": "2011-11-30", 
        "operating_revenue": 2150995, 
        "accumulated_operating_revenue": 5929603, 
        "long_term_average": 1976534, 
        "short_term_average": 1976534
    }, 
    {
        "date": "2011-12-31", 
        "operating_revenue": 1348210, 
        "accumulated_operating_revenue": 7277813, 
        "long_term_average": 1819453, 
        "short_term_average": 1938028
    }, 
    {
        "date": "2012-01-31", 
        "operating_revenue": 2278631, 
        "accumulated_operating_revenue": 2278631, 
        "long_term_average": 1911288, 
        "short_term_average": 1925945
    }, 
    {
        "date": "2012-02-29", 
        "operating_revenue": 3026459, 
        "accumulated_operating_revenue": 5305090, 
        "long_term_average": 2097150, 
        "short_term_average": 2217766
    }, 
    {
        "date": "2012-03-31", 
        "operating_revenue": 2918784, 
        "accumulated_operating_revenue": 8223874, 
        "long_term_average": 2214526, 
        "short_term_average": 2741291
    }, 
    {
        "date": "2012-04-30", 
        "operating_revenue": 2019112, 
        "accumulated_operating_revenue": 10242986, 
        "long_term_average": 2190099, 
        "short_term_average": 2654785
    }, 
    {
        "date": "2012-05-31", 
        "operating_revenue": 2137586, 
        "accumulated_operating_revenue": 12380572, 
        "long_term_average": 2184265, 
        "short_term_average": 2358494
    }, 
    {
        "date": "2012-06-30", 
        "operating_revenue": 2363451, 
        "accumulated_operating_revenue": 14744023, 
        "long_term_average": 2202183, 
        "short_term_average": 2173383
    }, 
    {
        "date": "2012-07-31", 
        "operating_revenue": 2326538, 
        "accumulated_operating_revenue": 17070561, 
        "long_term_average": 2213488, 
        "short_term_average": 2275858
    }, 
    {
        "date": "2012-08-31", 
        "operating_revenue": 2507654, 
        "accumulated_operating_revenue": 19578215, 
        "long_term_average": 2238002, 
        "short_term_average": 2399214
    }, 
    {
        "accumulated_operating_revenue_yoy": 1388.960251521969, 
        "accumulated_operating_revenue": 21794343, 
        "long_term_average": 2300702, 
        "date": "2012-09-30", 
        "operating_revenue": 2216128, 
        "short_term_average": 2350106
    }, 
    {
        "accumulated_operating_revenue_yoy": 550.1072881865491, 
        "accumulated_operating_revenue": 24565006, 
        "long_term_average": 2338684, 
        "date": "2012-10-31", 
        "operating_revenue": 2770663, 
        "short_term_average": 2498148
    }, 
    {
        "accumulated_operating_revenue_yoy": 350.55682479923195, 
        "accumulated_operating_revenue": 26716231, 
        "long_term_average": 2338703, 
        "date": "2012-11-30", 
        "operating_revenue": 2151225, 
        "short_term_average": 2379338
    }, 
    {
        "accumulated_operating_revenue_yoy": 293.57927992928643, 
        "accumulated_operating_revenue": 28643964, 
        "long_term_average": 2386997, 
        "date": "2012-12-31", 
        "operating_revenue": 1927733, 
        "short_term_average": 2283207
    }, 
    {
        "accumulated_operating_revenue_yoy": 18.504268571787183, 
        "accumulated_operating_revenue": 2700275, 
        "long_term_average": 2422134, 
        "date": "2013-01-31", 
        "operating_revenue": 2700275, 
        "short_term_average": 2259744
    }, 
    {
        "accumulated_operating_revenue_yoy": -13.414550931275434, 
        "accumulated_operating_revenue": 4593436, 
        "long_term_average": 2327692, 
        "date": "2013-02-28", 
        "operating_revenue": 1893161, 
        "short_term_average": 2173723
    }, 
    {
        "accumulated_operating_revenue_yoy": -18.270732260732593, 
        "accumulated_operating_revenue": 6721312, 
        "long_term_average": 2261783, 
        "date": "2013-03-31", 
        "operating_revenue": 2127876, 
        "short_term_average": 2240437
    }, 
    {
        "accumulated_operating_revenue_yoy": -13.010717773118113, 
        "accumulated_operating_revenue": 8910300, 
        "long_term_average": 2275939, 
        "date": "2013-04-30", 
        "operating_revenue": 2188988, 
        "short_term_average": 2070008
    }, 
    {
        "accumulated_operating_revenue_yoy": -7.608751841191183, 
        "accumulated_operating_revenue": 11438565, 
        "long_term_average": 2308496, 
        "date": "2013-05-31", 
        "operating_revenue": 2528265, 
        "short_term_average": 2281709
    }, 
    {
        "accumulated_operating_revenue_yoy": -7.489604431572035, 
        "accumulated_operating_revenue": 13639754, 
        "long_term_average": 2294974, 
        "date": "2013-06-30", 
        "operating_revenue": 2201189, 
        "short_term_average": 2306147
    }, 
    {
        "accumulated_operating_revenue_yoy": -2.4412730196740458, 
        "accumulated_operating_revenue": 16653822, 
        "long_term_average": 2352268, 
        "date": "2013-07-31", 
        "operating_revenue": 3014068, 
        "short_term_average": 2581174
    }, 
    {
        "accumulated_operating_revenue_yoy": -2.754250068251881, 
        "accumulated_operating_revenue": 19038982, 
        "long_term_average": 2342060, 
        "date": "2013-08-31", 
        "operating_revenue": 2385160, 
        "short_term_average": 2533472
    }, 
    {
        "accumulated_operating_revenue_yoy": -1.830887951061429, 
        "accumulated_operating_revenue": 21395313, 
        "long_term_average": 2353744, 
        "date": "2013-09-30", 
        "operating_revenue": 2356331, 
        "short_term_average": 2585186
    }, 
    {
        "accumulated_operating_revenue_yoy": -2.437776730036215, 
        "accumulated_operating_revenue": 23966166, 
        "long_term_average": 2337093, 
        "date": "2013-10-31", 
        "operating_revenue": 2570853, 
        "short_term_average": 2437448
    }, 
    {
        "accumulated_operating_revenue_yoy": -2.517252527124803, 
        "accumulated_operating_revenue": 26043716, 
        "long_term_average": 2330954, 
        "date": "2013-11-30", 
        "operating_revenue": 2077550, 
        "short_term_average": 2334911
    }, 
    {
        "accumulated_operating_revenue_yoy": 0.18714239411835595, 
        "accumulated_operating_revenue": 28697569, 
        "long_term_average": 2391464, 
        "date": "2013-12-31", 
        "operating_revenue": 2653853, 
        "short_term_average": 2434085
    }, 
    {
        "accumulated_operating_revenue_yoy": 24.956865504439364, 
        "accumulated_operating_revenue": 3374179, 
        "long_term_average": 2447622, 
        "date": "2014-01-31", 
        "operating_revenue": 3374179, 
        "short_term_average": 2701860
    }, 
    {
        "accumulated_operating_revenue_yoy": 41.022101973337605, 
        "accumulated_operating_revenue": 6477760, 
        "long_term_average": 2548491, 
        "date": "2014-02-28", 
        "operating_revenue": 3103581, 
        "short_term_average": 3043871
    }, 
    {
        "accumulated_operating_revenue_yoy": 64.67374226936646, 
        "accumulated_operating_revenue": 11068236, 
        "long_term_average": 2753707, 
        "date": "2014-03-31", 
        "operating_revenue": 4590476, 
        "short_term_average": 3689412
    }, 
    {
        "accumulated_operating_revenue_yoy": 62.11389066585862, 
        "accumulated_operating_revenue": 14444834, 
        "long_term_average": 2852675, 
        "date": "2014-04-30", 
        "operating_revenue": 3376598, 
        "short_term_average": 3690218
    }, 
    {
        "accumulated_operating_revenue_yoy": 60.40224451231426, 
        "accumulated_operating_revenue": 18347715, 
        "long_term_average": 2967226, 
        "date": "2014-05-31", 
        "operating_revenue": 3902881, 
        "short_term_average": 3956651
    }, 
    {
        "accumulated_operating_revenue_yoy": 68.57254170419789, 
        "accumulated_operating_revenue": 22992880, 
        "long_term_average": 3170891, 
        "date": "2014-06-30", 
        "operating_revenue": 4645165, 
        "short_term_average": 3974881
    }, 
    {
        "accumulated_operating_revenue_yoy": 67.84463650446125, 
        "accumulated_operating_revenue": 27952547, 
        "long_term_average": 3333024, 
        "date": "2014-07-31", 
        "operating_revenue": 4959667, 
        "short_term_average": 4502571
    }, 
    {
        "accumulated_operating_revenue_yoy": 99.97013495784596, 
        "accumulated_operating_revenue": 38072278, 
        "long_term_average": 3977572, 
        "date": "2014-08-31", 
        "operating_revenue": 10119731, 
        "short_term_average": 6574854
    }, 
    {
        "accumulated_operating_revenue_yoy": 97.62322243194104, 
        "accumulated_operating_revenue": 42282107, 
        "long_term_average": 4132030, 
        "date": "2014-09-30", 
        "operating_revenue": 4209829, 
        "short_term_average": 6429742
    }, 
    {
        "accumulated_operating_revenue_yoy": 78.00744717074937, 
        "accumulated_operating_revenue": 46359754, 
        "long_term_average": 4257596, 
        "date": "2014-11-30", 
        "operating_revenue": 4077647, 
        "short_term_average": 6135735
    }, 
    {
        "accumulated_operating_revenue_yoy": 74.63608154404994, 
        "accumulated_operating_revenue": 50116310, 
        "long_term_average": 4397513, 
        "date": "2014-12-31", 
        "operating_revenue": 3756556, 
        "short_term_average": 4014677
    }, 
    {
        "accumulated_operating_revenue_yoy": 41.57031977260246, 
        "accumulated_operating_revenue": 4776836, 
        "long_term_average": 4574428, 
        "date": "2015-01-31", 
        "operating_revenue": 4776836, 
        "short_term_average": 4203679
    }, 
    {
        "accumulated_operating_revenue_yoy": 37.20844859951588, 
        "accumulated_operating_revenue": 8888034, 
        "long_term_average": 4635847, 
        "date": "2015-02-28", 
        "operating_revenue": 4111198, 
        "short_term_average": 4214863
    }, 
    {
        "accumulated_operating_revenue_yoy": 29.317354635372787, 
        "accumulated_operating_revenue": 14313150, 
        "long_term_average": 4829308, 
        "date": "2015-03-31", 
        "operating_revenue": 5425116, 
        "short_term_average": 4771050
    }, 
    {
        "accumulated_operating_revenue_yoy": 31.852024052335942, 
        "accumulated_operating_revenue": 19045806, 
        "long_term_average": 4841156, 
        "date": "2015-04-30", 
        "operating_revenue": 4732656, 
        "short_term_average": 4756323
    }, 
    {
        "accumulated_operating_revenue_yoy": 33.09809423135251, 
        "accumulated_operating_revenue": 24420459, 
        "long_term_average": 5007661, 
        "date": "2015-05-31", 
        "operating_revenue": 5374653, 
        "short_term_average": 5177475
    }, 
    {
        "accumulated_operating_revenue_yoy": 35.15339966111248, 
        "accumulated_operating_revenue": 31075659, 
        "long_term_average": 5237021, 
        "date": "2015-06-30", 
        "operating_revenue": 6655200, 
        "short_term_average": 5587503
    }, 
    {
        "accumulated_operating_revenue_yoy": 37.849552672248436, 
        "accumulated_operating_revenue": 38532461, 
        "long_term_average": 5471324, 
        "date": "2015-07-31", 
        "operating_revenue": 7456802, 
        "short_term_average": 6495551
    }, 
    {
        "accumulated_operating_revenue_yoy": 13.668580587691654, 
        "accumulated_operating_revenue": 43276218, 
        "long_term_average": 5453331, 
        "date": "2015-08-31", 
        "operating_revenue": 4743757, 
        "short_term_average": 6285253
    }, 
    {
        "accumulated_operating_revenue_yoy": 17.625493450456478, 
        "accumulated_operating_revenue": 49734537, 
        "long_term_average": 5148214, 
        "date": "2015-09-30", 
        "operating_revenue": 6458319, 
        "short_term_average": 6219626
    }
]