[
    {
        "date": "2012-01-31", 
        "operating_revenue": 4765683, 
        "accumulated_operating_revenue": 4765683, 
        "long_term_average": 4765683, 
        "short_term_average": 4765683
    }, 
    {
        "date": "2012-02-29", 
        "operating_revenue": 4521537, 
        "accumulated_operating_revenue": 9287220, 
        "long_term_average": 4643610, 
        "short_term_average": 4643610
    }, 
    {
        "date": "2012-03-31", 
        "operating_revenue": 4233404, 
        "accumulated_operating_revenue": 13520624, 
        "long_term_average": 4506874, 
        "short_term_average": 4506874
    }, 
    {
        "date": "2012-04-30", 
        "operating_revenue": 3724233, 
        "accumulated_operating_revenue": 17244857, 
        "long_term_average": 4311214, 
        "short_term_average": 4159724
    }, 
    {
        "date": "2012-05-31", 
        "operating_revenue": 4097128, 
        "accumulated_operating_revenue": 21341985, 
        "long_term_average": 4268397, 
        "short_term_average": 4018255
    }, 
    {
        "date": "2012-06-30", 
        "operating_revenue": 5034614, 
        "accumulated_operating_revenue": 26376599, 
        "long_term_average": 4396099, 
        "short_term_average": 4285325
    }, 
    {
        "date": "2012-07-31", 
        "operating_revenue": 4533401, 
        "accumulated_operating_revenue": 30910000, 
        "long_term_average": 4415714, 
        "short_term_average": 4555047
    }, 
    {
        "date": "2012-08-31", 
        "operating_revenue": 4305306, 
        "accumulated_operating_revenue": 35215306, 
        "long_term_average": 4401913, 
        "short_term_average": 4624440
    }, 
    {
        "date": "2012-09-30", 
        "operating_revenue": 4102004, 
        "accumulated_operating_revenue": 39317310, 
        "long_term_average": 4368590, 
        "short_term_average": 4313570
    }, 
    {
        "date": "2012-10-31", 
        "operating_revenue": 3928425, 
        "accumulated_operating_revenue": 43245735, 
        "long_term_average": 4324573, 
        "short_term_average": 4111911
    }, 
    {
        "date": "2012-11-30", 
        "operating_revenue": 5109860, 
        "accumulated_operating_revenue": 48355595, 
        "long_term_average": 4395963, 
        "short_term_average": 4380096
    }, 
    {
        "date": "2012-12-31", 
        "operating_revenue": 3735370, 
        "accumulated_operating_revenue": 52090965, 
        "long_term_average": 4340913, 
        "short_term_average": 4257885
    }, 
    {
        "accumulated_operating_revenue_yoy": 2.2735880670199844, 
        "accumulated_operating_revenue": 4874035, 
        "long_term_average": 4349943, 
        "date": "2013-01-31", 
        "operating_revenue": 4874035, 
        "short_term_average": 4573088
    }, 
    {
        "accumulated_operating_revenue_yoy": -4.9237446727869045, 
        "accumulated_operating_revenue": 8829941, 
        "long_term_average": 4302807, 
        "date": "2013-02-28", 
        "operating_revenue": 3955906, 
        "short_term_average": 4188437
    }, 
    {
        "accumulated_operating_revenue_yoy": -2.540467067200449, 
        "accumulated_operating_revenue": 13177137, 
        "long_term_average": 4312289, 
        "date": "2013-03-31", 
        "operating_revenue": 4347196, 
        "short_term_average": 4392379
    }, 
    {
        "accumulated_operating_revenue_yoy": 0.41245340567335526, 
        "accumulated_operating_revenue": 17315984, 
        "long_term_average": 4346841, 
        "date": "2013-04-30", 
        "operating_revenue": 4138847, 
        "short_term_average": 4147316
    }, 
    {
        "accumulated_operating_revenue_yoy": 4.536302504195369, 
        "accumulated_operating_revenue": 22310122, 
        "long_term_average": 4421591, 
        "date": "2013-05-31", 
        "operating_revenue": 4994138, 
        "short_term_average": 4493393
    }, 
    {
        "accumulated_operating_revenue_yoy": 0.04483140529224409, 
        "accumulated_operating_revenue": 26388424, 
        "long_term_average": 4341899, 
        "date": "2013-06-30", 
        "operating_revenue": 4078302, 
        "short_term_average": 4403762
    }, 
    {
        "accumulated_operating_revenue_yoy": 3.5911193788417983, 
        "accumulated_operating_revenue": 32020015, 
        "long_term_average": 4433415, 
        "date": "2013-07-31", 
        "operating_revenue": 5631591, 
        "short_term_average": 4901343
    }, 
    {
        "accumulated_operating_revenue_yoy": 2.712513700718659, 
        "accumulated_operating_revenue": 36170526, 
        "long_term_average": 4420515, 
        "date": "2013-08-31", 
        "operating_revenue": 4150511, 
        "short_term_average": 4620134
    }, 
    {
        "accumulated_operating_revenue_yoy": 2.721610405187944, 
        "accumulated_operating_revenue": 40387374, 
        "long_term_average": 4430085, 
        "date": "2013-09-30", 
        "operating_revenue": 4216848, 
        "short_term_average": 4666316
    }, 
    {
        "accumulated_operating_revenue_yoy": 5.264988558987378, 
        "accumulated_operating_revenue": 45522618, 
        "long_term_average": 4530654, 
        "date": "2013-10-31", 
        "operating_revenue": 5135244, 
        "short_term_average": 4500867
    }, 
    {
        "accumulated_operating_revenue_yoy": 2.6929582812495636, 
        "accumulated_operating_revenue": 49657791, 
        "long_term_average": 4449430, 
        "date": "2013-11-30", 
        "operating_revenue": 4135173, 
        "short_term_average": 4495755
    }, 
    {
        "accumulated_operating_revenue_yoy": 5.48748712948589, 
        "accumulated_operating_revenue": 54949450, 
        "long_term_average": 4579120, 
        "date": "2013-12-31", 
        "operating_revenue": 5291659, 
        "short_term_average": 4854025
    }, 
    {
        "accumulated_operating_revenue_yoy": -1.839912926353627, 
        "accumulated_operating_revenue": 4784357, 
        "long_term_average": 4571647, 
        "date": "2014-01-31", 
        "operating_revenue": 4784357, 
        "short_term_average": 4737063
    }, 
    {
        "accumulated_operating_revenue_yoy": 11.35367722162583, 
        "accumulated_operating_revenue": 9832464, 
        "long_term_average": 4662664, 
        "date": "2014-02-28", 
        "operating_revenue": 5048107, 
        "short_term_average": 5041374
    }, 
    {
        "accumulated_operating_revenue_yoy": 14.910719984166516, 
        "accumulated_operating_revenue": 15141943, 
        "long_term_average": 4742854, 
        "date": "2014-03-31", 
        "operating_revenue": 5309479, 
        "short_term_average": 5047314
    }, 
    {
        "accumulated_operating_revenue_yoy": 14.592904451748165, 
        "accumulated_operating_revenue": 19842889, 
        "long_term_average": 4789696, 
        "date": "2014-04-30", 
        "operating_revenue": 4700946, 
        "short_term_average": 5019510
    }, 
    {
        "accumulated_operating_revenue_yoy": 12.347108635264298, 
        "accumulated_operating_revenue": 25064777, 
        "long_term_average": 4808675, 
        "date": "2014-05-31", 
        "operating_revenue": 5221888, 
        "short_term_average": 5077437
    }, 
    {
        "accumulated_operating_revenue_yoy": 17.63852210347992, 
        "accumulated_operating_revenue": 31042952, 
        "long_term_average": 4966998, 
        "date": "2014-06-30", 
        "operating_revenue": 5978175, 
        "short_term_average": 5300336
    }, 
    {
        "accumulated_operating_revenue_yoy": 13.952782345667233, 
        "accumulated_operating_revenue": 36487698, 
        "long_term_average": 4951427, 
        "date": "2014-07-31", 
        "operating_revenue": 5444746, 
        "short_term_average": 5548269
    }, 
    {
        "accumulated_operating_revenue_yoy": 14.250619413165294, 
        "accumulated_operating_revenue": 41325050, 
        "long_term_average": 5008664, 
        "date": "2014-08-31", 
        "operating_revenue": 4837352, 
        "short_term_average": 5420091
    }, 
    {
        "accumulated_operating_revenue_yoy": 13.876641249317176, 
        "accumulated_operating_revenue": 45991785, 
        "long_term_average": 5046155, 
        "date": "2014-09-30", 
        "operating_revenue": 4666735, 
        "short_term_average": 4982944
    }, 
    {
        "accumulated_operating_revenue_yoy": 11.292298698638115, 
        "accumulated_operating_revenue": 50663168, 
        "long_term_average": 5007500, 
        "date": "2014-10-31", 
        "operating_revenue": 4671383, 
        "short_term_average": 4725156
    }, 
    {
        "accumulated_operating_revenue_yoy": 11.349506062402172, 
        "accumulated_operating_revenue": 55293705, 
        "long_term_average": 5048780, 
        "date": "2014-11-30", 
        "operating_revenue": 4630537, 
        "short_term_average": 4656218
    }, 
    {
        "accumulated_operating_revenue_yoy": 10.066941525347389, 
        "accumulated_operating_revenue": 60481179, 
        "long_term_average": 5040098, 
        "date": "2014-12-31", 
        "operating_revenue": 5187474, 
        "short_term_average": 4829798
    }, 
    {
        "accumulated_operating_revenue_yoy": 12.651543352638608, 
        "accumulated_operating_revenue": 5389652, 
        "long_term_average": 5090539, 
        "date": "2015-01-31", 
        "operating_revenue": 5389652, 
        "short_term_average": 5069221
    }, 
    {
        "accumulated_operating_revenue_yoy": 2.7414796535232675, 
        "accumulated_operating_revenue": 10102019, 
        "long_term_average": 5062561, 
        "date": "2015-02-28", 
        "operating_revenue": 4712367, 
        "short_term_average": 5096497
    }, 
    {
        "accumulated_operating_revenue_yoy": -0.027790356891450457, 
        "accumulated_operating_revenue": 15137735, 
        "long_term_average": 5039747, 
        "date": "2015-03-31", 
        "operating_revenue": 5035716, 
        "short_term_average": 5045911
    }, 
    {
        "accumulated_operating_revenue_yoy": 1.014045888176868, 
        "accumulated_operating_revenue": 20044105, 
        "long_term_average": 5056866, 
        "date": "2015-04-30", 
        "operating_revenue": 4906370, 
        "short_term_average": 4884817
    }, 
    {
        "accumulated_operating_revenue_yoy": -1.3348532883416437, 
        "accumulated_operating_revenue": 24730199, 
        "long_term_average": 5012216, 
        "date": "2015-05-31", 
        "operating_revenue": 4686094, 
        "short_term_average": 4876060
    }, 
    {
        "accumulated_operating_revenue_yoy": -5.274118260402554, 
        "accumulated_operating_revenue": 29405710, 
        "long_term_average": 4903661, 
        "date": "2015-06-30", 
        "operating_revenue": 4675511, 
        "short_term_average": 4755991
    }, 
    {
        "accumulated_operating_revenue_yoy": -6.175626645451845, 
        "accumulated_operating_revenue": 34234354, 
        "long_term_average": 4852319, 
        "date": "2015-07-31", 
        "operating_revenue": 4828644, 
        "short_term_average": 4730083
    }, 
    {
        "accumulated_operating_revenue_yoy": -6.958791338425482, 
        "accumulated_operating_revenue": 38449326, 
        "long_term_average": 4800454, 
        "date": "2015-08-31", 
        "operating_revenue": 4214972, 
        "short_term_average": 4573042
    }, 
    {
        "accumulated_operating_revenue_yoy": -6.338936399185203, 
        "accumulated_operating_revenue": 43076395, 
        "long_term_average": 4797149, 
        "date": "2015-09-30", 
        "operating_revenue": 4627069, 
        "short_term_average": 4556895
    }, 
    {
        "accumulated_operating_revenue_yoy": -3.896175620127032, 
        "accumulated_operating_revenue": 48689242, 
        "long_term_average": 4875604, 
        "date": "2015-10-31", 
        "operating_revenue": 5612847, 
        "short_term_average": 4818296
    }
]