[
    {
        "date": "2012-01-31", 
        "operating_revenue": 3894840, 
        "accumulated_operating_revenue": 3894840, 
        "long_term_average": 3894840, 
        "short_term_average": 3894840
    }, 
    {
        "date": "2012-02-29", 
        "operating_revenue": 3912293, 
        "accumulated_operating_revenue": 7807133, 
        "long_term_average": 3903566, 
        "short_term_average": 3903566
    }, 
    {
        "date": "2012-03-31", 
        "operating_revenue": 4016101, 
        "accumulated_operating_revenue": 11823234, 
        "long_term_average": 3941078, 
        "short_term_average": 3941078
    }, 
    {
        "date": "2012-04-30", 
        "operating_revenue": 3620945, 
        "accumulated_operating_revenue": 15444179, 
        "long_term_average": 3861044, 
        "short_term_average": 3849779
    }, 
    {
        "date": "2012-05-31", 
        "operating_revenue": 3892454, 
        "accumulated_operating_revenue": 19336633, 
        "long_term_average": 3867326, 
        "short_term_average": 3843166
    }, 
    {
        "date": "2012-06-30", 
        "operating_revenue": 4537700, 
        "accumulated_operating_revenue": 23874333, 
        "long_term_average": 3979055, 
        "short_term_average": 4017033
    }, 
    {
        "date": "2012-07-31", 
        "operating_revenue": 4440809, 
        "accumulated_operating_revenue": 28315142, 
        "long_term_average": 4045020, 
        "short_term_average": 4290321
    }, 
    {
        "date": "2012-08-31", 
        "operating_revenue": 4368259, 
        "accumulated_operating_revenue": 32683401, 
        "long_term_average": 4085425, 
        "short_term_average": 4448922
    }, 
    {
        "date": "2012-09-30", 
        "operating_revenue": 3844794, 
        "accumulated_operating_revenue": 36528195, 
        "long_term_average": 4058688, 
        "short_term_average": 4217954
    }, 
    {
        "date": "2012-10-31", 
        "operating_revenue": 4024870, 
        "accumulated_operating_revenue": 40553065, 
        "long_term_average": 4055306, 
        "short_term_average": 4079307
    }, 
    {
        "date": "2012-11-30", 
        "operating_revenue": 3822043, 
        "accumulated_operating_revenue": 44375108, 
        "long_term_average": 4034100, 
        "short_term_average": 3897235
    }, 
    {
        "date": "2012-12-31", 
        "operating_revenue": 4016969, 
        "accumulated_operating_revenue": 48392077, 
        "long_term_average": 4032673, 
        "short_term_average": 3954627
    }, 
    {
        "accumulated_operating_revenue_yoy": 19.402773926528432, 
        "accumulated_operating_revenue": 4650547, 
        "long_term_average": 4095648, 
        "date": "2013-01-31", 
        "operating_revenue": 4650547, 
        "short_term_average": 4163186
    }, 
    {
        "accumulated_operating_revenue_yoy": 9.92074811585764, 
        "accumulated_operating_revenue": 8581659, 
        "long_term_average": 4097216, 
        "date": "2013-02-28", 
        "operating_revenue": 3931112, 
        "short_term_average": 4199542
    }, 
    {
        "accumulated_operating_revenue_yoy": 16.53634699270944, 
        "accumulated_operating_revenue": 13778365, 
        "long_term_average": 4195600, 
        "date": "2013-03-31", 
        "operating_revenue": 5196706, 
        "short_term_average": 4592788
    }, 
    {
        "accumulated_operating_revenue_yoy": 21.328877371856414, 
        "accumulated_operating_revenue": 18738249, 
        "long_term_average": 4307178, 
        "date": "2013-04-30", 
        "operating_revenue": 4959884, 
        "short_term_average": 4695900
    }, 
    {
        "accumulated_operating_revenue_yoy": 23.368918466829257, 
        "accumulated_operating_revenue": 23855395, 
        "long_term_average": 4409236, 
        "date": "2013-05-31", 
        "operating_revenue": 5117146, 
        "short_term_average": 5091245
    }, 
    {
        "accumulated_operating_revenue_yoy": 19.97938539267254, 
        "accumulated_operating_revenue": 28644278, 
        "long_term_average": 4430168, 
        "date": "2013-06-30", 
        "operating_revenue": 4788883, 
        "short_term_average": 4955304
    }, 
    {
        "accumulated_operating_revenue_yoy": 18.300702853618038, 
        "accumulated_operating_revenue": 33497012, 
        "long_term_average": 4464495, 
        "date": "2013-07-31", 
        "operating_revenue": 4852734, 
        "short_term_average": 4919587
    }, 
    {
        "accumulated_operating_revenue_yoy": 16.30195706989, 
        "accumulated_operating_revenue": 38011435, 
        "long_term_average": 4476675, 
        "date": "2013-08-31", 
        "operating_revenue": 4514423, 
        "short_term_average": 4718680
    }, 
    {
        "accumulated_operating_revenue_yoy": 16.297243813990807, 
        "accumulated_operating_revenue": 42481284, 
        "long_term_average": 4528763, 
        "date": "2013-09-30", 
        "operating_revenue": 4469849, 
        "short_term_average": 4612335
    }, 
    {
        "accumulated_operating_revenue_yoy": 16.043226325802994, 
        "accumulated_operating_revenue": 47059085, 
        "long_term_average": 4574841, 
        "date": "2013-10-31", 
        "operating_revenue": 4577801, 
        "short_term_average": 4520691
    }, 
    {
        "accumulated_operating_revenue_yoy": 15.581753626379907, 
        "accumulated_operating_revenue": 51289528, 
        "long_term_average": 4608874, 
        "date": "2013-11-30", 
        "operating_revenue": 4230443, 
        "short_term_average": 4426031
    }, 
    {
        "accumulated_operating_revenue_yoy": 15.353509211848873, 
        "accumulated_operating_revenue": 55821959, 
        "long_term_average": 4651829, 
        "date": "2013-12-31", 
        "operating_revenue": 4532431, 
        "short_term_average": 4446891
    }, 
    {
        "accumulated_operating_revenue_yoy": 31.359450834493234, 
        "accumulated_operating_revenue": 6108933, 
        "long_term_average": 4773362, 
        "date": "2014-01-31", 
        "operating_revenue": 6108933, 
        "short_term_average": 4957269
    }, 
    {
        "accumulated_operating_revenue_yoy": 23.924721315540502, 
        "accumulated_operating_revenue": 10634797, 
        "long_term_average": 4822924, 
        "date": "2014-02-28", 
        "operating_revenue": 4525864, 
        "short_term_average": 5055742
    }, 
    {
        "accumulated_operating_revenue_yoy": 14.003482996712599, 
        "accumulated_operating_revenue": 15707816, 
        "long_term_average": 4812617, 
        "date": "2014-03-31", 
        "operating_revenue": 5073019, 
        "short_term_average": 5235938
    }, 
    {
        "accumulated_operating_revenue_yoy": 9.275941418005493, 
        "accumulated_operating_revenue": 20476398, 
        "long_term_average": 4796675, 
        "date": "2014-04-30", 
        "operating_revenue": 4768582, 
        "short_term_average": 4789155
    }, 
    {
        "accumulated_operating_revenue_yoy": 5.926168902254606, 
        "accumulated_operating_revenue": 25269106, 
        "long_term_average": 4769639, 
        "date": "2014-05-31", 
        "operating_revenue": 4792708, 
        "short_term_average": 4878103
    }, 
    {
        "accumulated_operating_revenue_yoy": 5.297651419246804, 
        "accumulated_operating_revenue": 30161752, 
        "long_term_average": 4778286, 
        "date": "2014-06-30", 
        "operating_revenue": 4892646, 
        "short_term_average": 4817978
    }, 
    {
        "accumulated_operating_revenue_yoy": 7.948064143751091, 
        "accumulated_operating_revenue": 36159376, 
        "long_term_average": 4873693, 
        "date": "2014-07-31", 
        "operating_revenue": 5997624, 
        "short_term_average": 5227659
    }, 
    {
        "accumulated_operating_revenue_yoy": 8.010336889412358, 
        "accumulated_operating_revenue": 41056279, 
        "long_term_average": 4905566, 
        "date": "2014-08-31", 
        "operating_revenue": 4896903, 
        "short_term_average": 5262391
    }, 
    {
        "accumulated_operating_revenue_yoy": 8.820390174647263, 
        "accumulated_operating_revenue": 46228299, 
        "long_term_average": 4964081, 
        "date": "2014-09-30", 
        "operating_revenue": 5172020, 
        "short_term_average": 5355515
    }, 
    {
        "accumulated_operating_revenue_yoy": 8.195873336678773, 
        "accumulated_operating_revenue": 50915988, 
        "long_term_average": 4973238, 
        "date": "2014-10-31", 
        "operating_revenue": 4687689, 
        "short_term_average": 4918870
    }, 
    {
        "accumulated_operating_revenue_yoy": 8.403368422497474, 
        "accumulated_operating_revenue": 55599576, 
        "long_term_average": 5011000, 
        "date": "2014-11-30", 
        "operating_revenue": 4683588, 
        "short_term_average": 4847765
    }, 
    {
        "accumulated_operating_revenue_yoy": -20.19028031603119, 
        "accumulated_operating_revenue": 44551349, 
        "long_term_average": 3712612, 
        "date": "2014-12-31", 
        "operating_revenue": -11048227, 
        "short_term_average": -558983
    }, 
    {
        "accumulated_operating_revenue_yoy": -44.32446713689608, 
        "accumulated_operating_revenue": 3401181, 
        "long_term_average": 3486966, 
        "date": "2015-01-31", 
        "operating_revenue": 3401181, 
        "short_term_average": -987819
    }, 
    {
        "accumulated_operating_revenue_yoy": -40.505690893770705, 
        "accumulated_operating_revenue": 6327099, 
        "long_term_average": 3353637, 
        "date": "2015-02-28", 
        "operating_revenue": 2925918, 
        "short_term_average": -1573709
    }, 
    {
        "accumulated_operating_revenue_yoy": -36.61894817204377, 
        "accumulated_operating_revenue": 9955779, 
        "long_term_average": 3233276, 
        "date": "2015-03-31", 
        "operating_revenue": 3628680, 
        "short_term_average": 3318593
    }, 
    {
        "accumulated_operating_revenue_yoy": -36.11536071920462, 
        "accumulated_operating_revenue": 13081273, 
        "long_term_average": 3096352, 
        "date": "2015-04-30", 
        "operating_revenue": 3125494, 
        "short_term_average": 3226697
    }, 
    {
        "accumulated_operating_revenue_yoy": -35.589921542930725, 
        "accumulated_operating_revenue": 16275851, 
        "long_term_average": 2963174, 
        "date": "2015-05-31", 
        "operating_revenue": 3194578, 
        "short_term_average": 3316250
    }, 
    {
        "accumulated_operating_revenue_yoy": -35.31724549687962, 
        "accumulated_operating_revenue": 19509452, 
        "long_term_average": 2824920, 
        "date": "2015-06-30", 
        "operating_revenue": 3233601, 
        "short_term_average": 3184557
    }, 
    {
        "accumulated_operating_revenue_yoy": -36.93340559859219, 
        "accumulated_operating_revenue": 22804487, 
        "long_term_average": 2599705, 
        "date": "2015-07-31", 
        "operating_revenue": 3295035, 
        "short_term_average": 3241071
    }, 
    {
        "accumulated_operating_revenue_yoy": -37.87284278733589, 
        "accumulated_operating_revenue": 25507099, 
        "long_term_average": 2416847, 
        "date": "2015-08-31", 
        "operating_revenue": 2702612, 
        "short_term_average": 3077082
    }, 
    {
        "accumulated_operating_revenue_yoy": -38.353074596147266, 
        "accumulated_operating_revenue": 28498325, 
        "long_term_average": 2235114, 
        "date": "2015-09-30", 
        "operating_revenue": 2991226, 
        "short_term_average": 2996291
    }
]