[
    {
        "date": "2012-01-31", 
        "operating_revenue": 12486795, 
        "accumulated_operating_revenue": 12486795, 
        "long_term_average": 12486795, 
        "short_term_average": 12486795
    }, 
    {
        "date": "2012-02-29", 
        "operating_revenue": 12474797, 
        "accumulated_operating_revenue": 24961592, 
        "long_term_average": 12480796, 
        "short_term_average": 12480796
    }, 
    {
        "date": "2012-03-31", 
        "operating_revenue": 9788747, 
        "accumulated_operating_revenue": 34750339, 
        "long_term_average": 11583446, 
        "short_term_average": 11583446
    }, 
    {
        "date": "2012-04-30", 
        "operating_revenue": 11145339, 
        "accumulated_operating_revenue": 45895678, 
        "long_term_average": 11473919, 
        "short_term_average": 11136294
    }, 
    {
        "date": "2012-05-31", 
        "operating_revenue": 17419866, 
        "accumulated_operating_revenue": 63315544, 
        "long_term_average": 12663108, 
        "short_term_average": 12784650
    }, 
    {
        "date": "2012-06-30", 
        "operating_revenue": 13507489, 
        "accumulated_operating_revenue": 76823033, 
        "long_term_average": 12803838, 
        "short_term_average": 14024231
    }, 
    {
        "date": "2012-07-31", 
        "operating_revenue": 16648736, 
        "accumulated_operating_revenue": 93471769, 
        "long_term_average": 13353109, 
        "short_term_average": 15858697
    }, 
    {
        "date": "2012-08-31", 
        "operating_revenue": 5764812, 
        "accumulated_operating_revenue": 99236581, 
        "long_term_average": 12404572, 
        "short_term_average": 11973679
    }, 
    {
        "date": "2012-09-30", 
        "operating_revenue": 5615899, 
        "accumulated_operating_revenue": 104852480, 
        "long_term_average": 11650275, 
        "short_term_average": 9343149
    }, 
    {
        "date": "2012-10-31", 
        "operating_revenue": 7978129, 
        "accumulated_operating_revenue": 112830609, 
        "long_term_average": 11283060, 
        "short_term_average": 6452946
    }, 
    {
        "date": "2012-11-30", 
        "operating_revenue": 13566759, 
        "accumulated_operating_revenue": 126397368, 
        "long_term_average": 11490669, 
        "short_term_average": 9053595
    }, 
    {
        "date": "2012-12-31", 
        "operating_revenue": 9929549, 
        "accumulated_operating_revenue": 136326917, 
        "long_term_average": 11360576, 
        "short_term_average": 10491479
    }, 
    {
        "accumulated_operating_revenue_yoy": 11.137349496007582, 
        "accumulated_operating_revenue": 13877493, 
        "long_term_average": 11476467, 
        "date": "2013-01-31", 
        "operating_revenue": 13877493, 
        "short_term_average": 12457933
    }, 
    {
        "accumulated_operating_revenue_yoy": -13.657109690760109, 
        "accumulated_operating_revenue": 21552560, 
        "long_term_average": 11076490, 
        "date": "2013-02-28", 
        "operating_revenue": 7675067, 
        "short_term_average": 10494036
    }, 
    {
        "accumulated_operating_revenue_yoy": 5.260170267691489, 
        "accumulated_operating_revenue": 36578266, 
        "long_term_average": 11512903, 
        "date": "2013-03-31", 
        "operating_revenue": 15025706, 
        "short_term_average": 12192755
    }, 
    {
        "accumulated_operating_revenue_yoy": 0.07111998650504738, 
        "accumulated_operating_revenue": 45928319, 
        "long_term_average": 11363296, 
        "date": "2013-04-30", 
        "operating_revenue": 9350053, 
        "short_term_average": 10683608
    }, 
    {
        "accumulated_operating_revenue_yoy": -10.560626313184644, 
        "accumulated_operating_revenue": 56629026, 
        "long_term_average": 10803366, 
        "date": "2013-05-31", 
        "operating_revenue": 10700707, 
        "short_term_average": 11692155
    }, 
    {
        "accumulated_operating_revenue_yoy": -11.175576731004618, 
        "accumulated_operating_revenue": 68237616, 
        "long_term_average": 10645125, 
        "date": "2013-06-30", 
        "operating_revenue": 11608590, 
        "short_term_average": 10553116
    }, 
    {
        "accumulated_operating_revenue_yoy": -8.559616540476515, 
        "accumulated_operating_revenue": 85470944, 
        "long_term_average": 10693841, 
        "date": "2013-07-31", 
        "operating_revenue": 17233328, 
        "short_term_average": 13180875
    }, 
    {
        "accumulated_operating_revenue_yoy": -4.308421306856591, 
        "accumulated_operating_revenue": 94961051, 
        "long_term_average": 11004282, 
        "date": "2013-08-31", 
        "operating_revenue": 9490107, 
        "short_term_average": 12777341
    }, 
    {
        "accumulated_operating_revenue_yoy": 1.5442143094755603, 
        "accumulated_operating_revenue": 106471627, 
        "long_term_average": 11495505, 
        "date": "2013-09-30", 
        "operating_revenue": 11510576, 
        "short_term_average": 12744670
    }, 
    {
        "accumulated_operating_revenue_yoy": 3.957480190503979, 
        "accumulated_operating_revenue": 117295858, 
        "long_term_average": 11732680, 
        "date": "2013-10-31", 
        "operating_revenue": 10824231, 
        "short_term_average": 10608304
    }, 
    {
        "accumulated_operating_revenue_yoy": 5.161069493155901, 
        "accumulated_operating_revenue": 132920824, 
        "long_term_average": 11904197, 
        "date": "2013-11-30", 
        "operating_revenue": 15624966, 
        "short_term_average": 12653257
    }, 
    {
        "accumulated_operating_revenue_yoy": 9.910398692578076, 
        "accumulated_operating_revenue": 149837458, 
        "long_term_average": 12486454, 
        "date": "2013-12-31", 
        "operating_revenue": 16916634, 
        "short_term_average": 14455277
    }, 
    {
        "accumulated_operating_revenue_yoy": 16.971833457239, 
        "accumulated_operating_revenue": 16232758, 
        "long_term_average": 12682726, 
        "date": "2014-01-31", 
        "operating_revenue": 16232758, 
        "short_term_average": 16258119
    }, 
    {
        "accumulated_operating_revenue_yoy": 25.84893395494549, 
        "accumulated_operating_revenue": 27123667, 
        "long_term_average": 12950713, 
        "date": "2014-02-28", 
        "operating_revenue": 10890909, 
        "short_term_average": 14680100
    }, 
    {
        "accumulated_operating_revenue_yoy": 14.508541766304614, 
        "accumulated_operating_revenue": 41885239, 
        "long_term_average": 12928702, 
        "date": "2014-03-31", 
        "operating_revenue": 14761572, 
        "short_term_average": 13961746
    }, 
    {
        "accumulated_operating_revenue_yoy": 18.94931316776475, 
        "accumulated_operating_revenue": 54631420, 
        "long_term_average": 13211713, 
        "date": "2014-04-30", 
        "operating_revenue": 12746181, 
        "short_term_average": 12799554
    }, 
    {
        "accumulated_operating_revenue_yoy": 18.116949424487718, 
        "accumulated_operating_revenue": 66888478, 
        "long_term_average": 13341409, 
        "date": "2014-05-31", 
        "operating_revenue": 12257058, 
        "short_term_average": 13254937
    }, 
    {
        "accumulated_operating_revenue_yoy": 29.23357111420774, 
        "accumulated_operating_revenue": 88185908, 
        "long_term_average": 14148812, 
        "date": "2014-06-30", 
        "operating_revenue": 21297430, 
        "short_term_average": 15433556
    }, 
    {
        "accumulated_operating_revenue_yoy": 24.383658381028294, 
        "accumulated_operating_revenue": 106311887, 
        "long_term_average": 14223200, 
        "date": "2014-07-31", 
        "operating_revenue": 18125979, 
        "short_term_average": 17226822
    }, 
    {
        "accumulated_operating_revenue_yoy": 29.49363523788295, 
        "accumulated_operating_revenue": 122968517, 
        "long_term_average": 14820410, 
        "date": "2014-08-31", 
        "operating_revenue": 16656630, 
        "short_term_average": 18693346
    }, 
    {
        "accumulated_operating_revenue_yoy": 39.218174997926916, 
        "accumulated_operating_revenue": 148227856, 
        "long_term_average": 15966140, 
        "date": "2014-09-30", 
        "operating_revenue": 25259339, 
        "short_term_average": 20013982
    }, 
    {
        "accumulated_operating_revenue_yoy": 38.11515407475002, 
        "accumulated_operating_revenue": 162003355, 
        "long_term_average": 16212079, 
        "date": "2014-10-31", 
        "operating_revenue": 13775499, 
        "short_term_average": 18563822
    }, 
    {
        "accumulated_operating_revenue_yoy": 36.20189715345129, 
        "accumulated_operating_revenue": 181040684, 
        "long_term_average": 16496443, 
        "date": "2014-11-30", 
        "operating_revenue": 19037329, 
        "short_term_average": 19357389
    }, 
    {
        "accumulated_operating_revenue_yoy": 24.34004319534038, 
        "accumulated_operating_revenue": 186307960, 
        "long_term_average": 15525663, 
        "date": "2014-12-31", 
        "operating_revenue": 5267276, 
        "short_term_average": 12693368
    }, 
    {
        "accumulated_operating_revenue_yoy": 12.133569662037715, 
        "accumulated_operating_revenue": 18202371, 
        "long_term_average": 15689797, 
        "date": "2015-01-31", 
        "operating_revenue": 18202371, 
        "short_term_average": 14168992
    }, 
    {
        "accumulated_operating_revenue_yoy": 19.47273574771435, 
        "accumulated_operating_revenue": 32405387, 
        "long_term_average": 15965806, 
        "date": "2015-02-28", 
        "operating_revenue": 14203016, 
        "short_term_average": 12557554
    }, 
    {
        "accumulated_operating_revenue_yoy": 30.305454386926144, 
        "accumulated_operating_revenue": 54578751, 
        "long_term_average": 16583456, 
        "date": "2015-03-31", 
        "operating_revenue": 22173364, 
        "short_term_average": 18192917
    }, 
    {
        "accumulated_operating_revenue_yoy": 34.7422691923439, 
        "accumulated_operating_revenue": 73611615, 
        "long_term_average": 17107346, 
        "date": "2015-04-30", 
        "operating_revenue": 19032864, 
        "short_term_average": 18469748
    }, 
    {
        "accumulated_operating_revenue_yoy": 33.05583511707353, 
        "accumulated_operating_revenue": 88999023, 
        "long_term_average": 17368208, 
        "date": "2015-05-31", 
        "operating_revenue": 15387408, 
        "short_term_average": 18864545
    }, 
    {
        "accumulated_operating_revenue_yoy": 25.021587349307556, 
        "accumulated_operating_revenue": 110251422, 
        "long_term_average": 17364456, 
        "date": "2015-06-30", 
        "operating_revenue": 21252399, 
        "short_term_average": 18557557
    }, 
    {
        "accumulated_operating_revenue_yoy": 19.221599368281368, 
        "accumulated_operating_revenue": 126746732, 
        "long_term_average": 17228567, 
        "date": "2015-07-31", 
        "operating_revenue": 16495310, 
        "short_term_average": 17711705
    }, 
    {
        "accumulated_operating_revenue_yoy": 11.619775003060335, 
        "accumulated_operating_revenue": 137257182, 
        "long_term_average": 16716385, 
        "date": "2015-08-31", 
        "operating_revenue": 10510450, 
        "short_term_average": 16086053
    }, 
    {
        "accumulated_operating_revenue_yoy": 4.683670928897468, 
        "accumulated_operating_revenue": 155170361, 
        "long_term_average": 16104205, 
        "date": "2015-09-30", 
        "operating_revenue": 17913179, 
        "short_term_average": 14972979
    }
]