[
    {
        "date": "2012-01-31", 
        "operating_revenue": 368334, 
        "accumulated_operating_revenue": 368334, 
        "long_term_average": 368334, 
        "short_term_average": 368334
    }, 
    {
        "date": "2012-02-29", 
        "operating_revenue": 524028, 
        "accumulated_operating_revenue": 892362, 
        "long_term_average": 446181, 
        "short_term_average": 446181
    }, 
    {
        "date": "2012-03-31", 
        "operating_revenue": 343893, 
        "accumulated_operating_revenue": 1236255, 
        "long_term_average": 412085, 
        "short_term_average": 412085
    }, 
    {
        "date": "2012-04-30", 
        "operating_revenue": 692096, 
        "accumulated_operating_revenue": 1928351, 
        "long_term_average": 482087, 
        "short_term_average": 520005
    }, 
    {
        "date": "2012-05-31", 
        "operating_revenue": 412184, 
        "accumulated_operating_revenue": 2340535, 
        "long_term_average": 468107, 
        "short_term_average": 482724
    }, 
    {
        "date": "2012-06-30", 
        "operating_revenue": 215429, 
        "accumulated_operating_revenue": 2555964, 
        "long_term_average": 425994, 
        "short_term_average": 439903
    }, 
    {
        "date": "2012-07-31", 
        "operating_revenue": 312939, 
        "accumulated_operating_revenue": 2868903, 
        "long_term_average": 409843, 
        "short_term_average": 313517
    }, 
    {
        "date": "2012-08-31", 
        "operating_revenue": 376645, 
        "accumulated_operating_revenue": 3245548, 
        "long_term_average": 405693, 
        "short_term_average": 301671
    }, 
    {
        "date": "2012-09-30", 
        "operating_revenue": 321245, 
        "accumulated_operating_revenue": 3566793, 
        "long_term_average": 396310, 
        "short_term_average": 336943
    }, 
    {
        "date": "2012-10-31", 
        "operating_revenue": 255872, 
        "accumulated_operating_revenue": 3822665, 
        "long_term_average": 382266, 
        "short_term_average": 317920
    }, 
    {
        "date": "2012-11-30", 
        "operating_revenue": 359272, 
        "accumulated_operating_revenue": 4181937, 
        "long_term_average": 380176, 
        "short_term_average": 312129
    }, 
    {
        "date": "2012-12-31", 
        "operating_revenue": 243395, 
        "accumulated_operating_revenue": 4425332, 
        "long_term_average": 368777, 
        "short_term_average": 286179
    }, 
    {
        "accumulated_operating_revenue_yoy": 4.246960638985269, 
        "accumulated_operating_revenue": 383977, 
        "long_term_average": 370081, 
        "date": "2013-01-31", 
        "operating_revenue": 383977, 
        "short_term_average": 328881
    }, 
    {
        "accumulated_operating_revenue_yoy": -22.599572819102562, 
        "accumulated_operating_revenue": 690692, 
        "long_term_average": 351971, 
        "date": "2013-02-28", 
        "operating_revenue": 306715, 
        "short_term_average": 311362
    }, 
    {
        "accumulated_operating_revenue_yoy": -17.899381600074417, 
        "accumulated_operating_revenue": 1014973, 
        "long_term_average": 350337, 
        "date": "2013-03-31", 
        "operating_revenue": 324281, 
        "short_term_average": 338324
    }, 
    {
        "accumulated_operating_revenue_yoy": -26.985491749168073, 
        "accumulated_operating_revenue": 1407976, 
        "long_term_average": 325413, 
        "date": "2013-04-30", 
        "operating_revenue": 393003, 
        "short_term_average": 341333
    }, 
    {
        "accumulated_operating_revenue_yoy": -22.0388928172405, 
        "accumulated_operating_revenue": 1824707, 
        "long_term_average": 325792, 
        "date": "2013-05-31", 
        "operating_revenue": 416731, 
        "short_term_average": 378005
    }, 
    {
        "accumulated_operating_revenue_yoy": -25.666245690471385, 
        "accumulated_operating_revenue": 1899944, 
        "long_term_average": 314109, 
        "date": "2013-06-30", 
        "operating_revenue": 75237, 
        "short_term_average": 294990
    }, 
    {
        "accumulated_operating_revenue_yoy": -20.71199339956771, 
        "accumulated_operating_revenue": 2274696, 
        "long_term_average": 319260, 
        "date": "2013-07-31", 
        "operating_revenue": 374752, 
        "short_term_average": 288906
    }, 
    {
        "accumulated_operating_revenue_yoy": -19.28946975980636, 
        "accumulated_operating_revenue": 2619499, 
        "long_term_average": 316606, 
        "date": "2013-08-31", 
        "operating_revenue": 344803, 
        "short_term_average": 264930
    }, 
    {
        "accumulated_operating_revenue_yoy": -16.79948906482658, 
        "accumulated_operating_revenue": 2967590, 
        "long_term_average": 318844, 
        "date": "2013-09-30", 
        "operating_revenue": 348091, 
        "short_term_average": 355882
    }, 
    {
        "accumulated_operating_revenue_yoy": -11.82360996843825, 
        "accumulated_operating_revenue": 3370688, 
        "long_term_average": 331112, 
        "date": "2013-10-31", 
        "operating_revenue": 403098, 
        "short_term_average": 365330
    }, 
    {
        "accumulated_operating_revenue_yoy": -10.825533717987621, 
        "accumulated_operating_revenue": 3729220, 
        "long_term_average": 331051, 
        "date": "2013-11-30", 
        "operating_revenue": 358532, 
        "short_term_average": 369907
    }, 
    {
        "accumulated_operating_revenue_yoy": -3.7678528978164803, 
        "accumulated_operating_revenue": 4258592, 
        "long_term_average": 354882, 
        "date": "2013-12-31", 
        "operating_revenue": 529372, 
        "short_term_average": 430334
    }, 
    {
        "accumulated_operating_revenue_yoy": 3.4559361628430865, 
        "accumulated_operating_revenue": 397247, 
        "long_term_average": 355988, 
        "date": "2014-01-31", 
        "operating_revenue": 397247, 
        "short_term_average": 428383
    }, 
    {
        "accumulated_operating_revenue_yoy": 19.9890834119984, 
        "accumulated_operating_revenue": 828755, 
        "long_term_average": 366387, 
        "date": "2014-02-28", 
        "operating_revenue": 431508, 
        "short_term_average": 452709
    }, 
    {
        "accumulated_operating_revenue_yoy": 44.35201724577895, 
        "accumulated_operating_revenue": 1465134, 
        "long_term_average": 392396, 
        "date": "2014-03-31", 
        "operating_revenue": 636379, 
        "short_term_average": 488378
    }, 
    {
        "accumulated_operating_revenue_yoy": 28.98650261083996, 
        "accumulated_operating_revenue": 1816099, 
        "long_term_average": 388892, 
        "date": "2014-04-30", 
        "operating_revenue": 350965, 
        "short_term_average": 472950
    }, 
    {
        "accumulated_operating_revenue_yoy": 22.954150995200873, 
        "accumulated_operating_revenue": 2243553, 
        "long_term_average": 389786, 
        "date": "2014-05-31", 
        "operating_revenue": 427454, 
        "short_term_average": 471599
    }, 
    {
        "accumulated_operating_revenue_yoy": 42.83878893272644, 
        "accumulated_operating_revenue": 2713857, 
        "long_term_average": 422708, 
        "date": "2014-06-30", 
        "operating_revenue": 470304, 
        "short_term_average": 416241
    }, 
    {
        "accumulated_operating_revenue_yoy": 38.518026145032124, 
        "accumulated_operating_revenue": 3150864, 
        "long_term_average": 427896, 
        "date": "2014-07-31", 
        "operating_revenue": 437007, 
        "short_term_average": 444921
    }, 
    {
        "accumulated_operating_revenue_yoy": 36.49495571481417, 
        "accumulated_operating_revenue": 3575484, 
        "long_term_average": 434548, 
        "date": "2014-08-31", 
        "operating_revenue": 424620, 
        "short_term_average": 443977
    }, 
    {
        "accumulated_operating_revenue_yoy": 30.104765146128678, 
        "accumulated_operating_revenue": 3860976, 
        "long_term_average": 429331, 
        "date": "2014-09-30", 
        "operating_revenue": 285492, 
        "short_term_average": 382373
    }, 
    {
        "accumulated_operating_revenue_yoy": 15.488037712980192, 
        "accumulated_operating_revenue": 4306803, 
        "long_term_average": 432892, 
        "date": "2014-11-30", 
        "operating_revenue": 445827, 
        "short_term_average": 385313
    }, 
    {
        "accumulated_operating_revenue_yoy": 10.163476566902863, 
        "accumulated_operating_revenue": 4691413, 
        "long_term_average": 435065, 
        "date": "2014-12-31", 
        "operating_revenue": 384610, 
        "short_term_average": 371976
    }, 
    {
        "accumulated_operating_revenue_yoy": 13.553028720166546, 
        "accumulated_operating_revenue": 451086, 
        "long_term_average": 428541, 
        "date": "2015-01-31", 
        "operating_revenue": 451086, 
        "short_term_average": 427174
    }, 
    {
        "accumulated_operating_revenue_yoy": -6.8331412781823335, 
        "accumulated_operating_revenue": 772125, 
        "long_term_average": 422190, 
        "date": "2015-02-28", 
        "operating_revenue": 321039, 
        "short_term_average": 385578
    }, 
    {
        "accumulated_operating_revenue_yoy": -12.803061016944525, 
        "accumulated_operating_revenue": 1277552, 
        "long_term_average": 428350, 
        "date": "2015-03-31", 
        "operating_revenue": 505427, 
        "short_term_average": 425850
    }, 
    {
        "accumulated_operating_revenue_yoy": -5.12829972374854, 
        "accumulated_operating_revenue": 1722964, 
        "long_term_average": 412436, 
        "date": "2015-04-30", 
        "operating_revenue": 445412, 
        "short_term_average": 423959
    }, 
    {
        "accumulated_operating_revenue_yoy": -3.0804264485840096, 
        "accumulated_operating_revenue": 2174442, 
        "long_term_average": 420813, 
        "date": "2015-05-31", 
        "operating_revenue": 451478, 
        "short_term_average": 467439
    }, 
    {
        "accumulated_operating_revenue_yoy": -3.9201033805392105, 
        "accumulated_operating_revenue": 2607471, 
        "long_term_average": 421277, 
        "date": "2015-06-30", 
        "operating_revenue": 433029, 
        "short_term_average": 443306
    }, 
    {
        "accumulated_operating_revenue_yoy": -8.319908444160077, 
        "accumulated_operating_revenue": 2888715, 
        "long_term_average": 405522, 
        "date": "2015-07-31", 
        "operating_revenue": 281244, 
        "short_term_average": 388583
    }, 
    {
        "accumulated_operating_revenue_yoy": -9.165080867373481, 
        "accumulated_operating_revenue": 3247788, 
        "long_term_average": 399028, 
        "date": "2015-08-31", 
        "operating_revenue": 359073, 
        "short_term_average": 357782
    }, 
    {
        "accumulated_operating_revenue_yoy": -2.0619656791443406, 
        "accumulated_operating_revenue": 3781364, 
        "long_term_average": 408107, 
        "date": "2015-09-30", 
        "operating_revenue": 533576, 
        "short_term_average": 391297
    }
]