[
    {
        "date": "2012-01-31", 
        "operating_revenue": 2422566, 
        "accumulated_operating_revenue": 2422566, 
        "long_term_average": 2422566, 
        "short_term_average": 2422566
    }, 
    {
        "date": "2012-02-29", 
        "operating_revenue": 2462908, 
        "accumulated_operating_revenue": 4885474, 
        "long_term_average": 2442737, 
        "short_term_average": 2442737
    }, 
    {
        "date": "2012-03-31", 
        "operating_revenue": 2621893, 
        "accumulated_operating_revenue": 7507367, 
        "long_term_average": 2502455, 
        "short_term_average": 2502455
    }, 
    {
        "date": "2012-04-30", 
        "operating_revenue": 2297497, 
        "accumulated_operating_revenue": 9804864, 
        "long_term_average": 2451216, 
        "short_term_average": 2460766
    }, 
    {
        "date": "2012-05-31", 
        "operating_revenue": 2258619, 
        "accumulated_operating_revenue": 12063483, 
        "long_term_average": 2412696, 
        "short_term_average": 2392669
    }, 
    {
        "date": "2012-06-30", 
        "operating_revenue": 2313003, 
        "accumulated_operating_revenue": 14376486, 
        "long_term_average": 2396081, 
        "short_term_average": 2289706
    }, 
    {
        "date": "2012-07-31", 
        "operating_revenue": 2542294, 
        "accumulated_operating_revenue": 16918780, 
        "long_term_average": 2416968, 
        "short_term_average": 2371305
    }, 
    {
        "date": "2012-08-31", 
        "operating_revenue": 2308953, 
        "accumulated_operating_revenue": 19227733, 
        "long_term_average": 2403466, 
        "short_term_average": 2388083
    }, 
    {
        "date": "2012-09-30", 
        "operating_revenue": 2351266, 
        "accumulated_operating_revenue": 21578999, 
        "long_term_average": 2397666, 
        "short_term_average": 2400837
    }, 
    {
        "date": "2012-10-31", 
        "operating_revenue": 2259615, 
        "accumulated_operating_revenue": 23838614, 
        "long_term_average": 2383861, 
        "short_term_average": 2306611
    }, 
    {
        "date": "2012-11-30", 
        "operating_revenue": 2302522, 
        "accumulated_operating_revenue": 26141136, 
        "long_term_average": 2376466, 
        "short_term_average": 2304467
    }, 
    {
        "date": "2012-12-31", 
        "operating_revenue": 2030054, 
        "accumulated_operating_revenue": 28171190, 
        "long_term_average": 2347599, 
        "short_term_average": 2197397
    }, 
    {
        "accumulated_operating_revenue_yoy": 19.313405702878683, 
        "accumulated_operating_revenue": 2890446, 
        "long_term_average": 2386589, 
        "date": "2013-01-31", 
        "operating_revenue": 2890446, 
        "short_term_average": 2407674
    }, 
    {
        "accumulated_operating_revenue_yoy": 6.985156404475799, 
        "accumulated_operating_revenue": 5226732, 
        "long_term_average": 2376037, 
        "date": "2013-02-28", 
        "operating_revenue": 2336286, 
        "short_term_average": 2418928
    }, 
    {
        "accumulated_operating_revenue_yoy": 5.5232946517733845, 
        "accumulated_operating_revenue": 7922021, 
        "long_term_average": 2382153, 
        "date": "2013-03-31", 
        "operating_revenue": 2695289, 
        "short_term_average": 2640673
    }, 
    {
        "accumulated_operating_revenue_yoy": 7.87558093615577, 
        "accumulated_operating_revenue": 10577054, 
        "long_term_average": 2411948, 
        "date": "2013-04-30", 
        "operating_revenue": 2655033, 
        "short_term_average": 2562202
    }, 
    {
        "accumulated_operating_revenue_yoy": 13.404412307788721, 
        "accumulated_operating_revenue": 13680522, 
        "long_term_average": 2482352, 
        "date": "2013-05-31", 
        "operating_revenue": 3103468, 
        "short_term_average": 2817930
    }, 
    {
        "accumulated_operating_revenue_yoy": 11.443178812958884, 
        "accumulated_operating_revenue": 16021613, 
        "long_term_average": 2484693, 
        "date": "2013-06-30", 
        "operating_revenue": 2341091, 
        "short_term_average": 2699864
    }, 
    {
        "accumulated_operating_revenue_yoy": 11.846864844864701, 
        "accumulated_operating_revenue": 18923125, 
        "long_term_average": 2514627, 
        "date": "2013-07-31", 
        "operating_revenue": 2901512, 
        "short_term_average": 2782023
    }, 
    {
        "accumulated_operating_revenue_yoy": 11.719951592837283, 
        "accumulated_operating_revenue": 21481214, 
        "long_term_average": 2535389, 
        "date": "2013-08-31", 
        "operating_revenue": 2558089, 
        "short_term_average": 2600230
    }, 
    {
        "accumulated_operating_revenue_yoy": 11.883507664095076, 
        "accumulated_operating_revenue": 24143341, 
        "long_term_average": 2561294, 
        "date": "2013-09-30", 
        "operating_revenue": 2662127, 
        "short_term_average": 2707242
    }, 
    {
        "accumulated_operating_revenue_yoy": 13.563137521334085, 
        "accumulated_operating_revenue": 27071878, 
        "long_term_average": 2617037, 
        "date": "2013-10-31", 
        "operating_revenue": 2928537, 
        "short_term_average": 2716251
    }, 
    {
        "accumulated_operating_revenue_yoy": 14.365060493162959, 
        "accumulated_operating_revenue": 29896326, 
        "long_term_average": 2660531, 
        "date": "2013-11-30", 
        "operating_revenue": 2824448, 
        "short_term_average": 2805037
    }, 
    {
        "accumulated_operating_revenue_yoy": 16.851371915776365, 
        "accumulated_operating_revenue": 32918422, 
        "long_term_average": 2743201, 
        "date": "2013-12-31", 
        "operating_revenue": 3022096, 
        "short_term_average": 2925027
    }, 
    {
        "accumulated_operating_revenue_yoy": 30.599775951531356, 
        "accumulated_operating_revenue": 3774916, 
        "long_term_average": 2816907, 
        "date": "2014-01-31", 
        "operating_revenue": 3774916, 
        "short_term_average": 3207153
    }, 
    {
        "accumulated_operating_revenue_yoy": 24.48319523556976, 
        "accumulated_operating_revenue": 6506403, 
        "long_term_average": 2849841, 
        "date": "2014-02-28", 
        "operating_revenue": 2731487, 
        "short_term_average": 3176166
    }, 
    {
        "accumulated_operating_revenue_yoy": 17.60644158857948, 
        "accumulated_operating_revenue": 9316807, 
        "long_term_average": 2859434, 
        "date": "2014-03-31", 
        "operating_revenue": 2810404, 
        "short_term_average": 3105602
    }, 
    {
        "accumulated_operating_revenue_yoy": 11.276542598723614, 
        "accumulated_operating_revenue": 11769780, 
        "long_term_average": 2842595, 
        "date": "2014-04-30", 
        "operating_revenue": 2452973, 
        "short_term_average": 2664954
    }, 
    {
        "accumulated_operating_revenue_yoy": 9.90225372979189, 
        "accumulated_operating_revenue": 15035202, 
        "long_term_average": 2856091, 
        "date": "2014-05-31", 
        "operating_revenue": 3265422, 
        "short_term_average": 2842933
    }, 
    {
        "accumulated_operating_revenue_yoy": 35.32173695619786, 
        "accumulated_operating_revenue": 21680725, 
        "long_term_average": 3214794, 
        "date": "2014-06-30", 
        "operating_revenue": 6645523, 
        "short_term_average": 4121306
    }, 
    {
        "accumulated_operating_revenue_yoy": 29.7070753377151, 
        "accumulated_operating_revenue": 24544632, 
        "long_term_average": 3211660, 
        "date": "2014-07-31", 
        "operating_revenue": 2863907, 
        "short_term_average": 4258284
    }, 
    {
        "accumulated_operating_revenue_yoy": 26.857602182074068, 
        "accumulated_operating_revenue": 27250553, 
        "long_term_average": 3223980, 
        "date": "2014-08-31", 
        "operating_revenue": 2705921, 
        "short_term_average": 4071783
    }, 
    {
        "accumulated_operating_revenue_yoy": 25.480636669133737, 
        "accumulated_operating_revenue": 30295218, 
        "long_term_average": 3255858, 
        "date": "2014-09-30", 
        "operating_revenue": 3044665, 
        "short_term_average": 2871497
    }, 
    {
        "accumulated_operating_revenue_yoy": 9.817089230295387, 
        "accumulated_operating_revenue": 32831275, 
        "long_term_average": 3223151, 
        "date": "2014-11-30", 
        "operating_revenue": 2536057, 
        "short_term_average": 2762214
    }, 
    {
        "accumulated_operating_revenue_yoy": 8.007422105470305, 
        "accumulated_operating_revenue": 35554339, 
        "long_term_average": 3214702, 
        "date": "2014-12-31", 
        "operating_revenue": 2723064, 
        "short_term_average": 2767928
    }, 
    {
        "accumulated_operating_revenue_yoy": -27.635714278145528, 
        "accumulated_operating_revenue": 2731691, 
        "long_term_average": 3190502, 
        "date": "2015-01-31", 
        "operating_revenue": 2731691, 
        "short_term_average": 2663604
    }, 
    {
        "accumulated_operating_revenue_yoy": -18.99313645342903, 
        "accumulated_operating_revenue": 5270633, 
        "long_term_average": 3087504, 
        "date": "2015-02-28", 
        "operating_revenue": 2538942, 
        "short_term_average": 2664565
    }, 
    {
        "accumulated_operating_revenue_yoy": -10.881313737635653, 
        "accumulated_operating_revenue": 8303016, 
        "long_term_average": 3112579, 
        "date": "2015-03-31", 
        "operating_revenue": 3032383, 
        "short_term_average": 2767672
    }, 
    {
        "accumulated_operating_revenue_yoy": -6.009534587732311, 
        "accumulated_operating_revenue": 11062471, 
        "long_term_average": 3108333, 
        "date": "2015-04-30", 
        "operating_revenue": 2759455, 
        "short_term_average": 2776926
    }, 
    {
        "accumulated_operating_revenue_yoy": -7.9389821300704835, 
        "accumulated_operating_revenue": 13841560, 
        "long_term_average": 3135509, 
        "date": "2015-05-31", 
        "operating_revenue": 2779089, 
        "short_term_average": 2856975
    }, 
    {
        "accumulated_operating_revenue_yoy": -23.30686819744266, 
        "accumulated_operating_revenue": 16627627, 
        "long_term_average": 3095563, 
        "date": "2015-06-30", 
        "operating_revenue": 2786067, 
        "short_term_average": 2774870
    }, 
    {
        "accumulated_operating_revenue_yoy": -21.567049772838313, 
        "accumulated_operating_revenue": 19251079, 
        "long_term_average": 2760391, 
        "date": "2015-07-31", 
        "operating_revenue": 2623452, 
        "short_term_average": 2729536
    }, 
    {
        "accumulated_operating_revenue_yoy": -20.25822375054187, 
        "accumulated_operating_revenue": 21730075, 
        "long_term_average": 2728315, 
        "date": "2015-08-31", 
        "operating_revenue": 2478996, 
        "short_term_average": 2629505
    }, 
    {
        "accumulated_operating_revenue_yoy": -19.693979426059915, 
        "accumulated_operating_revenue": 24328884, 
        "long_term_average": 2719389, 
        "date": "2015-09-30", 
        "operating_revenue": 2598809, 
        "short_term_average": 2567085
    }
]