[
    {
        "date": "2012-01-31", 
        "operating_revenue": 7329355, 
        "accumulated_operating_revenue": 7329355, 
        "long_term_average": 7329355, 
        "short_term_average": 7329355
    }, 
    {
        "date": "2012-02-29", 
        "operating_revenue": 7031541, 
        "accumulated_operating_revenue": 14360896, 
        "long_term_average": 7180448, 
        "short_term_average": 7180448
    }, 
    {
        "date": "2012-03-31", 
        "operating_revenue": 7358792, 
        "accumulated_operating_revenue": 21719688, 
        "long_term_average": 7239896, 
        "short_term_average": 7239896
    }, 
    {
        "date": "2012-04-30", 
        "operating_revenue": 6372888, 
        "accumulated_operating_revenue": 28092576, 
        "long_term_average": 7023144, 
        "short_term_average": 6921073
    }, 
    {
        "date": "2012-05-31", 
        "operating_revenue": 8413140, 
        "accumulated_operating_revenue": 36505716, 
        "long_term_average": 7301143, 
        "short_term_average": 7381606
    }, 
    {
        "date": "2012-06-30", 
        "operating_revenue": 10652664, 
        "accumulated_operating_revenue": 47158380, 
        "long_term_average": 7859730, 
        "short_term_average": 8479564
    }, 
    {
        "date": "2012-07-31", 
        "operating_revenue": 11971615, 
        "accumulated_operating_revenue": 59129995, 
        "long_term_average": 8447142, 
        "short_term_average": 10345806
    }, 
    {
        "date": "2012-08-31", 
        "operating_revenue": 8801415, 
        "accumulated_operating_revenue": 67931410, 
        "long_term_average": 8491426, 
        "short_term_average": 10475231
    }, 
    {
        "date": "2012-09-30", 
        "operating_revenue": 7574278, 
        "accumulated_operating_revenue": 75505688, 
        "long_term_average": 8389520, 
        "short_term_average": 9449102
    }, 
    {
        "date": "2012-10-31", 
        "operating_revenue": 6359124, 
        "accumulated_operating_revenue": 81864812, 
        "long_term_average": 8186481, 
        "short_term_average": 7578272
    }, 
    {
        "date": "2012-11-30", 
        "operating_revenue": 6446757, 
        "accumulated_operating_revenue": 88311569, 
        "long_term_average": 8028324, 
        "short_term_average": 6793386
    }, 
    {
        "date": "2012-12-31", 
        "operating_revenue": 5978373, 
        "accumulated_operating_revenue": 94289942, 
        "long_term_average": 7857495, 
        "short_term_average": 6261418
    }, 
    {
        "accumulated_operating_revenue_yoy": 21.602228299761713, 
        "accumulated_operating_revenue": 8912659, 
        "long_term_average": 7989437, 
        "date": "2013-01-31", 
        "operating_revenue": 8912659, 
        "short_term_average": 7112596
    }, 
    {
        "accumulated_operating_revenue_yoy": 13.51673321776023, 
        "accumulated_operating_revenue": 16302020, 
        "long_term_average": 8019255, 
        "date": "2013-02-28", 
        "operating_revenue": 7389361, 
        "short_term_average": 7426797
    }, 
    {
        "accumulated_operating_revenue_yoy": 15.440415166184707, 
        "accumulated_operating_revenue": 25073298, 
        "long_term_average": 8136962, 
        "date": "2013-03-31", 
        "operating_revenue": 8771278, 
        "short_term_average": 8357766
    }, 
    {
        "accumulated_operating_revenue_yoy": 19.38803689629602, 
        "accumulated_operating_revenue": 33539175, 
        "long_term_average": 8311378, 
        "date": "2013-04-30", 
        "operating_revenue": 8465877, 
        "short_term_average": 8208838
    }, 
    {
        "accumulated_operating_revenue_yoy": 18.89720776877791, 
        "accumulated_operating_revenue": 43404277, 
        "long_term_average": 8432375, 
        "date": "2013-05-31", 
        "operating_revenue": 9865102, 
        "short_term_average": 9034085
    }, 
    {
        "accumulated_operating_revenue_yoy": 13.17349535755893, 
        "accumulated_operating_revenue": 53370787, 
        "long_term_average": 8375195, 
        "date": "2013-06-30", 
        "operating_revenue": 9966510, 
        "short_term_average": 9432496
    }, 
    {
        "accumulated_operating_revenue_yoy": 11.014146035358197, 
        "accumulated_operating_revenue": 65642659, 
        "long_term_average": 8400217, 
        "date": "2013-07-31", 
        "operating_revenue": 12271872, 
        "short_term_average": 10701161
    }, 
    {
        "accumulated_operating_revenue_yoy": 10.729625662120071, 
        "accumulated_operating_revenue": 75220196, 
        "long_term_average": 8464894, 
        "date": "2013-08-31", 
        "operating_revenue": 9577537, 
        "short_term_average": 10605306
    }, 
    {
        "accumulated_operating_revenue_yoy": 11.842121086294851, 
        "accumulated_operating_revenue": 84447163, 
        "long_term_average": 8602618, 
        "date": "2013-09-30", 
        "operating_revenue": 9226967, 
        "short_term_average": 10358792
    }, 
    {
        "accumulated_operating_revenue_yoy": 16.682169868050266, 
        "accumulated_operating_revenue": 95521639, 
        "long_term_average": 8995564, 
        "date": "2013-10-31", 
        "operating_revenue": 11074476, 
        "short_term_average": 9959660
    }, 
    {
        "accumulated_operating_revenue_yoy": 23.180241537776325, 
        "accumulated_operating_revenue": 108782404, 
        "long_term_average": 9563398, 
        "date": "2013-11-30", 
        "operating_revenue": 13260765, 
        "short_term_average": 11187402
    }, 
    {
        "accumulated_operating_revenue_yoy": 34.8804053777019, 
        "accumulated_operating_revenue": 127178656, 
        "long_term_average": 10598221, 
        "date": "2013-12-31", 
        "operating_revenue": 18396252, 
        "short_term_average": 14243831
    }, 
    {
        "accumulated_operating_revenue_yoy": 106.00324774009641, 
        "accumulated_operating_revenue": 18360367, 
        "long_term_average": 11385530, 
        "date": "2014-01-31", 
        "operating_revenue": 18360367, 
        "short_term_average": 16672461
    }, 
    {
        "accumulated_operating_revenue_yoy": 71.66064082855989, 
        "accumulated_operating_revenue": 27984152, 
        "long_term_average": 11571732, 
        "date": "2014-02-28", 
        "operating_revenue": 9623785, 
        "short_term_average": 15460134
    }, 
    {
        "accumulated_operating_revenue_yoy": 57.89943548710664, 
        "accumulated_operating_revenue": 39590596, 
        "long_term_average": 11807996, 
        "date": "2014-03-31", 
        "operating_revenue": 11606444, 
        "short_term_average": 13196865
    }, 
    {
        "accumulated_operating_revenue_yoy": 51.23372593392652, 
        "accumulated_operating_revenue": 50722544, 
        "long_term_average": 12030168, 
        "date": "2014-04-30", 
        "operating_revenue": 11131948, 
        "short_term_average": 10787392
    }, 
    {
        "accumulated_operating_revenue_yoy": 43.136737423364984, 
        "accumulated_operating_revenue": 62127466, 
        "long_term_average": 12158487, 
        "date": "2014-05-31", 
        "operating_revenue": 11404922, 
        "short_term_average": 11381104
    }, 
    {
        "accumulated_operating_revenue_yoy": 72.33877776619633, 
        "accumulated_operating_revenue": 91978562, 
        "long_term_average": 13815535, 
        "date": "2014-06-30", 
        "operating_revenue": 29851096, 
        "short_term_average": 17462655
    }, 
    {
        "accumulated_operating_revenue_yoy": 69.41248068576868, 
        "accumulated_operating_revenue": 111206857, 
        "long_term_average": 14395237, 
        "date": "2014-07-31", 
        "operating_revenue": 19228295, 
        "short_term_average": 20161437
    }, 
    {
        "accumulated_operating_revenue_yoy": 71.29687484462285, 
        "accumulated_operating_revenue": 128849845, 
        "long_term_average": 15067358, 
        "date": "2014-08-31", 
        "operating_revenue": 17642988, 
        "short_term_average": 22240793
    }, 
    {
        "accumulated_operating_revenue_yoy": 80.15054573236522, 
        "accumulated_operating_revenue": 152132025, 
        "long_term_average": 16238626, 
        "date": "2014-09-30", 
        "operating_revenue": 23282180, 
        "short_term_average": 20051154
    }, 
    {
        "accumulated_operating_revenue_yoy": 76.48574057654099, 
        "accumulated_operating_revenue": 168582072, 
        "long_term_average": 16686590, 
        "date": "2014-10-31", 
        "operating_revenue": 16450047, 
        "short_term_average": 19125071
    }, 
    {
        "accumulated_operating_revenue_yoy": 67.92689284564808, 
        "accumulated_operating_revenue": 182674911, 
        "long_term_average": 16755930, 
        "date": "2014-11-30", 
        "operating_revenue": 14092839, 
        "short_term_average": 17941688
    }, 
    {
        "accumulated_operating_revenue_yoy": 58.380913382195196, 
        "accumulated_operating_revenue": 201426717, 
        "long_term_average": 16785559, 
        "date": "2014-12-31", 
        "operating_revenue": 18751806, 
        "short_term_average": 16431564
    }, 
    {
        "accumulated_operating_revenue_yoy": 21.726259611259405, 
        "accumulated_operating_revenue": 22349388, 
        "long_term_average": 17117978, 
        "date": "2015-01-31", 
        "operating_revenue": 22349388, 
        "short_term_average": 18398011
    }, 
    {
        "accumulated_operating_revenue_yoy": 31.171382288089344, 
        "accumulated_operating_revenue": 36707199, 
        "long_term_average": 17512480, 
        "date": "2015-02-28", 
        "operating_revenue": 14357811, 
        "short_term_average": 18486335
    }, 
    {
        "accumulated_operating_revenue_yoy": 36.92883532240838, 
        "accumulated_operating_revenue": 54210942, 
        "long_term_average": 18003921, 
        "date": "2015-03-31", 
        "operating_revenue": 17503743, 
        "short_term_average": 18070314
    }, 
    {
        "accumulated_operating_revenue_yoy": 38.65326825878449, 
        "accumulated_operating_revenue": 70328465, 
        "long_term_average": 18419386, 
        "date": "2015-04-30", 
        "operating_revenue": 16117523, 
        "short_term_average": 15993025
    }, 
    {
        "accumulated_operating_revenue_yoy": 36.77716712283099, 
        "accumulated_operating_revenue": 84976188, 
        "long_term_average": 18689619, 
        "date": "2015-05-31", 
        "operating_revenue": 14647723, 
        "short_term_average": 16089663
    }, 
    {
        "accumulated_operating_revenue_yoy": 9.004067708734128, 
        "accumulated_operating_revenue": 100260374, 
        "long_term_average": 17475710, 
        "date": "2015-06-30", 
        "operating_revenue": 15284186, 
        "short_term_average": 15349810
    }, 
    {
        "accumulated_operating_revenue_yoy": 4.557836752818218, 
        "accumulated_operating_revenue": 116275484, 
        "long_term_average": 17207945, 
        "date": "2015-07-31", 
        "operating_revenue": 16015110, 
        "short_term_average": 15315673
    }, 
    {
        "accumulated_operating_revenue_yoy": 1.7950429043977505, 
        "accumulated_operating_revenue": 131162755, 
        "long_term_average": 16978302, 
        "date": "2015-08-31", 
        "operating_revenue": 14887271, 
        "short_term_average": 15395522
    }
]