[
    {
        "date": "2012-01-31", 
        "operating_revenue": 2941332, 
        "accumulated_operating_revenue": 2941332, 
        "long_term_average": 2941332, 
        "short_term_average": 2941332
    }, 
    {
        "date": "2012-02-29", 
        "operating_revenue": 2784582, 
        "accumulated_operating_revenue": 5725914, 
        "long_term_average": 2862957, 
        "short_term_average": 2862957
    }, 
    {
        "date": "2012-03-31", 
        "operating_revenue": 3067482, 
        "accumulated_operating_revenue": 8793396, 
        "long_term_average": 2931132, 
        "short_term_average": 2931132
    }, 
    {
        "date": "2012-04-30", 
        "operating_revenue": 2764809, 
        "accumulated_operating_revenue": 11558205, 
        "long_term_average": 2889551, 
        "short_term_average": 2872291
    }, 
    {
        "date": "2012-05-31", 
        "operating_revenue": 2844417, 
        "accumulated_operating_revenue": 14402622, 
        "long_term_average": 2880524, 
        "short_term_average": 2892236
    }, 
    {
        "date": "2012-06-30", 
        "operating_revenue": 3108570, 
        "accumulated_operating_revenue": 17511192, 
        "long_term_average": 2918532, 
        "short_term_average": 2905932
    }, 
    {
        "date": "2012-07-31", 
        "operating_revenue": 2894087, 
        "accumulated_operating_revenue": 20405279, 
        "long_term_average": 2915039, 
        "short_term_average": 2949024
    }, 
    {
        "date": "2012-08-31", 
        "operating_revenue": 3192114, 
        "accumulated_operating_revenue": 23597393, 
        "long_term_average": 2949674, 
        "short_term_average": 3064923
    }, 
    {
        "date": "2012-09-30", 
        "operating_revenue": 2821507, 
        "accumulated_operating_revenue": 26418900, 
        "long_term_average": 2935433, 
        "short_term_average": 2969236
    }, 
    {
        "date": "2012-10-31", 
        "operating_revenue": 2713961, 
        "accumulated_operating_revenue": 29132861, 
        "long_term_average": 2913286, 
        "short_term_average": 2909194
    }, 
    {
        "date": "2012-11-30", 
        "operating_revenue": 2753267, 
        "accumulated_operating_revenue": 31886128, 
        "long_term_average": 2898738, 
        "short_term_average": 2762911
    }, 
    {
        "date": "2012-12-31", 
        "operating_revenue": 3443193, 
        "accumulated_operating_revenue": 35329321, 
        "long_term_average": 2944110, 
        "short_term_average": 2970140
    }, 
    {
        "accumulated_operating_revenue_yoy": 5.7538217379065, 
        "accumulated_operating_revenue": 3110571, 
        "long_term_average": 2958213, 
        "date": "2013-01-31", 
        "operating_revenue": 3110571, 
        "short_term_average": 3102343
    }, 
    {
        "accumulated_operating_revenue_yoy": 1.7572216418199786, 
        "accumulated_operating_revenue": 5826531, 
        "long_term_average": 2952494, 
        "date": "2013-02-28", 
        "operating_revenue": 2715960, 
        "short_term_average": 3089908
    }, 
    {
        "accumulated_operating_revenue_yoy": -3.012488008046038, 
        "accumulated_operating_revenue": 8528496, 
        "long_term_average": 2922035, 
        "date": "2013-03-31", 
        "operating_revenue": 2701965, 
        "short_term_average": 2842832
    }, 
    {
        "accumulated_operating_revenue_yoy": -2.002032322492982, 
        "accumulated_operating_revenue": 11326806, 
        "long_term_average": 2924826, 
        "date": "2013-04-30", 
        "operating_revenue": 2798310, 
        "short_term_average": 2738745
    }, 
    {
        "accumulated_operating_revenue_yoy": -0.5756660141465908, 
        "accumulated_operating_revenue": 14319711, 
        "long_term_average": 2937200, 
        "date": "2013-05-31", 
        "operating_revenue": 2992905, 
        "short_term_average": 2831060
    }, 
    {
        "accumulated_operating_revenue_yoy": -1.9531851401092513, 
        "accumulated_operating_revenue": 17169166, 
        "long_term_average": 2915607, 
        "date": "2013-06-30", 
        "operating_revenue": 2849455, 
        "short_term_average": 2880223
    }, 
    {
        "accumulated_operating_revenue_yoy": -0.5071677775148284, 
        "accumulated_operating_revenue": 20301790, 
        "long_term_average": 2935486, 
        "date": "2013-07-31", 
        "operating_revenue": 3132624, 
        "short_term_average": 2991661
    }, 
    {
        "accumulated_operating_revenue_yoy": -0.9299883254052683, 
        "accumulated_operating_revenue": 23377940, 
        "long_term_average": 2925822, 
        "date": "2013-08-31", 
        "operating_revenue": 3076150, 
        "short_term_average": 3019409
    }, 
    {
        "accumulated_operating_revenue_yoy": -0.012453205848843064, 
        "accumulated_operating_revenue": 26415610, 
        "long_term_average": 2943835, 
        "date": "2013-09-30", 
        "operating_revenue": 3037670, 
        "short_term_average": 3082148
    }, 
    {
        "accumulated_operating_revenue_yoy": 0.7893354518116158, 
        "accumulated_operating_revenue": 29362817, 
        "long_term_average": 2963273, 
        "date": "2013-10-31", 
        "operating_revenue": 2947207, 
        "short_term_average": 3020342
    }, 
    {
        "accumulated_operating_revenue_yoy": 1.222929921124321, 
        "accumulated_operating_revenue": 32276073, 
        "long_term_average": 2976605, 
        "date": "2013-11-30", 
        "operating_revenue": 2913256, 
        "short_term_average": 2966044
    }, 
    {
        "accumulated_operating_revenue_yoy": 2.7885421290717702, 
        "accumulated_operating_revenue": 36314494, 
        "long_term_average": 3026207, 
        "date": "2013-12-31", 
        "operating_revenue": 4038421, 
        "short_term_average": 3299628
    }, 
    {
        "accumulated_operating_revenue_yoy": 12.46581415437873, 
        "accumulated_operating_revenue": 3498329, 
        "long_term_average": 3058521, 
        "date": "2014-01-31", 
        "operating_revenue": 3498329, 
        "short_term_average": 3483335
    }, 
    {
        "accumulated_operating_revenue_yoy": 14.376925137787818, 
        "accumulated_operating_revenue": 6664207, 
        "long_term_average": 3096014, 
        "date": "2014-02-28", 
        "operating_revenue": 3165878, 
        "short_term_average": 3567542
    }, 
    {
        "accumulated_operating_revenue_yoy": 19.42561736559412, 
        "accumulated_operating_revenue": 10185209, 
        "long_term_average": 3164267, 
        "date": "2014-03-31", 
        "operating_revenue": 3521002, 
        "short_term_average": 3395069
    }, 
    {
        "accumulated_operating_revenue_yoy": 18.691297440778982, 
        "accumulated_operating_revenue": 13443933, 
        "long_term_average": 3202635, 
        "date": "2014-04-30", 
        "operating_revenue": 3258724, 
        "short_term_average": 3315201
    }, 
    {
        "accumulated_operating_revenue_yoy": 18.505366484002366, 
        "accumulated_operating_revenue": 16969626, 
        "long_term_average": 3247034, 
        "date": "2014-05-31", 
        "operating_revenue": 3525693, 
        "short_term_average": 3435139
    }, 
    {
        "accumulated_operating_revenue_yoy": 21.19768659700768, 
        "accumulated_operating_revenue": 20808632, 
        "long_term_average": 3329496, 
        "date": "2014-06-30", 
        "operating_revenue": 3839006, 
        "short_term_average": 3541141
    }, 
    {
        "accumulated_operating_revenue_yoy": 20.70371134762009, 
        "accumulated_operating_revenue": 24505014, 
        "long_term_average": 3376476, 
        "date": "2014-07-31", 
        "operating_revenue": 3696382, 
        "short_term_average": 3687027
    }, 
    {
        "accumulated_operating_revenue_yoy": 20.315164638116105, 
        "accumulated_operating_revenue": 28127207, 
        "long_term_average": 3421980, 
        "date": "2014-08-31", 
        "operating_revenue": 3622193, 
        "short_term_average": 3719193
    }, 
    {
        "accumulated_operating_revenue_yoy": 19.85110319239268, 
        "accumulated_operating_revenue": 31659400, 
        "long_term_average": 3463190, 
        "date": "2014-09-30", 
        "operating_revenue": 3532193, 
        "short_term_average": 3616922
    }, 
    {
        "accumulated_operating_revenue_yoy": 18.30611824471746, 
        "accumulated_operating_revenue": 34738009, 
        "long_term_average": 3474140, 
        "date": "2014-10-31", 
        "operating_revenue": 3078609, 
        "short_term_average": 3410998
    }, 
    {
        "accumulated_operating_revenue_yoy": 15.675438582630544, 
        "accumulated_operating_revenue": 37335489, 
        "long_term_average": 3447825, 
        "date": "2014-11-30", 
        "operating_revenue": 2597480, 
        "short_term_average": 3069427
    }, 
    {
        "accumulated_operating_revenue_yoy": -6.267133998893113, 
        "accumulated_operating_revenue": 34038616, 
        "long_term_average": 2836551, 
        "date": "2014-12-31", 
        "operating_revenue": -3296873, 
        "short_term_average": 793072
    }, 
    {
        "accumulated_operating_revenue_yoy": -7.458875365924703, 
        "accumulated_operating_revenue": 3237393, 
        "long_term_average": 2814806, 
        "date": "2015-01-31", 
        "operating_revenue": 3237393, 
        "short_term_average": 846000
    }, 
    {
        "accumulated_operating_revenue_yoy": -12.72688558443638, 
        "accumulated_operating_revenue": 5816061, 
        "long_term_average": 2765872, 
        "date": "2015-02-28", 
        "operating_revenue": 2578668, 
        "short_term_average": 839729
    }, 
    {
        "accumulated_operating_revenue_yoy": -10.065173920338797, 
        "accumulated_operating_revenue": 9160050, 
        "long_term_average": 2751121, 
        "date": "2015-03-31", 
        "operating_revenue": 3343989, 
        "short_term_average": 3053350
    }, 
    {
        "accumulated_operating_revenue_yoy": -7.108589428406107, 
        "accumulated_operating_revenue": 12488259, 
        "long_term_average": 2756911, 
        "date": "2015-04-30", 
        "operating_revenue": 3328209, 
        "short_term_average": 3083622
    }, 
    {
        "accumulated_operating_revenue_yoy": -6.08415294479678, 
        "accumulated_operating_revenue": 15937168, 
        "long_term_average": 2750513, 
        "date": "2015-05-31", 
        "operating_revenue": 3448909, 
        "short_term_average": 3373702
    }, 
    {
        "accumulated_operating_revenue_yoy": -7.826785537847947, 
        "accumulated_operating_revenue": 19179985, 
        "long_term_average": 2700830, 
        "date": "2015-06-30", 
        "operating_revenue": 3242817, 
        "short_term_average": 3339978
    }, 
    {
        "accumulated_operating_revenue_yoy": -6.168717144989184, 
        "accumulated_operating_revenue": 22993369, 
        "long_term_average": 2710580, 
        "date": "2015-07-31", 
        "operating_revenue": 3813384, 
        "short_term_average": 3501703
    }, 
    {
        "accumulated_operating_revenue_yoy": -6.304490168540375, 
        "accumulated_operating_revenue": 26353930, 
        "long_term_average": 2688778, 
        "date": "2015-08-31", 
        "operating_revenue": 3360561, 
        "short_term_average": 3472254
    }
]