[
    {
        "date": "2012-01-31", 
        "operating_revenue": 12340, 
        "accumulated_operating_revenue": 12340, 
        "long_term_average": 12340, 
        "short_term_average": 12340
    }, 
    {
        "date": "2012-02-29", 
        "operating_revenue": 11449, 
        "accumulated_operating_revenue": 23789, 
        "long_term_average": 11894, 
        "short_term_average": 11894
    }, 
    {
        "date": "2012-03-31", 
        "operating_revenue": 11023, 
        "accumulated_operating_revenue": 34812, 
        "long_term_average": 11604, 
        "short_term_average": 11604
    }, 
    {
        "date": "2012-04-30", 
        "operating_revenue": 11764, 
        "accumulated_operating_revenue": 46576, 
        "long_term_average": 11644, 
        "short_term_average": 11412
    }, 
    {
        "date": "2012-05-31", 
        "operating_revenue": 11317, 
        "accumulated_operating_revenue": 57893, 
        "long_term_average": 11578, 
        "short_term_average": 11368
    }, 
    {
        "date": "2012-06-30", 
        "operating_revenue": 10940, 
        "accumulated_operating_revenue": 68833, 
        "long_term_average": 11472, 
        "short_term_average": 11340
    }, 
    {
        "date": "2012-07-31", 
        "operating_revenue": 11434, 
        "accumulated_operating_revenue": 80267, 
        "long_term_average": 11466, 
        "short_term_average": 11230
    }, 
    {
        "date": "2012-08-31", 
        "operating_revenue": 11109, 
        "accumulated_operating_revenue": 91376, 
        "long_term_average": 11422, 
        "short_term_average": 11161
    }, 
    {
        "date": "2012-09-30", 
        "operating_revenue": 24233, 
        "accumulated_operating_revenue": 115609, 
        "long_term_average": 12845, 
        "short_term_average": 15592
    }, 
    {
        "date": "2012-10-31", 
        "operating_revenue": 17331, 
        "accumulated_operating_revenue": 132940, 
        "long_term_average": 13294, 
        "short_term_average": 17557
    }, 
    {
        "date": "2012-11-30", 
        "operating_revenue": 11187, 
        "accumulated_operating_revenue": 144127, 
        "long_term_average": 13102, 
        "short_term_average": 17583
    }, 
    {
        "date": "2012-12-31", 
        "operating_revenue": 11660, 
        "accumulated_operating_revenue": 155787, 
        "long_term_average": 12982, 
        "short_term_average": 13392
    }, 
    {
        "accumulated_operating_revenue_yoy": -5.032414910858995, 
        "accumulated_operating_revenue": 11719, 
        "long_term_average": 12930, 
        "date": "2013-01-31", 
        "operating_revenue": 11719, 
        "short_term_average": 11522
    }, 
    {
        "accumulated_operating_revenue_yoy": -2.4549161377107067, 
        "accumulated_operating_revenue": 23205, 
        "long_term_average": 12933, 
        "date": "2013-02-28", 
        "operating_revenue": 11486, 
        "short_term_average": 11621
    }, 
    {
        "accumulated_operating_revenue_yoy": -2.832356658623463, 
        "accumulated_operating_revenue": 33826, 
        "long_term_average": 12900, 
        "date": "2013-03-31", 
        "operating_revenue": 10621, 
        "short_term_average": 11275
    }, 
    {
        "accumulated_operating_revenue_yoy": -2.1169701133631054, 
        "accumulated_operating_revenue": 45590, 
        "long_term_average": 12900, 
        "date": "2013-04-30", 
        "operating_revenue": 11764, 
        "short_term_average": 11290
    }, 
    {
        "accumulated_operating_revenue_yoy": -0.9759383690601628, 
        "accumulated_operating_revenue": 57328, 
        "long_term_average": 12935, 
        "date": "2013-05-31", 
        "operating_revenue": 11738, 
        "short_term_average": 11374
    }, 
    {
        "accumulated_operating_revenue_yoy": -0.1409207792773815, 
        "accumulated_operating_revenue": 68736, 
        "long_term_average": 12974, 
        "date": "2013-06-30", 
        "operating_revenue": 11408, 
        "short_term_average": 11636
    }, 
    {
        "accumulated_operating_revenue_yoy": -0.36503170667895896, 
        "accumulated_operating_revenue": 79974, 
        "long_term_average": 12957, 
        "date": "2013-07-31", 
        "operating_revenue": 11238, 
        "short_term_average": 11461
    }, 
    {
        "accumulated_operating_revenue_yoy": -0.4454123621082122, 
        "accumulated_operating_revenue": 90969, 
        "long_term_average": 12948, 
        "date": "2013-08-31", 
        "operating_revenue": 10995, 
        "short_term_average": 11213
    }, 
    {
        "accumulated_operating_revenue_yoy": -0.10379814720307243, 
        "accumulated_operating_revenue": 115489, 
        "long_term_average": 12972, 
        "date": "2013-09-30", 
        "operating_revenue": 24520, 
        "short_term_average": 15584
    }, 
    {
        "accumulated_operating_revenue_yoy": -3.4880397171656385, 
        "accumulated_operating_revenue": 128303, 
        "long_term_average": 12595, 
        "date": "2013-10-31", 
        "operating_revenue": 12814, 
        "short_term_average": 16109
    }, 
    {
        "accumulated_operating_revenue_yoy": -3.2131384126499545, 
        "accumulated_operating_revenue": 139496, 
        "long_term_average": 12596, 
        "date": "2013-11-30", 
        "operating_revenue": 11193, 
        "short_term_average": 16175
    }, 
    {
        "accumulated_operating_revenue_yoy": -3.098461360704038, 
        "accumulated_operating_revenue": 150960, 
        "long_term_average": 12580, 
        "date": "2013-12-31", 
        "operating_revenue": 11464, 
        "short_term_average": 11823
    }, 
    {
        "accumulated_operating_revenue_yoy": -0.49492277498080045, 
        "accumulated_operating_revenue": 11661, 
        "long_term_average": 12575, 
        "date": "2014-01-31", 
        "operating_revenue": 11661, 
        "short_term_average": 11439
    }, 
    {
        "accumulated_operating_revenue_yoy": -2.766645119586296, 
        "accumulated_operating_revenue": 22563, 
        "long_term_average": 12526, 
        "date": "2014-02-28", 
        "operating_revenue": 10902, 
        "short_term_average": 11342
    }, 
    {
        "accumulated_operating_revenue_yoy": -1.5816236031455093, 
        "accumulated_operating_revenue": 33291, 
        "long_term_average": 12535, 
        "date": "2014-03-31", 
        "operating_revenue": 10728, 
        "short_term_average": 11097
    }, 
    {
        "accumulated_operating_revenue_yoy": -1.5661329238868174, 
        "accumulated_operating_revenue": 44876, 
        "long_term_average": 12520, 
        "date": "2014-04-30", 
        "operating_revenue": 11585, 
        "short_term_average": 11071
    }, 
    {
        "accumulated_operating_revenue_yoy": -2.049609265978231, 
        "accumulated_operating_revenue": 56153, 
        "long_term_average": 12482, 
        "date": "2014-05-31", 
        "operating_revenue": 11277, 
        "short_term_average": 11196
    }, 
    {
        "accumulated_operating_revenue_yoy": -1.7065293296089385, 
        "accumulated_operating_revenue": 67563, 
        "long_term_average": 12482, 
        "date": "2014-06-30", 
        "operating_revenue": 11410, 
        "short_term_average": 11424
    }, 
    {
        "accumulated_operating_revenue_yoy": -1.5655087903568659, 
        "accumulated_operating_revenue": 78722, 
        "long_term_average": 12475, 
        "date": "2014-07-31", 
        "operating_revenue": 11159, 
        "short_term_average": 11282
    }, 
    {
        "accumulated_operating_revenue_yoy": -1.132253844716332, 
        "accumulated_operating_revenue": 89939, 
        "long_term_average": 12494, 
        "date": "2014-08-31", 
        "operating_revenue": 11217, 
        "short_term_average": 11262
    }, 
    {
        "accumulated_operating_revenue_yoy": -0.7818926477846375, 
        "accumulated_operating_revenue": 114586, 
        "long_term_average": 12504, 
        "date": "2014-09-30", 
        "operating_revenue": 24647, 
        "short_term_average": 15674
    }, 
    {
        "accumulated_operating_revenue_yoy": -0.3281295059351691, 
        "accumulated_operating_revenue": 127882, 
        "long_term_average": 12544, 
        "date": "2014-10-31", 
        "operating_revenue": 13296, 
        "short_term_average": 16386
    }, 
    {
        "accumulated_operating_revenue_yoy": -0.3412284223203533, 
        "accumulated_operating_revenue": 139020, 
        "long_term_average": 12540, 
        "date": "2014-11-30", 
        "operating_revenue": 11138, 
        "short_term_average": 16360
    }, 
    {
        "accumulated_operating_revenue_yoy": -0.4206412294647589, 
        "accumulated_operating_revenue": 150325, 
        "long_term_average": 12527, 
        "date": "2014-12-31", 
        "operating_revenue": 11305, 
        "short_term_average": 11913
    }, 
    {
        "accumulated_operating_revenue_yoy": -4.948117657147757, 
        "accumulated_operating_revenue": 11084, 
        "long_term_average": 12479, 
        "date": "2015-01-31", 
        "operating_revenue": 11084, 
        "short_term_average": 11175
    }, 
    {
        "accumulated_operating_revenue_yoy": 0.16398528564463946, 
        "accumulated_operating_revenue": 22600, 
        "long_term_average": 12530, 
        "date": "2015-02-28", 
        "operating_revenue": 11516, 
        "short_term_average": 11301
    }, 
    {
        "accumulated_operating_revenue_yoy": 0.4235378931242678, 
        "accumulated_operating_revenue": 33432, 
        "long_term_average": 12538, 
        "date": "2015-03-31", 
        "operating_revenue": 10832, 
        "short_term_average": 11144
    }, 
    {
        "accumulated_operating_revenue_yoy": 0.6127997147695874, 
        "accumulated_operating_revenue": 45151, 
        "long_term_average": 12550, 
        "date": "2015-04-30", 
        "operating_revenue": 11719, 
        "short_term_average": 11355
    }, 
    {
        "accumulated_operating_revenue_yoy": 1.1237155628372484, 
        "accumulated_operating_revenue": 56784, 
        "long_term_average": 12579, 
        "date": "2015-05-31", 
        "operating_revenue": 11633, 
        "short_term_average": 11394
    }, 
    {
        "accumulated_operating_revenue_yoy": 0.556517620591152, 
        "accumulated_operating_revenue": 67939, 
        "long_term_average": 12558, 
        "date": "2015-06-30", 
        "operating_revenue": 11155, 
        "short_term_average": 11502
    }, 
    {
        "accumulated_operating_revenue_yoy": 2.5659917176900993, 
        "accumulated_operating_revenue": 80742, 
        "long_term_average": 12695, 
        "date": "2015-07-31", 
        "operating_revenue": 12803, 
        "short_term_average": 11863
    }, 
    {
        "accumulated_operating_revenue_yoy": 2.0958649751498237, 
        "accumulated_operating_revenue": 91824, 
        "long_term_average": 12684, 
        "date": "2015-08-31", 
        "operating_revenue": 11082, 
        "short_term_average": 11680
    }, 
    {
        "accumulated_operating_revenue_yoy": 5.470999947637583, 
        "accumulated_operating_revenue": 120855, 
        "long_term_average": 13049, 
        "date": "2015-09-30", 
        "operating_revenue": 29031, 
        "short_term_average": 17638
    }
]