[
    {
        "date": "2012-01-31", 
        "operating_revenue": 5126643, 
        "accumulated_operating_revenue": 5126643, 
        "long_term_average": 5126643, 
        "short_term_average": 5126643
    }, 
    {
        "date": "2012-02-29", 
        "operating_revenue": 3276454, 
        "accumulated_operating_revenue": 8403097, 
        "long_term_average": 4201548, 
        "short_term_average": 4201548
    }, 
    {
        "date": "2012-03-31", 
        "operating_revenue": 3283595, 
        "accumulated_operating_revenue": 11686692, 
        "long_term_average": 3895564, 
        "short_term_average": 3895564
    }, 
    {
        "date": "2012-04-30", 
        "operating_revenue": 4010970, 
        "accumulated_operating_revenue": 15697662, 
        "long_term_average": 3924415, 
        "short_term_average": 3523673
    }, 
    {
        "date": "2012-05-31", 
        "operating_revenue": 3829675, 
        "accumulated_operating_revenue": 19527337, 
        "long_term_average": 3905467, 
        "short_term_average": 3708080
    }, 
    {
        "date": "2012-06-30", 
        "operating_revenue": 3251386, 
        "accumulated_operating_revenue": 22778723, 
        "long_term_average": 3796453, 
        "short_term_average": 3697343
    }, 
    {
        "date": "2012-07-31", 
        "operating_revenue": 3602330, 
        "accumulated_operating_revenue": 26381053, 
        "long_term_average": 3768721, 
        "short_term_average": 3561130
    }, 
    {
        "date": "2012-08-31", 
        "operating_revenue": 4029531, 
        "accumulated_operating_revenue": 30410584, 
        "long_term_average": 3801323, 
        "short_term_average": 3627749
    }, 
    {
        "date": "2012-09-30", 
        "operating_revenue": 3293824, 
        "accumulated_operating_revenue": 33704408, 
        "long_term_average": 3744934, 
        "short_term_average": 3641895
    }, 
    {
        "date": "2012-10-31", 
        "operating_revenue": 4624364, 
        "accumulated_operating_revenue": 38328772, 
        "long_term_average": 3832877, 
        "short_term_average": 3982573
    }, 
    {
        "date": "2012-11-30", 
        "operating_revenue": 5365207, 
        "accumulated_operating_revenue": 43693979, 
        "long_term_average": 3972179, 
        "short_term_average": 4427798
    }, 
    {
        "date": "2012-12-31", 
        "operating_revenue": 3989579, 
        "accumulated_operating_revenue": 47683558, 
        "long_term_average": 3973629, 
        "short_term_average": 4659716
    }, 
    {
        "accumulated_operating_revenue_yoy": -22.439303848541822, 
        "accumulated_operating_revenue": 3976260, 
        "long_term_average": 3877764, 
        "date": "2013-01-31", 
        "operating_revenue": 3976260, 
        "short_term_average": 4443682
    }, 
    {
        "accumulated_operating_revenue_yoy": -4.5482992758503205, 
        "accumulated_operating_revenue": 8020899, 
        "long_term_average": 3941780, 
        "date": "2013-02-28", 
        "operating_revenue": 4044639, 
        "short_term_average": 4003492
    }, 
    {
        "accumulated_operating_revenue_yoy": -1.445952370439813, 
        "accumulated_operating_revenue": 11517708, 
        "long_term_average": 3959547, 
        "date": "2013-03-31", 
        "operating_revenue": 3496809, 
        "short_term_average": 3839236
    }, 
    {
        "accumulated_operating_revenue_yoy": -2.9473688502147644, 
        "accumulated_operating_revenue": 15234994, 
        "long_term_average": 3935074, 
        "date": "2013-04-30", 
        "operating_revenue": 3717286, 
        "short_term_average": 3752911
    }, 
    {
        "accumulated_operating_revenue_yoy": -2.962754214770811, 
        "accumulated_operating_revenue": 18948790, 
        "long_term_average": 3925417, 
        "date": "2013-05-31", 
        "operating_revenue": 3713796, 
        "short_term_average": 3642630
    }, 
    {
        "accumulated_operating_revenue_yoy": -1.5995716704575582, 
        "accumulated_operating_revenue": 22414361, 
        "long_term_average": 3943266, 
        "date": "2013-06-30", 
        "operating_revenue": 3465571, 
        "short_term_average": 3632217
    }, 
    {
        "accumulated_operating_revenue_yoy": -2.417378866567608, 
        "accumulated_operating_revenue": 25743323, 
        "long_term_average": 3920485, 
        "date": "2013-07-31", 
        "operating_revenue": 3328962, 
        "short_term_average": 3502776
    }, 
    {
        "accumulated_operating_revenue_yoy": -2.7783649271582553, 
        "accumulated_operating_revenue": 29565667, 
        "long_term_average": 3903220, 
        "date": "2013-08-31", 
        "operating_revenue": 3822344, 
        "short_term_average": 3538959
    }, 
    {
        "accumulated_operating_revenue_yoy": -1.9508605521271876, 
        "accumulated_operating_revenue": 33046882, 
        "long_term_average": 3918836, 
        "date": "2013-09-30", 
        "operating_revenue": 3481215, 
        "short_term_average": 3544173
    }, 
    {
        "accumulated_operating_revenue_yoy": -2.4626147688738893, 
        "accumulated_operating_revenue": 37384882, 
        "long_term_average": 3894972, 
        "date": "2013-10-31", 
        "operating_revenue": 4338000, 
        "short_term_average": 3880519
    }, 
    {
        "accumulated_operating_revenue_yoy": -1.7778055873556402, 
        "accumulated_operating_revenue": 42917185, 
        "long_term_average": 3908897, 
        "date": "2013-11-30", 
        "operating_revenue": 5532303, 
        "short_term_average": 4450506
    }, 
    {
        "accumulated_operating_revenue_yoy": -1.9516811224531523, 
        "accumulated_operating_revenue": 46752927, 
        "long_term_average": 3896077, 
        "date": "2013-12-31", 
        "operating_revenue": 3835742, 
        "short_term_average": 4568681
    }, 
    {
        "accumulated_operating_revenue_yoy": 14.199121787810656, 
        "accumulated_operating_revenue": 4540854, 
        "long_term_average": 3943126, 
        "date": "2014-01-31", 
        "operating_revenue": 4540854, 
        "short_term_average": 4636299
    }, 
    {
        "accumulated_operating_revenue_yoy": -4.048087377736585, 
        "accumulated_operating_revenue": 7696206, 
        "long_term_average": 3869019, 
        "date": "2014-02-28", 
        "operating_revenue": 3155352, 
        "short_term_average": 3843982
    }, 
    {
        "accumulated_operating_revenue_yoy": -3.861315115819918, 
        "accumulated_operating_revenue": 11072973, 
        "long_term_average": 3859016, 
        "date": "2014-03-31", 
        "operating_revenue": 3376767, 
        "short_term_average": 3690991
    }, 
    {
        "accumulated_operating_revenue_yoy": -3.2208808221388203, 
        "accumulated_operating_revenue": 14744293, 
        "long_term_average": 3855185, 
        "date": "2014-04-30", 
        "operating_revenue": 3671320, 
        "short_term_average": 3401146
    }, 
    {
        "accumulated_operating_revenue_yoy": -2.66645521956811, 
        "accumulated_operating_revenue": 18443529, 
        "long_term_average": 3853972, 
        "date": "2014-05-31", 
        "operating_revenue": 3699236, 
        "short_term_average": 3582441
    }, 
    {
        "accumulated_operating_revenue_yoy": -3.236353693063122, 
        "accumulated_operating_revenue": 21688953, 
        "long_term_average": 3835626, 
        "date": "2014-06-30", 
        "operating_revenue": 3245424, 
        "short_term_average": 3538660
    }, 
    {
        "accumulated_operating_revenue_yoy": -1.9364555228553828, 
        "accumulated_operating_revenue": 25244815, 
        "long_term_average": 3854534, 
        "date": "2014-07-31", 
        "operating_revenue": 3555862, 
        "short_term_average": 3500174
    }, 
    {
        "accumulated_operating_revenue_yoy": -2.3014261778704332, 
        "accumulated_operating_revenue": 28885235, 
        "long_term_average": 3839374, 
        "date": "2014-08-31", 
        "operating_revenue": 3640420, 
        "short_term_average": 3480568
    }, 
    {
        "accumulated_operating_revenue_yoy": -2.1459422404812654, 
        "accumulated_operating_revenue": 32337715, 
        "long_term_average": 3836980, 
        "date": "2014-09-30", 
        "operating_revenue": 3452480, 
        "short_term_average": 3549587
    }, 
    {
        "accumulated_operating_revenue_yoy": -2.013527821219283, 
        "accumulated_operating_revenue": 36632127, 
        "long_term_average": 3833347, 
        "date": "2014-10-31", 
        "operating_revenue": 4294412, 
        "short_term_average": 3795770
    }, 
    {
        "accumulated_operating_revenue_yoy": -2.0405858399147103, 
        "accumulated_operating_revenue": 42041423, 
        "long_term_average": 3823097, 
        "date": "2014-11-30", 
        "operating_revenue": 5409296, 
        "short_term_average": 4385396
    }, 
    {
        "accumulated_operating_revenue_yoy": -1.7647879030119333, 
        "accumulated_operating_revenue": 45927837, 
        "long_term_average": 3827319, 
        "date": "2014-12-31", 
        "operating_revenue": 3886414, 
        "short_term_average": 4530040
    }, 
    {
        "accumulated_operating_revenue_yoy": -24.289571961573746, 
        "accumulated_operating_revenue": 3437900, 
        "long_term_average": 3735406, 
        "date": "2015-01-31", 
        "operating_revenue": 3437900, 
        "short_term_average": 4244536
    }, 
    {
        "accumulated_operating_revenue_yoy": -1.4551195745020338, 
        "accumulated_operating_revenue": 7584217, 
        "long_term_average": 3817987, 
        "date": "2015-02-28", 
        "operating_revenue": 4146317, 
        "short_term_average": 3823543
    }, 
    {
        "accumulated_operating_revenue_yoy": -0.4304715635087343, 
        "accumulated_operating_revenue": 11025307, 
        "long_term_average": 3823347, 
        "date": "2015-03-31", 
        "operating_revenue": 3441090, 
        "short_term_average": 3675102
    }, 
    {
        "accumulated_operating_revenue_yoy": -1.106000809940497, 
        "accumulated_operating_revenue": 14581221, 
        "long_term_average": 3813730, 
        "date": "2015-04-30", 
        "operating_revenue": 3555914, 
        "short_term_average": 3714440
    }, 
    {
        "accumulated_operating_revenue_yoy": -1.1367184664062935, 
        "accumulated_operating_revenue": 18233878, 
        "long_term_average": 3809848, 
        "date": "2015-05-31", 
        "operating_revenue": 3652657, 
        "short_term_average": 3549887
    }, 
    {
        "accumulated_operating_revenue_yoy": -1.3903206853737937, 
        "accumulated_operating_revenue": 21387407, 
        "long_term_average": 3802190, 
        "date": "2015-06-30", 
        "operating_revenue": 3153529, 
        "short_term_average": 3454033
    }, 
    {
        "accumulated_operating_revenue_yoy": -2.6159153869814453, 
        "accumulated_operating_revenue": 24584432, 
        "long_term_average": 3772287, 
        "date": "2015-07-31", 
        "operating_revenue": 3197025, 
        "short_term_average": 3334403
    }, 
    {
        "accumulated_operating_revenue_yoy": -2.236769062117722, 
        "accumulated_operating_revenue": 28239139, 
        "long_term_average": 3773478, 
        "date": "2015-08-31", 
        "operating_revenue": 3654707, 
        "short_term_average": 3335087
    }
]