[
    {
        "date": "2012-01-31", 
        "operating_revenue": 49165, 
        "accumulated_operating_revenue": 49165, 
        "long_term_average": 49165, 
        "short_term_average": 49165
    }, 
    {
        "date": "2012-02-29", 
        "operating_revenue": 48929, 
        "accumulated_operating_revenue": 98094, 
        "long_term_average": 49047, 
        "short_term_average": 49047
    }, 
    {
        "date": "2012-03-31", 
        "operating_revenue": 48602, 
        "accumulated_operating_revenue": 146696, 
        "long_term_average": 48898, 
        "short_term_average": 48898
    }, 
    {
        "date": "2012-04-30", 
        "operating_revenue": 47679, 
        "accumulated_operating_revenue": 194375, 
        "long_term_average": 48593, 
        "short_term_average": 48403
    }, 
    {
        "date": "2012-05-31", 
        "operating_revenue": 52200, 
        "accumulated_operating_revenue": 246575, 
        "long_term_average": 49315, 
        "short_term_average": 49493
    }, 
    {
        "date": "2012-06-30", 
        "operating_revenue": 48664, 
        "accumulated_operating_revenue": 295239, 
        "long_term_average": 49206, 
        "short_term_average": 49514
    }, 
    {
        "date": "2012-07-31", 
        "operating_revenue": 49186, 
        "accumulated_operating_revenue": 344425, 
        "long_term_average": 49203, 
        "short_term_average": 50016
    }, 
    {
        "date": "2012-08-31", 
        "operating_revenue": 58275, 
        "accumulated_operating_revenue": 402700, 
        "long_term_average": 50337, 
        "short_term_average": 52041
    }, 
    {
        "date": "2012-09-30", 
        "operating_revenue": 48240, 
        "accumulated_operating_revenue": 450940, 
        "long_term_average": 50104, 
        "short_term_average": 51900
    }, 
    {
        "date": "2012-10-31", 
        "operating_revenue": 40180, 
        "accumulated_operating_revenue": 491120, 
        "long_term_average": 49112, 
        "short_term_average": 48898
    }, 
    {
        "date": "2012-11-30", 
        "operating_revenue": 42181, 
        "accumulated_operating_revenue": 533301, 
        "long_term_average": 48481, 
        "short_term_average": 43533
    }, 
    {
        "date": "2012-12-31", 
        "operating_revenue": 45182, 
        "accumulated_operating_revenue": 578483, 
        "long_term_average": 48206, 
        "short_term_average": 42514
    }, 
    {
        "accumulated_operating_revenue_yoy": -9.492525170344758, 
        "accumulated_operating_revenue": 44498, 
        "long_term_average": 47818, 
        "date": "2013-01-31", 
        "operating_revenue": 44498, 
        "short_term_average": 43953
    }, 
    {
        "accumulated_operating_revenue_yoy": -8.993414479988582, 
        "accumulated_operating_revenue": 89272, 
        "long_term_average": 47471, 
        "date": "2013-02-28", 
        "operating_revenue": 44774, 
        "short_term_average": 44818
    }, 
    {
        "accumulated_operating_revenue_yoy": -11.267519223428042, 
        "accumulated_operating_revenue": 130167, 
        "long_term_average": 46829, 
        "date": "2013-03-31", 
        "operating_revenue": 40895, 
        "short_term_average": 43389
    }, 
    {
        "accumulated_operating_revenue_yoy": -11.175819935691319, 
        "accumulated_operating_revenue": 172652, 
        "long_term_average": 46396, 
        "date": "2013-04-30", 
        "operating_revenue": 42485, 
        "short_term_average": 42718
    }, 
    {
        "accumulated_operating_revenue_yoy": -12.775423299199026, 
        "accumulated_operating_revenue": 215074, 
        "long_term_average": 45581, 
        "date": "2013-05-31", 
        "operating_revenue": 42422, 
        "short_term_average": 41934
    }, 
    {
        "accumulated_operating_revenue_yoy": -12.787944682105007, 
        "accumulated_operating_revenue": 257484, 
        "long_term_average": 45060, 
        "date": "2013-06-30", 
        "operating_revenue": 42410, 
        "short_term_average": 42439
    }, 
    {
        "accumulated_operating_revenue_yoy": -13.075415547651884, 
        "accumulated_operating_revenue": 299390, 
        "long_term_average": 44454, 
        "date": "2013-07-31", 
        "operating_revenue": 41906, 
        "short_term_average": 42246
    }, 
    {
        "accumulated_operating_revenue_yoy": -14.821455177551526, 
        "accumulated_operating_revenue": 343014, 
        "long_term_average": 43233, 
        "date": "2013-08-31", 
        "operating_revenue": 43624, 
        "short_term_average": 42646
    }, 
    {
        "accumulated_operating_revenue_yoy": -14.592185213110392, 
        "accumulated_operating_revenue": 385138, 
        "long_term_average": 42723, 
        "date": "2013-09-30", 
        "operating_revenue": 42124, 
        "short_term_average": 42551
    }, 
    {
        "accumulated_operating_revenue_yoy": -12.56882228375957, 
        "accumulated_operating_revenue": 429392, 
        "long_term_average": 43062, 
        "date": "2013-10-31", 
        "operating_revenue": 44254, 
        "short_term_average": 43334
    }, 
    {
        "accumulated_operating_revenue_yoy": -11.289871948486876, 
        "accumulated_operating_revenue": 473092, 
        "long_term_average": 43189, 
        "date": "2013-11-30", 
        "operating_revenue": 43700, 
        "short_term_average": 43359
    }, 
    {
        "accumulated_operating_revenue_yoy": -10.895393641645477, 
        "accumulated_operating_revenue": 515455, 
        "long_term_average": 42954, 
        "date": "2013-12-31", 
        "operating_revenue": 42363, 
        "short_term_average": 43439
    }, 
    {
        "accumulated_operating_revenue_yoy": -4.523798822418986, 
        "accumulated_operating_revenue": 42485, 
        "long_term_average": 42786, 
        "date": "2014-01-31", 
        "operating_revenue": 42485, 
        "short_term_average": 42849
    }, 
    {
        "accumulated_operating_revenue_yoy": -0.0011201720584281746, 
        "accumulated_operating_revenue": 89271, 
        "long_term_average": 42954, 
        "date": "2014-02-28", 
        "operating_revenue": 46786, 
        "short_term_average": 43878
    }, 
    {
        "accumulated_operating_revenue_yoy": 3.2604269899436877, 
        "accumulated_operating_revenue": 134411, 
        "long_term_average": 43308, 
        "date": "2014-03-31", 
        "operating_revenue": 45140, 
        "short_term_average": 44803
    }, 
    {
        "accumulated_operating_revenue_yoy": 3.0112596436762966, 
        "accumulated_operating_revenue": 177851, 
        "long_term_average": 43387, 
        "date": "2014-04-30", 
        "operating_revenue": 43440, 
        "short_term_average": 45122
    }, 
    {
        "accumulated_operating_revenue_yoy": 4.301310246705785, 
        "accumulated_operating_revenue": 224325, 
        "long_term_average": 43725, 
        "date": "2014-05-31", 
        "operating_revenue": 46474, 
        "short_term_average": 45018
    }, 
    {
        "accumulated_operating_revenue_yoy": 4.76184927995526, 
        "accumulated_operating_revenue": 269745, 
        "long_term_average": 43976, 
        "date": "2014-06-30", 
        "operating_revenue": 45420, 
        "short_term_average": 45111
    }, 
    {
        "accumulated_operating_revenue_yoy": 5.458432145362237, 
        "accumulated_operating_revenue": 315732, 
        "long_term_average": 44316, 
        "date": "2014-07-31", 
        "operating_revenue": 45987, 
        "short_term_average": 45960
    }, 
    {
        "accumulated_operating_revenue_yoy": 5.888389395185036, 
        "accumulated_operating_revenue": 363212, 
        "long_term_average": 44637, 
        "date": "2014-08-31", 
        "operating_revenue": 47480, 
        "short_term_average": 46295
    }, 
    {
        "accumulated_operating_revenue_yoy": 6.067435568549455, 
        "accumulated_operating_revenue": 408506, 
        "long_term_average": 44901, 
        "date": "2014-09-30", 
        "operating_revenue": 45294, 
        "short_term_average": 46253
    }, 
    {
        "accumulated_operating_revenue_yoy": 4.145862056116555, 
        "accumulated_operating_revenue": 447194, 
        "long_term_average": 44438, 
        "date": "2014-10-31", 
        "operating_revenue": 38688, 
        "short_term_average": 43820
    }, 
    {
        "accumulated_operating_revenue_yoy": 3.7829851276284527, 
        "accumulated_operating_revenue": 490989, 
        "long_term_average": 44446, 
        "date": "2014-11-30", 
        "operating_revenue": 43795, 
        "short_term_average": 42592
    }, 
    {
        "accumulated_operating_revenue_yoy": 3.351989989426817, 
        "accumulated_operating_revenue": 532733, 
        "long_term_average": 44394, 
        "date": "2014-12-31", 
        "operating_revenue": 41744, 
        "short_term_average": 41409
    }, 
    {
        "accumulated_operating_revenue_yoy": 11.888901965399553, 
        "accumulated_operating_revenue": 47536, 
        "long_term_average": 44815, 
        "date": "2015-01-31", 
        "operating_revenue": 47536, 
        "short_term_average": 44358
    }, 
    {
        "accumulated_operating_revenue_yoy": 2.122749829171848, 
        "accumulated_operating_revenue": 91166, 
        "long_term_average": 44552, 
        "date": "2015-02-28", 
        "operating_revenue": 43630, 
        "short_term_average": 44303
    }, 
    {
        "accumulated_operating_revenue_yoy": 1.4500301314624546, 
        "accumulated_operating_revenue": 136360, 
        "long_term_average": 44556, 
        "date": "2015-03-31", 
        "operating_revenue": 45194, 
        "short_term_average": 45453
    }, 
    {
        "accumulated_operating_revenue_yoy": 1.554109900984532, 
        "accumulated_operating_revenue": 180615, 
        "long_term_average": 44624, 
        "date": "2015-04-30", 
        "operating_revenue": 44255, 
        "short_term_average": 44359
    }, 
    {
        "accumulated_operating_revenue_yoy": 0.591106653293213, 
        "accumulated_operating_revenue": 225651, 
        "long_term_average": 44504, 
        "date": "2015-05-31", 
        "operating_revenue": 45036, 
        "short_term_average": 44828
    }, 
    {
        "accumulated_operating_revenue_yoy": -0.3840664331127547, 
        "accumulated_operating_revenue": 268709, 
        "long_term_average": 44308, 
        "date": "2015-06-30", 
        "operating_revenue": 43058, 
        "short_term_average": 44116
    }, 
    {
        "accumulated_operating_revenue_yoy": -2.0894302763102885, 
        "accumulated_operating_revenue": 309135, 
        "long_term_average": 43844, 
        "date": "2015-07-31", 
        "operating_revenue": 40426, 
        "short_term_average": 42840
    }, 
    {
        "accumulated_operating_revenue_yoy": -3.6350671233329295, 
        "accumulated_operating_revenue": 350009, 
        "long_term_average": 43294, 
        "date": "2015-08-31", 
        "operating_revenue": 40874, 
        "short_term_average": 41452
    }
]