[
    {
        "date": "2012-01-31", 
        "operating_revenue": 18159139, 
        "accumulated_operating_revenue": 18159139, 
        "long_term_average": 18159139, 
        "short_term_average": 18159139
    }, 
    {
        "date": "2012-02-29", 
        "operating_revenue": 11948510, 
        "accumulated_operating_revenue": 30107649, 
        "long_term_average": 15053824, 
        "short_term_average": 15053824
    }, 
    {
        "date": "2012-03-31", 
        "operating_revenue": 9243767, 
        "accumulated_operating_revenue": 39351416, 
        "long_term_average": 13117138, 
        "short_term_average": 13117138
    }, 
    {
        "date": "2012-04-30", 
        "operating_revenue": 10320621, 
        "accumulated_operating_revenue": 49672037, 
        "long_term_average": 12418009, 
        "short_term_average": 10504299
    }, 
    {
        "date": "2012-05-31", 
        "operating_revenue": 5375053, 
        "accumulated_operating_revenue": 55047090, 
        "long_term_average": 11009418, 
        "short_term_average": 8313147
    }, 
    {
        "date": "2012-06-30", 
        "operating_revenue": 11399021, 
        "accumulated_operating_revenue": 66446111, 
        "long_term_average": 11074351, 
        "short_term_average": 9031565
    }, 
    {
        "date": "2012-07-31", 
        "operating_revenue": 14946587, 
        "accumulated_operating_revenue": 81392698, 
        "long_term_average": 11627528, 
        "short_term_average": 10573553
    }, 
    {
        "date": "2012-08-31", 
        "operating_revenue": 11053301, 
        "accumulated_operating_revenue": 92445999, 
        "long_term_average": 11555749, 
        "short_term_average": 12466303
    }, 
    {
        "date": "2012-09-30", 
        "operating_revenue": 15201812, 
        "accumulated_operating_revenue": 107647811, 
        "long_term_average": 11960867, 
        "short_term_average": 13733900
    }, 
    {
        "date": "2012-10-31", 
        "operating_revenue": 11986598, 
        "accumulated_operating_revenue": 119634409, 
        "long_term_average": 11963440, 
        "short_term_average": 12747237
    }, 
    {
        "date": "2012-11-30", 
        "operating_revenue": 13089711, 
        "accumulated_operating_revenue": 132724120, 
        "long_term_average": 12065829, 
        "short_term_average": 13426040
    }, 
    {
        "date": "2012-12-31", 
        "operating_revenue": 18284799, 
        "accumulated_operating_revenue": 151008919, 
        "long_term_average": 12584076, 
        "short_term_average": 14453702
    }, 
    {
        "accumulated_operating_revenue_yoy": 38.21400893511526, 
        "accumulated_operating_revenue": 25098474, 
        "long_term_average": 13162354, 
        "date": "2013-01-31", 
        "operating_revenue": 25098474, 
        "short_term_average": 18824328
    }, 
    {
        "accumulated_operating_revenue_yoy": 16.801580887302094, 
        "accumulated_operating_revenue": 35166210, 
        "long_term_average": 13005623, 
        "date": "2013-02-28", 
        "operating_revenue": 10067736, 
        "short_term_average": 17817003
    }, 
    {
        "accumulated_operating_revenue_yoy": 28.00059596330663, 
        "accumulated_operating_revenue": 50370047, 
        "long_term_average": 13502295, 
        "date": "2013-03-31", 
        "operating_revenue": 15203837, 
        "short_term_average": 16790015
    }, 
    {
        "accumulated_operating_revenue_yoy": 24.309202378795135, 
        "accumulated_operating_revenue": 61746913, 
        "long_term_average": 13590316, 
        "date": "2013-04-30", 
        "operating_revenue": 11376866, 
        "short_term_average": 12216146
    }, 
    {
        "accumulated_operating_revenue_yoy": 32.29667362979587, 
        "accumulated_operating_revenue": 72825469, 
        "long_term_average": 14065608, 
        "date": "2013-05-31", 
        "operating_revenue": 11078556, 
        "short_term_average": 12553086
    }, 
    {
        "accumulated_operating_revenue_yoy": 22.454411214525408, 
        "accumulated_operating_revenue": 81366194, 
        "long_term_average": 13827416, 
        "date": "2013-06-30", 
        "operating_revenue": 8540725, 
        "short_term_average": 10332049
    }, 
    {
        "accumulated_operating_revenue_yoy": 18.981645011939523, 
        "accumulated_operating_revenue": 96842371, 
        "long_term_average": 13871549, 
        "date": "2013-07-31", 
        "operating_revenue": 15476177, 
        "short_term_average": 11698486
    }, 
    {
        "accumulated_operating_revenue_yoy": 15.534438651044272, 
        "accumulated_operating_revenue": 106806966, 
        "long_term_average": 13780823, 
        "date": "2013-08-31", 
        "operating_revenue": 9964595, 
        "short_term_average": 11327165
    }, 
    {
        "accumulated_operating_revenue_yoy": 14.001902927687029, 
        "accumulated_operating_revenue": 122720553, 
        "long_term_average": 13840138, 
        "date": "2013-09-30", 
        "operating_revenue": 15913587, 
        "short_term_average": 13784786
    }, 
    {
        "accumulated_operating_revenue_yoy": 13.640968460838051, 
        "accumulated_operating_revenue": 135953701, 
        "long_term_average": 13944017, 
        "date": "2013-10-31", 
        "operating_revenue": 13233148, 
        "short_term_average": 13037110
    }, 
    {
        "accumulated_operating_revenue_yoy": 13.056928913900503, 
        "accumulated_operating_revenue": 150053814, 
        "long_term_average": 14028217, 
        "date": "2013-11-30", 
        "operating_revenue": 14100113, 
        "short_term_average": 14415616
    }, 
    {
        "accumulated_operating_revenue_yoy": 14.985132103356094, 
        "accumulated_operating_revenue": 173637805, 
        "long_term_average": 14469817, 
        "date": "2013-12-31", 
        "operating_revenue": 23583991, 
        "short_term_average": 16972417
    }, 
    {
        "accumulated_operating_revenue_yoy": -5.39856725950749, 
        "accumulated_operating_revenue": 23743516, 
        "long_term_average": 14356903, 
        "date": "2014-01-31", 
        "operating_revenue": 23743516, 
        "short_term_average": 20475873
    }, 
    {
        "accumulated_operating_revenue_yoy": 2.4080502277612514, 
        "accumulated_operating_revenue": 36013030, 
        "long_term_average": 14540385, 
        "date": "2014-02-28", 
        "operating_revenue": 12269514, 
        "short_term_average": 19865673
    }, 
    {
        "accumulated_operating_revenue_yoy": 4.257010123496609, 
        "accumulated_operating_revenue": 52514305, 
        "long_term_average": 14648505, 
        "date": "2014-03-31", 
        "operating_revenue": 16501275, 
        "short_term_average": 17504768
    }, 
    {
        "accumulated_operating_revenue_yoy": 0.8080744052743172, 
        "accumulated_operating_revenue": 62245874, 
        "long_term_average": 14511397, 
        "date": "2014-04-30", 
        "operating_revenue": 9731569, 
        "short_term_average": 12834119
    }, 
    {
        "accumulated_operating_revenue_yoy": 1.8387852744209583, 
        "accumulated_operating_revenue": 74164573, 
        "long_term_average": 14581409, 
        "date": "2014-05-31", 
        "operating_revenue": 11918699, 
        "short_term_average": 12717181
    }, 
    {
        "accumulated_operating_revenue_yoy": 9.208954765661032, 
        "accumulated_operating_revenue": 88859170, 
        "long_term_average": 15094231, 
        "date": "2014-06-30", 
        "operating_revenue": 14694597, 
        "short_term_average": 12114955
    }, 
    {
        "accumulated_operating_revenue_yoy": 7.582313324402187, 
        "accumulated_operating_revenue": 104185263, 
        "long_term_average": 15081724, 
        "date": "2014-07-31", 
        "operating_revenue": 15326093, 
        "short_term_average": 13979796
    }, 
    {
        "accumulated_operating_revenue_yoy": 10.439215172538466, 
        "accumulated_operating_revenue": 117956775, 
        "long_term_average": 15398967, 
        "date": "2014-08-31", 
        "operating_revenue": 13771512, 
        "short_term_average": 14597400
    }, 
    {
        "accumulated_operating_revenue_yoy": 9.901233088478667, 
        "accumulated_operating_revenue": 134871401, 
        "long_term_average": 15482387, 
        "date": "2014-09-30", 
        "operating_revenue": 16914626, 
        "short_term_average": 15337410
    }, 
    {
        "accumulated_operating_revenue_yoy": 7.170211570775849, 
        "accumulated_operating_revenue": 145701869, 
        "long_term_average": 15282164, 
        "date": "2014-10-31", 
        "operating_revenue": 10830468, 
        "short_term_average": 13838868
    }, 
    {
        "accumulated_operating_revenue_yoy": 8.143567746968431, 
        "accumulated_operating_revenue": 162273548, 
        "long_term_average": 15488128, 
        "date": "2014-11-30", 
        "operating_revenue": 16571679, 
        "short_term_average": 14772257
    }, 
    {
        "accumulated_operating_revenue_yoy": 7.619984023640473, 
        "accumulated_operating_revenue": 186868978, 
        "long_term_average": 15572414, 
        "date": "2014-12-31", 
        "operating_revenue": 24595430, 
        "short_term_average": 17332525
    }, 
    {
        "accumulated_operating_revenue_yoy": -8.163487665432534, 
        "accumulated_operating_revenue": 21805217, 
        "long_term_average": 15410889, 
        "date": "2015-01-31", 
        "operating_revenue": 21805217, 
        "short_term_average": 20990775
    }, 
    {
        "accumulated_operating_revenue_yoy": 3.6758778697599173, 
        "accumulated_operating_revenue": 37336825, 
        "long_term_average": 15682731, 
        "date": "2015-02-28", 
        "operating_revenue": 15531608, 
        "short_term_average": 20644085
    }, 
    {
        "accumulated_operating_revenue_yoy": 8.557544463360983, 
        "accumulated_operating_revenue": 57008240, 
        "long_term_average": 15946909, 
        "date": "2015-03-31", 
        "operating_revenue": 19671415, 
        "short_term_average": 19002746
    }, 
    {
        "accumulated_operating_revenue_yoy": 20.499329802968145, 
        "accumulated_operating_revenue": 75005861, 
        "long_term_average": 16635747, 
        "date": "2015-04-30", 
        "operating_revenue": 17997621, 
        "short_term_average": 17733548
    }, 
    {
        "accumulated_operating_revenue_yoy": 17.225808068766202, 
        "accumulated_operating_revenue": 86940020, 
        "long_term_average": 16637035, 
        "date": "2015-05-31", 
        "operating_revenue": 11934159, 
        "short_term_average": 16534398
    }, 
    {
        "accumulated_operating_revenue_yoy": 11.432695128707595, 
        "accumulated_operating_revenue": 99018168, 
        "long_term_average": 16418998, 
        "date": "2015-06-30", 
        "operating_revenue": 12078148, 
        "short_term_average": 14003309
    }, 
    {
        "accumulated_operating_revenue_yoy": 5.108421140137641, 
        "accumulated_operating_revenue": 109507485, 
        "long_term_average": 16015933, 
        "date": "2015-07-31", 
        "operating_revenue": 10489317, 
        "short_term_average": 11500541
    }, 
    {
        "accumulated_operating_revenue_yoy": 8.673220338551982, 
        "accumulated_operating_revenue": 128187426, 
        "long_term_average": 16424969, 
        "date": "2015-08-31", 
        "operating_revenue": 18679941, 
        "short_term_average": 13749135
    }, 
    {
        "accumulated_operating_revenue_yoy": 7.878572418773939, 
        "accumulated_operating_revenue": 145497342, 
        "long_term_average": 16457909, 
        "date": "2015-09-30", 
        "operating_revenue": 17309916, 
        "short_term_average": 15493058
    }
]