[
    {
        "date": "2011-09-30", 
        "operating_revenue": 799368, 
        "accumulated_operating_revenue": 799368, 
        "long_term_average": 799368, 
        "short_term_average": 799368
    }, 
    {
        "date": "2011-10-31", 
        "operating_revenue": 539450, 
        "accumulated_operating_revenue": 1338818, 
        "long_term_average": 669409, 
        "short_term_average": 669409
    }, 
    {
        "date": "2011-11-30", 
        "operating_revenue": 598918, 
        "accumulated_operating_revenue": 1937736, 
        "long_term_average": 645912, 
        "short_term_average": 645912
    }, 
    {
        "date": "2011-12-31", 
        "operating_revenue": 723026, 
        "accumulated_operating_revenue": 2660762, 
        "long_term_average": 665190, 
        "short_term_average": 620464
    }, 
    {
        "date": "2012-01-31", 
        "operating_revenue": 632940, 
        "accumulated_operating_revenue": 632940, 
        "long_term_average": 658740, 
        "short_term_average": 651628
    }, 
    {
        "date": "2012-02-29", 
        "operating_revenue": 459864, 
        "accumulated_operating_revenue": 1092804, 
        "long_term_average": 625594, 
        "short_term_average": 605276
    }, 
    {
        "date": "2012-03-31", 
        "operating_revenue": 654905, 
        "accumulated_operating_revenue": 1747709, 
        "long_term_average": 629781, 
        "short_term_average": 582569
    }, 
    {
        "date": "2012-04-30", 
        "operating_revenue": 505506, 
        "accumulated_operating_revenue": 2253215, 
        "long_term_average": 614247, 
        "short_term_average": 540091
    }, 
    {
        "date": "2012-05-31", 
        "operating_revenue": 515477, 
        "accumulated_operating_revenue": 2768692, 
        "long_term_average": 603272, 
        "short_term_average": 558629
    }, 
    {
        "date": "2012-06-30", 
        "operating_revenue": 602695, 
        "accumulated_operating_revenue": 3371387, 
        "long_term_average": 603214, 
        "short_term_average": 541226
    }, 
    {
        "date": "2012-07-31", 
        "operating_revenue": 867889, 
        "accumulated_operating_revenue": 4239276, 
        "long_term_average": 627276, 
        "short_term_average": 662020
    }, 
    {
        "date": "2012-08-31", 
        "operating_revenue": 647083, 
        "accumulated_operating_revenue": 4886359, 
        "long_term_average": 628926, 
        "short_term_average": 705889
    }, 
    {
        "accumulated_operating_revenue_yoy": 570.2847749722281, 
        "accumulated_operating_revenue": 5358042, 
        "long_term_average": 601619, 
        "date": "2012-09-30", 
        "operating_revenue": 471683, 
        "short_term_average": 662218
    }, 
    {
        "accumulated_operating_revenue_yoy": 342.33002544035116, 
        "accumulated_operating_revenue": 5921994, 
        "long_term_average": 603661, 
        "date": "2012-10-31", 
        "operating_revenue": 563952, 
        "short_term_average": 560906
    }, 
    {
        "accumulated_operating_revenue_yoy": 227.8080708620782, 
        "accumulated_operating_revenue": 6352055, 
        "long_term_average": 589590, 
        "date": "2012-11-30", 
        "operating_revenue": 430061, 
        "short_term_average": 488565
    }, 
    {
        "accumulated_operating_revenue_yoy": 164.22498517342024, 
        "accumulated_operating_revenue": 7030398, 
        "long_term_average": 585866, 
        "date": "2012-12-31", 
        "operating_revenue": 678343, 
        "short_term_average": 557452
    }, 
    {
        "accumulated_operating_revenue_yoy": -11.373115935159731, 
        "accumulated_operating_revenue": 560955, 
        "long_term_average": 579867, 
        "date": "2013-01-31", 
        "operating_revenue": 560955, 
        "short_term_average": 556453
    }, 
    {
        "accumulated_operating_revenue_yoy": -12.46591337513406, 
        "accumulated_operating_revenue": 956576, 
        "long_term_average": 574514, 
        "date": "2013-02-28", 
        "operating_revenue": 395621, 
        "short_term_average": 544973
    }, 
    {
        "accumulated_operating_revenue_yoy": -18.034352400771525, 
        "accumulated_operating_revenue": 1432521, 
        "long_term_average": 559600, 
        "date": "2013-03-31", 
        "operating_revenue": 475945, 
        "short_term_average": 477507
    }, 
    {
        "accumulated_operating_revenue_yoy": -19.480830724098677, 
        "accumulated_operating_revenue": 1814270, 
        "long_term_average": 549287, 
        "date": "2013-04-30", 
        "operating_revenue": 381749, 
        "short_term_average": 417771
    }, 
    {
        "accumulated_operating_revenue_yoy": -10.117160016354292, 
        "accumulated_operating_revenue": 2488579, 
        "long_term_average": 562523, 
        "date": "2013-05-31", 
        "operating_revenue": 674309, 
        "short_term_average": 510667
    }, 
    {
        "accumulated_operating_revenue_yoy": -13.938150678044378, 
        "accumulated_operating_revenue": 2901478, 
        "long_term_average": 546707, 
        "date": "2013-06-30", 
        "operating_revenue": 412899, 
        "short_term_average": 489652
    }, 
    {
        "accumulated_operating_revenue_yoy": -15.911773614173741, 
        "accumulated_operating_revenue": 3564732, 
        "long_term_average": 529654, 
        "date": "2013-07-31", 
        "operating_revenue": 663254, 
        "short_term_average": 583487
    }, 
    {
        "accumulated_operating_revenue_yoy": -12.807900524705614, 
        "accumulated_operating_revenue": 4260519, 
        "long_term_average": 533713, 
        "date": "2013-08-31", 
        "operating_revenue": 695787, 
        "short_term_average": 590646
    }, 
    {
        "accumulated_operating_revenue_yoy": -9.687027462644004, 
        "accumulated_operating_revenue": 4839007, 
        "long_term_average": 542613, 
        "date": "2013-09-30", 
        "operating_revenue": 578488, 
        "short_term_average": 645843
    }, 
    {
        "accumulated_operating_revenue_yoy": -9.7594661527857, 
        "accumulated_operating_revenue": 5344039, 
        "long_term_average": 537703, 
        "date": "2013-10-31", 
        "operating_revenue": 505032, 
        "short_term_average": 593102
    }, 
    {
        "accumulated_operating_revenue_yoy": -9.170528277856537, 
        "accumulated_operating_revenue": 5769538, 
        "long_term_average": 537323, 
        "date": "2013-11-30", 
        "operating_revenue": 425499, 
        "short_term_average": 503006
    }, 
    {
        "accumulated_operating_revenue_yoy": -9.150577250391798, 
        "accumulated_operating_revenue": 6387076, 
        "long_term_average": 532256, 
        "date": "2013-12-31", 
        "operating_revenue": 617538, 
        "short_term_average": 516023
    }, 
    {
        "accumulated_operating_revenue_yoy": 13.966539205462114, 
        "accumulated_operating_revenue": 639301, 
        "long_term_average": 538785, 
        "date": "2014-01-31", 
        "operating_revenue": 639301, 
        "short_term_average": 560779
    }, 
    {
        "accumulated_operating_revenue_yoy": 1.5735289198140032, 
        "accumulated_operating_revenue": 971628, 
        "long_term_average": 533510, 
        "date": "2014-02-28", 
        "operating_revenue": 332327, 
        "short_term_average": 529722
    }, 
    {
        "accumulated_operating_revenue_yoy": 9.824149174776494, 
        "accumulated_operating_revenue": 1573254, 
        "long_term_average": 543984, 
        "date": "2014-03-31", 
        "operating_revenue": 601626, 
        "short_term_average": 524418
    }, 
    {
        "accumulated_operating_revenue_yoy": 17.665782931978153, 
        "accumulated_operating_revenue": 2134775, 
        "long_term_average": 558965, 
        "date": "2014-04-30", 
        "operating_revenue": 561521, 
        "short_term_average": 498491
    }, 
    {
        "accumulated_operating_revenue_yoy": 3.9100225470037318, 
        "accumulated_operating_revenue": 2585883, 
        "long_term_average": 540365, 
        "date": "2014-05-31", 
        "operating_revenue": 451108, 
        "short_term_average": 538085
    }, 
    {
        "accumulated_operating_revenue_yoy": 6.827520318954685, 
        "accumulated_operating_revenue": 3099577, 
        "long_term_average": 548764, 
        "date": "2014-06-30", 
        "operating_revenue": 513694, 
        "short_term_average": 508774
    }, 
    {
        "accumulated_operating_revenue_yoy": 1.0968847026929374, 
        "accumulated_operating_revenue": 3603833, 
        "long_term_average": 535514, 
        "date": "2014-07-31", 
        "operating_revenue": 504256, 
        "short_term_average": 489686
    }, 
    {
        "accumulated_operating_revenue_yoy": -0.17507256745011582, 
        "accumulated_operating_revenue": 4253060, 
        "long_term_average": 531634, 
        "date": "2014-08-31", 
        "operating_revenue": 649227, 
        "short_term_average": 555725
    }, 
    {
        "accumulated_operating_revenue_yoy": -0.7246528058339242, 
        "accumulated_operating_revenue": 4803941, 
        "long_term_average": 529334, 
        "date": "2014-09-30", 
        "operating_revenue": 550881, 
        "short_term_average": 568121
    }, 
    {
        "accumulated_operating_revenue_yoy": -2.0544011748417255, 
        "accumulated_operating_revenue": 5234251, 
        "long_term_average": 523107, 
        "date": "2014-10-31", 
        "operating_revenue": 430310, 
        "short_term_average": 543472
    }, 
    {
        "accumulated_operating_revenue_yoy": -1.285059566294563, 
        "accumulated_operating_revenue": 5695396, 
        "long_term_average": 526077, 
        "date": "2014-11-30", 
        "operating_revenue": 461145, 
        "short_term_average": 480778
    }, 
    {
        "accumulated_operating_revenue_yoy": -2.791950495030903, 
        "accumulated_operating_revenue": 6208752, 
        "long_term_average": 517396, 
        "date": "2014-12-31", 
        "operating_revenue": 513356, 
        "short_term_average": 468270
    }, 
    {
        "accumulated_operating_revenue_yoy": -11.474876466640909, 
        "accumulated_operating_revenue": 565942, 
        "long_term_average": 511282, 
        "date": "2015-01-31", 
        "operating_revenue": 565942, 
        "short_term_average": 513481
    }, 
    {
        "accumulated_operating_revenue_yoy": 7.493505744997056, 
        "accumulated_operating_revenue": 1044437, 
        "long_term_average": 523463, 
        "date": "2015-02-28", 
        "operating_revenue": 478495, 
        "short_term_average": 519264
    }, 
    {
        "accumulated_operating_revenue_yoy": -5.422392061294616, 
        "accumulated_operating_revenue": 1487946, 
        "long_term_average": 510287, 
        "date": "2015-03-31", 
        "operating_revenue": 443509, 
        "short_term_average": 495982
    }, 
    {
        "accumulated_operating_revenue_yoy": -9.544284526472344, 
        "accumulated_operating_revenue": 1931026, 
        "long_term_average": 500416, 
        "date": "2015-04-30", 
        "operating_revenue": 443080, 
        "short_term_average": 455028
    }, 
    {
        "accumulated_operating_revenue_yoy": -10.695920890465656, 
        "accumulated_operating_revenue": 2309299, 
        "long_term_average": 494347, 
        "date": "2015-05-31", 
        "operating_revenue": 378273, 
        "short_term_average": 421620
    }, 
    {
        "accumulated_operating_revenue_yoy": -7.909111469081104, 
        "accumulated_operating_revenue": 2854428, 
        "long_term_average": 496966, 
        "date": "2015-06-30", 
        "operating_revenue": 545129, 
        "short_term_average": 455494
    }, 
    {
        "accumulated_operating_revenue_yoy": -5.874051322577933, 
        "accumulated_operating_revenue": 3392142, 
        "long_term_average": 499755, 
        "date": "2015-07-31", 
        "operating_revenue": 537714, 
        "short_term_average": 487038
    }, 
    {
        "accumulated_operating_revenue_yoy": -5.844309744043112, 
        "accumulated_operating_revenue": 4004498, 
        "long_term_average": 496682, 
        "date": "2015-08-31", 
        "operating_revenue": 612356, 
        "short_term_average": 565066
    }, 
    {
        "accumulated_operating_revenue_yoy": -6.067206071015444, 
        "accumulated_operating_revenue": 4512476, 
        "long_term_average": 493107, 
        "date": "2015-09-30", 
        "operating_revenue": 507978, 
        "short_term_average": 552682
    }
]