[
    {
        "date": "2012-01-31", 
        "operating_revenue": 3664829, 
        "accumulated_operating_revenue": 3664829, 
        "long_term_average": 3664829, 
        "short_term_average": 3664829
    }, 
    {
        "date": "2012-02-29", 
        "operating_revenue": 2743520, 
        "accumulated_operating_revenue": 6408349, 
        "long_term_average": 3204174, 
        "short_term_average": 3204174
    }, 
    {
        "date": "2012-03-31", 
        "operating_revenue": 2922908, 
        "accumulated_operating_revenue": 9331257, 
        "long_term_average": 3110419, 
        "short_term_average": 3110419
    }, 
    {
        "date": "2012-04-30", 
        "operating_revenue": 2921964, 
        "accumulated_operating_revenue": 12253221, 
        "long_term_average": 3063305, 
        "short_term_average": 2862797
    }, 
    {
        "date": "2012-05-31", 
        "operating_revenue": 3227734, 
        "accumulated_operating_revenue": 15480955, 
        "long_term_average": 3096191, 
        "short_term_average": 3024202
    }, 
    {
        "date": "2012-06-30", 
        "operating_revenue": 3173207, 
        "accumulated_operating_revenue": 18654162, 
        "long_term_average": 3109027, 
        "short_term_average": 3107635
    }, 
    {
        "date": "2012-07-31", 
        "operating_revenue": 3024489, 
        "accumulated_operating_revenue": 21678651, 
        "long_term_average": 3096950, 
        "short_term_average": 3141810
    }, 
    {
        "date": "2012-08-31", 
        "operating_revenue": 2803194, 
        "accumulated_operating_revenue": 24481845, 
        "long_term_average": 3060230, 
        "short_term_average": 3000296
    }, 
    {
        "date": "2012-09-30", 
        "operating_revenue": 2955554, 
        "accumulated_operating_revenue": 27437399, 
        "long_term_average": 3048599, 
        "short_term_average": 2927745
    }, 
    {
        "date": "2012-10-31", 
        "operating_revenue": 2494825, 
        "accumulated_operating_revenue": 29932224, 
        "long_term_average": 2993222, 
        "short_term_average": 2751191
    }, 
    {
        "date": "2012-11-30", 
        "operating_revenue": 2353231, 
        "accumulated_operating_revenue": 32285455, 
        "long_term_average": 2935041, 
        "short_term_average": 2601203
    }, 
    {
        "date": "2012-12-31", 
        "operating_revenue": 2966687, 
        "accumulated_operating_revenue": 35252142, 
        "long_term_average": 2937678, 
        "short_term_average": 2604914
    }, 
    {
        "accumulated_operating_revenue_yoy": -6.512827747215491, 
        "accumulated_operating_revenue": 3426145, 
        "long_term_average": 2917788, 
        "date": "2013-01-31", 
        "operating_revenue": 3426145, 
        "short_term_average": 2915354
    }, 
    {
        "accumulated_operating_revenue_yoy": -5.492647170121353, 
        "accumulated_operating_revenue": 6056361, 
        "long_term_average": 2908346, 
        "date": "2013-02-28", 
        "operating_revenue": 2630216, 
        "short_term_average": 3007682
    }, 
    {
        "accumulated_operating_revenue_yoy": -4.954905861021725, 
        "accumulated_operating_revenue": 8868902, 
        "long_term_average": 2899148, 
        "date": "2013-03-31", 
        "operating_revenue": 2812541, 
        "short_term_average": 2956300
    }, 
    {
        "accumulated_operating_revenue_yoy": -5.314316945723904, 
        "accumulated_operating_revenue": 11602046, 
        "long_term_average": 2883413, 
        "date": "2013-04-30", 
        "operating_revenue": 2733144, 
        "short_term_average": 2725300
    }, 
    {
        "accumulated_operating_revenue_yoy": -6.6897035744887825, 
        "accumulated_operating_revenue": 14445325, 
        "long_term_average": 2851376, 
        "date": "2013-05-31", 
        "operating_revenue": 2843279, 
        "short_term_average": 2796321
    }, 
    {
        "accumulated_operating_revenue_yoy": -6.342471990969094, 
        "accumulated_operating_revenue": 17471027, 
        "long_term_average": 2839083, 
        "date": "2013-06-30", 
        "operating_revenue": 3025702, 
        "short_term_average": 2867375
    }, 
    {
        "accumulated_operating_revenue_yoy": -6.8740255101666605, 
        "accumulated_operating_revenue": 20188455, 
        "long_term_average": 2813495, 
        "date": "2013-07-31", 
        "operating_revenue": 2717428, 
        "short_term_average": 2862136
    }, 
    {
        "accumulated_operating_revenue_yoy": -5.617329903036311, 
        "accumulated_operating_revenue": 23106619, 
        "long_term_average": 2823076, 
        "date": "2013-08-31", 
        "operating_revenue": 2918164, 
        "short_term_average": 2887098
    }, 
    {
        "accumulated_operating_revenue_yoy": -3.593912090573891, 
        "accumulated_operating_revenue": 26451323, 
        "long_term_average": 2855505, 
        "date": "2013-09-30", 
        "operating_revenue": 3344704, 
        "short_term_average": 2993432
    }, 
    {
        "accumulated_operating_revenue_yoy": -2.544618802799284, 
        "accumulated_operating_revenue": 29170563, 
        "long_term_average": 2874206, 
        "date": "2013-10-31", 
        "operating_revenue": 2719240, 
        "short_term_average": 2994036
    }, 
    {
        "accumulated_operating_revenue_yoy": -1.7178261851970182, 
        "accumulated_operating_revenue": 31730847, 
        "long_term_average": 2891461, 
        "date": "2013-11-30", 
        "operating_revenue": 2560284, 
        "short_term_average": 2874742
    }, 
    {
        "accumulated_operating_revenue_yoy": -0.1369505433173394, 
        "accumulated_operating_revenue": 35203864, 
        "long_term_average": 2933655, 
        "date": "2013-12-31", 
        "operating_revenue": 3473017, 
        "short_term_average": 2917513
    }, 
    {
        "accumulated_operating_revenue_yoy": 6.875716001511903, 
        "accumulated_operating_revenue": 3661717, 
        "long_term_average": 2953286, 
        "date": "2014-01-31", 
        "operating_revenue": 3661717, 
        "short_term_average": 3231672
    }, 
    {
        "accumulated_operating_revenue_yoy": 1.4495007810795955, 
        "accumulated_operating_revenue": 6144148, 
        "long_term_average": 2940970, 
        "date": "2014-02-28", 
        "operating_revenue": 2482431, 
        "short_term_average": 3205721
    }, 
    {
        "accumulated_operating_revenue_yoy": 2.070008215222132, 
        "accumulated_operating_revenue": 9052489, 
        "long_term_average": 2948954, 
        "date": "2014-03-31", 
        "operating_revenue": 2908341, 
        "short_term_average": 3017496
    }, 
    {
        "accumulated_operating_revenue_yoy": 1.275137161152438, 
        "accumulated_operating_revenue": 11749988, 
        "long_term_average": 2945983, 
        "date": "2014-04-30", 
        "operating_revenue": 2697499, 
        "short_term_average": 2696090
    }, 
    {
        "accumulated_operating_revenue_yoy": 2.3949893823780357, 
        "accumulated_operating_revenue": 14791289, 
        "long_term_average": 2962485, 
        "date": "2014-05-31", 
        "operating_revenue": 3041301, 
        "short_term_average": 2882380
    }, 
    {
        "accumulated_operating_revenue_yoy": 2.624825661364956, 
        "accumulated_operating_revenue": 17929611, 
        "long_term_average": 2971870, 
        "date": "2014-06-30", 
        "operating_revenue": 3138322, 
        "short_term_average": 2959040
    }, 
    {
        "accumulated_operating_revenue_yoy": 3.525921126703356, 
        "accumulated_operating_revenue": 20900284, 
        "long_term_average": 2992974, 
        "date": "2014-07-31", 
        "operating_revenue": 2970673, 
        "short_term_average": 3050098
    }, 
    {
        "accumulated_operating_revenue_yoy": 3.0942822054580983, 
        "accumulated_operating_revenue": 23821603, 
        "long_term_average": 2993237, 
        "date": "2014-08-31", 
        "operating_revenue": 2921319, 
        "short_term_average": 3010104
    }, 
    {
        "accumulated_operating_revenue_yoy": 2.577031780225133, 
        "accumulated_operating_revenue": 27132982, 
        "long_term_average": 2990460, 
        "date": "2014-09-30", 
        "operating_revenue": 3311379, 
        "short_term_average": 3067790
    }, 
    {
        "accumulated_operating_revenue_yoy": 2.545106859953303, 
        "accumulated_operating_revenue": 29912985, 
        "long_term_average": 2995523, 
        "date": "2014-10-31", 
        "operating_revenue": 2780003, 
        "short_term_average": 3004233
    }, 
    {
        "accumulated_operating_revenue_yoy": 2.7471249034102367, 
        "accumulated_operating_revenue": 32602533, 
        "long_term_average": 3006295, 
        "date": "2014-11-30", 
        "operating_revenue": 2689548, 
        "short_term_average": 2926976
    }, 
    {
        "accumulated_operating_revenue_yoy": 2.1087912395071178, 
        "accumulated_operating_revenue": 35946240, 
        "long_term_average": 2995520, 
        "date": "2014-12-31", 
        "operating_revenue": 3343707, 
        "short_term_average": 2937752
    }, 
    {
        "accumulated_operating_revenue_yoy": -11.103370358768851, 
        "accumulated_operating_revenue": 3255143, 
        "long_term_average": 2961638, 
        "date": "2015-01-31", 
        "operating_revenue": 3255143, 
        "short_term_average": 3096132
    }, 
    {
        "accumulated_operating_revenue_yoy": 6.337542650339803, 
        "accumulated_operating_revenue": 6533536, 
        "long_term_average": 3027969, 
        "date": "2015-02-28", 
        "operating_revenue": 3278393, 
        "short_term_average": 3292414
    }, 
    {
        "accumulated_operating_revenue_yoy": 6.664885204500111, 
        "accumulated_operating_revenue": 9655827, 
        "long_term_average": 3045798, 
        "date": "2015-03-31", 
        "operating_revenue": 3122291, 
        "short_term_average": 3218609
    }, 
    {
        "accumulated_operating_revenue_yoy": 6.0674189624704296, 
        "accumulated_operating_revenue": 12462909, 
        "long_term_average": 3054930, 
        "date": "2015-04-30", 
        "operating_revenue": 2807082, 
        "short_term_average": 3069255
    }, 
    {
        "accumulated_operating_revenue_yoy": 4.888411010020831, 
        "accumulated_operating_revenue": 15514348, 
        "long_term_average": 3055774, 
        "date": "2015-05-31", 
        "operating_revenue": 3051439, 
        "short_term_average": 2993604
    }, 
    {
        "accumulated_operating_revenue_yoy": 3.869208316901019, 
        "accumulated_operating_revenue": 18623345, 
        "long_term_average": 3053331, 
        "date": "2015-06-30", 
        "operating_revenue": 3108997, 
        "short_term_average": 2989172
    }, 
    {
        "accumulated_operating_revenue_yoy": 2.2860407064325057, 
        "accumulated_operating_revenue": 21378073, 
        "long_term_average": 3035335, 
        "date": "2015-07-31", 
        "operating_revenue": 2754728, 
        "short_term_average": 2971721
    }, 
    {
        "accumulated_operating_revenue_yoy": 3.3522303263974305, 
        "accumulated_operating_revenue": 24620158, 
        "long_term_average": 3062066, 
        "date": "2015-08-31", 
        "operating_revenue": 3242085, 
        "short_term_average": 3035270
    }, 
    {
        "accumulated_operating_revenue_yoy": 1.7740033144900917, 
        "accumulated_operating_revenue": 27614322, 
        "long_term_average": 3035631, 
        "date": "2015-09-30", 
        "operating_revenue": 2994164, 
        "short_term_average": 2996992
    }
]