[
    {
        "date": "2012-01-31", 
        "operating_revenue": 62712, 
        "accumulated_operating_revenue": 62712, 
        "long_term_average": 62712, 
        "short_term_average": 62712
    }, 
    {
        "date": "2012-02-29", 
        "operating_revenue": 44107, 
        "accumulated_operating_revenue": 106819, 
        "long_term_average": 53409, 
        "short_term_average": 53409
    }, 
    {
        "date": "2012-03-31", 
        "operating_revenue": 44163, 
        "accumulated_operating_revenue": 150982, 
        "long_term_average": 50327, 
        "short_term_average": 50327
    }, 
    {
        "date": "2012-04-30", 
        "operating_revenue": 81166, 
        "accumulated_operating_revenue": 232148, 
        "long_term_average": 58037, 
        "short_term_average": 56478
    }, 
    {
        "date": "2012-05-31", 
        "operating_revenue": 50081, 
        "accumulated_operating_revenue": 282229, 
        "long_term_average": 56445, 
        "short_term_average": 58470
    }, 
    {
        "date": "2012-06-30", 
        "operating_revenue": 40824, 
        "accumulated_operating_revenue": 323053, 
        "long_term_average": 53842, 
        "short_term_average": 57357
    }, 
    {
        "date": "2012-07-31", 
        "operating_revenue": 44394, 
        "accumulated_operating_revenue": 367447, 
        "long_term_average": 52492, 
        "short_term_average": 45099
    }, 
    {
        "date": "2012-08-31", 
        "operating_revenue": 46132, 
        "accumulated_operating_revenue": 413579, 
        "long_term_average": 51697, 
        "short_term_average": 43783
    }, 
    {
        "date": "2012-09-30", 
        "operating_revenue": 44598, 
        "accumulated_operating_revenue": 458177, 
        "long_term_average": 50908, 
        "short_term_average": 45041
    }, 
    {
        "date": "2012-10-31", 
        "operating_revenue": 136014, 
        "accumulated_operating_revenue": 594191, 
        "long_term_average": 59419, 
        "short_term_average": 75581
    }, 
    {
        "date": "2012-11-30", 
        "operating_revenue": 49591, 
        "accumulated_operating_revenue": 643782, 
        "long_term_average": 58525, 
        "short_term_average": 76734
    }, 
    {
        "date": "2012-12-31", 
        "operating_revenue": 42193, 
        "accumulated_operating_revenue": 685975, 
        "long_term_average": 57164, 
        "short_term_average": 75932
    }, 
    {
        "accumulated_operating_revenue_yoy": -16.277586426840156, 
        "accumulated_operating_revenue": 52504, 
        "long_term_average": 56313, 
        "date": "2013-01-31", 
        "operating_revenue": 52504, 
        "short_term_average": 48096
    }, 
    {
        "accumulated_operating_revenue_yoy": -7.694324043475412, 
        "accumulated_operating_revenue": 98600, 
        "long_term_average": 56479, 
        "date": "2013-02-28", 
        "operating_revenue": 46096, 
        "short_term_average": 46931
    }, 
    {
        "accumulated_operating_revenue_yoy": -5.956339166258229, 
        "accumulated_operating_revenue": 141989, 
        "long_term_average": 56415, 
        "date": "2013-03-31", 
        "operating_revenue": 43389, 
        "short_term_average": 47329
    }, 
    {
        "accumulated_operating_revenue_yoy": -8.764667367369091, 
        "accumulated_operating_revenue": 211801, 
        "long_term_average": 55469, 
        "date": "2013-04-30", 
        "operating_revenue": 69812, 
        "short_term_average": 53099
    }, 
    {
        "accumulated_operating_revenue_yoy": -6.350162456728402, 
        "accumulated_operating_revenue": 264307, 
        "long_term_average": 55671, 
        "date": "2013-05-31", 
        "operating_revenue": 52506, 
        "short_term_average": 55235
    }, 
    {
        "accumulated_operating_revenue_yoy": -5.442760166288504, 
        "accumulated_operating_revenue": 305470, 
        "long_term_average": 55699, 
        "date": "2013-06-30", 
        "operating_revenue": 41163, 
        "short_term_average": 54493
    }, 
    {
        "accumulated_operating_revenue_yoy": -5.132713017115393, 
        "accumulated_operating_revenue": 348587, 
        "long_term_average": 55592, 
        "date": "2013-07-31", 
        "operating_revenue": 43117, 
        "short_term_average": 45595
    }, 
    {
        "accumulated_operating_revenue_yoy": -4.333875752879136, 
        "accumulated_operating_revenue": 395655, 
        "long_term_average": 55670, 
        "date": "2013-08-31", 
        "operating_revenue": 47068, 
        "short_term_average": 43782
    }, 
    {
        "accumulated_operating_revenue_yoy": -4.006966739928019, 
        "accumulated_operating_revenue": 439818, 
        "long_term_average": 55634, 
        "date": "2013-09-30", 
        "operating_revenue": 44163, 
        "short_term_average": 44782
    }, 
    {
        "accumulated_operating_revenue_yoy": -3.9108636785141475, 
        "accumulated_operating_revenue": 570953, 
        "long_term_average": 55228, 
        "date": "2013-10-31", 
        "operating_revenue": 131135, 
        "short_term_average": 74122
    }, 
    {
        "accumulated_operating_revenue_yoy": -3.561764696745171, 
        "accumulated_operating_revenue": 620852, 
        "long_term_average": 55253, 
        "date": "2013-11-30", 
        "operating_revenue": 49899, 
        "short_term_average": 75065
    }, 
    {
        "accumulated_operating_revenue_yoy": -3.1439921279930028, 
        "accumulated_operating_revenue": 664408, 
        "long_term_average": 55367, 
        "date": "2013-12-31", 
        "operating_revenue": 43556, 
        "short_term_average": 74863
    }, 
    {
        "accumulated_operating_revenue_yoy": 6.816623495352735, 
        "accumulated_operating_revenue": 56083, 
        "long_term_average": 55665, 
        "date": "2014-01-31", 
        "operating_revenue": 56083, 
        "short_term_average": 49846
    }, 
    {
        "accumulated_operating_revenue_yoy": 3.343813387423935, 
        "accumulated_operating_revenue": 101897, 
        "long_term_average": 55642, 
        "date": "2014-02-28", 
        "operating_revenue": 45814, 
        "short_term_average": 48484
    }, 
    {
        "accumulated_operating_revenue_yoy": 75.46993076928494, 
        "accumulated_operating_revenue": 249148, 
        "long_term_average": 64297, 
        "date": "2014-03-31", 
        "operating_revenue": 147251, 
        "short_term_average": 83049
    }, 
    {
        "accumulated_operating_revenue_yoy": 53.91145462013871, 
        "accumulated_operating_revenue": 325986, 
        "long_term_average": 64882, 
        "date": "2014-04-30", 
        "operating_revenue": 76838, 
        "short_term_average": 89967
    }, 
    {
        "accumulated_operating_revenue_yoy": 43.89289727476003, 
        "accumulated_operating_revenue": 380319, 
        "long_term_average": 65035, 
        "date": "2014-05-31", 
        "operating_revenue": 54333, 
        "short_term_average": 92807
    }, 
    {
        "accumulated_operating_revenue_yoy": 102.28565816610468, 
        "accumulated_operating_revenue": 617922, 
        "long_term_average": 81405, 
        "date": "2014-06-30", 
        "operating_revenue": 237603, 
        "short_term_average": 122924
    }, 
    {
        "accumulated_operating_revenue_yoy": 89.51653389254332, 
        "accumulated_operating_revenue": 660630, 
        "long_term_average": 81370, 
        "date": "2014-07-31", 
        "operating_revenue": 42708, 
        "short_term_average": 111548
    }, 
    {
        "accumulated_operating_revenue_yoy": 79.01631471863114, 
        "accumulated_operating_revenue": 708287, 
        "long_term_average": 81420, 
        "date": "2014-08-31", 
        "operating_revenue": 47657, 
        "short_term_average": 109322
    }, 
    {
        "accumulated_operating_revenue_yoy": 70.73266669395068, 
        "accumulated_operating_revenue": 750913, 
        "long_term_average": 81291, 
        "date": "2014-09-30", 
        "operating_revenue": 42626, 
        "short_term_average": 44330
    }, 
    {
        "accumulated_operating_revenue_yoy": 56.34001397663205, 
        "accumulated_operating_revenue": 892628, 
        "long_term_average": 82173, 
        "date": "2014-10-31", 
        "operating_revenue": 141715, 
        "short_term_average": 77332
    }, 
    {
        "accumulated_operating_revenue_yoy": 51.08641028779806, 
        "accumulated_operating_revenue": 938023, 
        "long_term_average": 81798, 
        "date": "2014-11-30", 
        "operating_revenue": 45395, 
        "short_term_average": 76578
    }, 
    {
        "accumulated_operating_revenue_yoy": 47.5746830260924, 
        "accumulated_operating_revenue": 980498, 
        "long_term_average": 81708, 
        "date": "2014-12-31", 
        "operating_revenue": 42475, 
        "short_term_average": 76528
    }, 
    {
        "accumulated_operating_revenue_yoy": -6.720396555105826, 
        "accumulated_operating_revenue": 52314, 
        "long_term_average": 81394, 
        "date": "2015-01-31", 
        "operating_revenue": 52314, 
        "short_term_average": 46728
    }, 
    {
        "accumulated_operating_revenue_yoy": -0.22571812712837472, 
        "accumulated_operating_revenue": 101667, 
        "long_term_average": 81689, 
        "date": "2015-02-28", 
        "operating_revenue": 49353, 
        "short_term_average": 48047
    }, 
    {
        "accumulated_operating_revenue_yoy": -42.88615601971519, 
        "accumulated_operating_revenue": 142298, 
        "long_term_average": 72804, 
        "date": "2015-03-31", 
        "operating_revenue": 40631, 
        "short_term_average": 47432
    }, 
    {
        "accumulated_operating_revenue_yoy": -32.69404207542655, 
        "accumulated_operating_revenue": 219408, 
        "long_term_average": 72826, 
        "date": "2015-04-30", 
        "operating_revenue": 77110, 
        "short_term_average": 55698
    }, 
    {
        "accumulated_operating_revenue_yoy": -28.7406098564626, 
        "accumulated_operating_revenue": 271013, 
        "long_term_average": 72599, 
        "date": "2015-05-31", 
        "operating_revenue": 51605, 
        "short_term_average": 56448
    }, 
    {
        "accumulated_operating_revenue_yoy": -48.50385647379443, 
        "accumulated_operating_revenue": 318206, 
        "long_term_average": 56731, 
        "date": "2015-06-30", 
        "operating_revenue": 47193, 
        "short_term_average": 58636
    }, 
    {
        "accumulated_operating_revenue_yoy": -45.64657977990706, 
        "accumulated_operating_revenue": 359075, 
        "long_term_average": 56578, 
        "date": "2015-07-31", 
        "operating_revenue": 40869, 
        "short_term_average": 46555
    }, 
    {
        "accumulated_operating_revenue_yoy": -43.127009249075584, 
        "accumulated_operating_revenue": 402824, 
        "long_term_average": 56252, 
        "date": "2015-08-31", 
        "operating_revenue": 43749, 
        "short_term_average": 43937
    }
]