[
    {
        "date": "2012-01-31", 
        "operating_revenue": 990204, 
        "accumulated_operating_revenue": 990204, 
        "long_term_average": 990204, 
        "short_term_average": 990204
    }, 
    {
        "date": "2012-02-29", 
        "operating_revenue": 795474, 
        "accumulated_operating_revenue": 1785678, 
        "long_term_average": 892839, 
        "short_term_average": 892839
    }, 
    {
        "date": "2012-03-31", 
        "operating_revenue": 839010, 
        "accumulated_operating_revenue": 2624688, 
        "long_term_average": 874896, 
        "short_term_average": 874896
    }, 
    {
        "date": "2012-04-30", 
        "operating_revenue": 743136, 
        "accumulated_operating_revenue": 3367824, 
        "long_term_average": 841956, 
        "short_term_average": 792540
    }, 
    {
        "date": "2012-05-31", 
        "operating_revenue": 694447, 
        "accumulated_operating_revenue": 4062271, 
        "long_term_average": 812454, 
        "short_term_average": 758864
    }, 
    {
        "date": "2012-06-30", 
        "operating_revenue": 584689, 
        "accumulated_operating_revenue": 4646960, 
        "long_term_average": 774493, 
        "short_term_average": 674090
    }, 
    {
        "date": "2012-07-31", 
        "operating_revenue": 591333, 
        "accumulated_operating_revenue": 5238293, 
        "long_term_average": 748327, 
        "short_term_average": 623489
    }, 
    {
        "date": "2012-08-31", 
        "operating_revenue": 793260, 
        "accumulated_operating_revenue": 6031553, 
        "long_term_average": 753944, 
        "short_term_average": 656427
    }, 
    {
        "date": "2012-09-30", 
        "operating_revenue": 967550, 
        "accumulated_operating_revenue": 6999103, 
        "long_term_average": 777678, 
        "short_term_average": 784047
    }, 
    {
        "date": "2012-10-31", 
        "operating_revenue": 1028232, 
        "accumulated_operating_revenue": 8027335, 
        "long_term_average": 802733, 
        "short_term_average": 929680
    }, 
    {
        "date": "2012-11-30", 
        "operating_revenue": 881490, 
        "accumulated_operating_revenue": 8908825, 
        "long_term_average": 809893, 
        "short_term_average": 959090
    }, 
    {
        "date": "2012-12-31", 
        "operating_revenue": 824256, 
        "accumulated_operating_revenue": 9733081, 
        "long_term_average": 811090, 
        "short_term_average": 911326
    }, 
    {
        "accumulated_operating_revenue_yoy": -7.0231992599504744, 
        "accumulated_operating_revenue": 920660, 
        "long_term_average": 805294, 
        "date": "2013-01-31", 
        "operating_revenue": 920660, 
        "short_term_average": 875468
    }, 
    {
        "accumulated_operating_revenue_yoy": -5.110439844137633, 
        "accumulated_operating_revenue": 1694422, 
        "long_term_average": 803485, 
        "date": "2013-02-28", 
        "operating_revenue": 773762, 
        "short_term_average": 839559
    }, 
    {
        "accumulated_operating_revenue_yoy": -4.960780100339545, 
        "accumulated_operating_revenue": 2494483, 
        "long_term_average": 800239, 
        "date": "2013-03-31", 
        "operating_revenue": 800061, 
        "short_term_average": 831494
    }, 
    {
        "accumulated_operating_revenue_yoy": -5.395679821748405, 
        "accumulated_operating_revenue": 3186107, 
        "long_term_average": 795947, 
        "date": "2013-04-30", 
        "operating_revenue": 691624, 
        "short_term_average": 755149
    }, 
    {
        "accumulated_operating_revenue_yoy": -4.770311975739679, 
        "accumulated_operating_revenue": 3868488, 
        "long_term_average": 794941, 
        "date": "2013-05-31", 
        "operating_revenue": 682381, 
        "short_term_average": 724688
    }, 
    {
        "accumulated_operating_revenue_yoy": -4.310000516466679, 
        "accumulated_operating_revenue": 4446676, 
        "long_term_average": 794399, 
        "date": "2013-06-30", 
        "operating_revenue": 578188, 
        "short_term_average": 650731
    }, 
    {
        "accumulated_operating_revenue_yoy": -4.537680500117118, 
        "accumulated_operating_revenue": 5000596, 
        "long_term_average": 791282, 
        "date": "2013-07-31", 
        "operating_revenue": 553920, 
        "short_term_average": 604829
    }, 
    {
        "accumulated_operating_revenue_yoy": -4.7782387056865785, 
        "accumulated_operating_revenue": 5743351, 
        "long_term_average": 787073, 
        "date": "2013-08-31", 
        "operating_revenue": 742755, 
        "short_term_average": 624954
    }, 
    {
        "accumulated_operating_revenue_yoy": -4.956363694033364, 
        "accumulated_operating_revenue": 6652202, 
        "long_term_average": 782181, 
        "date": "2013-09-30", 
        "operating_revenue": 908851, 
        "short_term_average": 735175
    }, 
    {
        "accumulated_operating_revenue_yoy": -5.772513542788485, 
        "accumulated_operating_revenue": 7563956, 
        "long_term_average": 772475, 
        "date": "2013-10-31", 
        "operating_revenue": 911754, 
        "short_term_average": 854453
    }, 
    {
        "accumulated_operating_revenue_yoy": -5.174790165930973, 
        "accumulated_operating_revenue": 8447812, 
        "long_term_average": 772672, 
        "date": "2013-11-30", 
        "operating_revenue": 883856, 
        "short_term_average": 901487
    }, 
    {
        "accumulated_operating_revenue_yoy": -4.374709303251458, 
        "accumulated_operating_revenue": 9307287, 
        "long_term_average": 775607, 
        "date": "2013-12-31", 
        "operating_revenue": 859475, 
        "short_term_average": 885028
    }, 
    {
        "accumulated_operating_revenue_yoy": 8.099081093997784, 
        "accumulated_operating_revenue": 995225, 
        "long_term_average": 781821, 
        "date": "2014-01-31", 
        "operating_revenue": 995225, 
        "short_term_average": 912852
    }, 
    {
        "accumulated_operating_revenue_yoy": -5.369264563373233, 
        "accumulated_operating_revenue": 1603444, 
        "long_term_average": 768025, 
        "date": "2014-02-28", 
        "operating_revenue": 608219, 
        "short_term_average": 820973
    }, 
    {
        "accumulated_operating_revenue_yoy": -3.631814688654924, 
        "accumulated_operating_revenue": 2403888, 
        "long_term_average": 768057, 
        "date": "2014-03-31", 
        "operating_revenue": 800444, 
        "short_term_average": 801296
    }, 
    {
        "accumulated_operating_revenue_yoy": -3.899272686071121, 
        "accumulated_operating_revenue": 3061872, 
        "long_term_average": 765254, 
        "date": "2014-04-30", 
        "operating_revenue": 657984, 
        "short_term_average": 688882
    }, 
    {
        "accumulated_operating_revenue_yoy": -3.6709174230345294, 
        "accumulated_operating_revenue": 3726479, 
        "long_term_average": 763773, 
        "date": "2014-05-31", 
        "operating_revenue": 664607, 
        "short_term_average": 707678
    }, 
    {
        "accumulated_operating_revenue_yoy": -3.2683514607315667, 
        "accumulated_operating_revenue": 4301343, 
        "long_term_average": 763496, 
        "date": "2014-06-30", 
        "operating_revenue": 574864, 
        "short_term_average": 632485
    }, 
    {
        "accumulated_operating_revenue_yoy": -2.8616988854928493, 
        "accumulated_operating_revenue": 4857494, 
        "long_term_average": 763682, 
        "date": "2014-07-31", 
        "operating_revenue": 556151, 
        "short_term_average": 598540
    }, 
    {
        "accumulated_operating_revenue_yoy": -1.8150379456174628, 
        "accumulated_operating_revenue": 5639107, 
        "long_term_average": 766920, 
        "date": "2014-08-31", 
        "operating_revenue": 781613, 
        "short_term_average": 637542
    }, 
    {
        "accumulated_operating_revenue_yoy": -1.6685151773803621, 
        "accumulated_operating_revenue": 6541209, 
        "long_term_average": 766357, 
        "date": "2014-09-30", 
        "operating_revenue": 902102, 
        "short_term_average": 746622
    }, 
    {
        "accumulated_operating_revenue_yoy": -0.8045393177855609, 
        "accumulated_operating_revenue": 7503101, 
        "long_term_average": 770536, 
        "date": "2014-10-31", 
        "operating_revenue": 961892, 
        "short_term_average": 881869
    }, 
    {
        "accumulated_operating_revenue_yoy": -0.024456036663694693, 
        "accumulated_operating_revenue": 8445746, 
        "long_term_average": 775435, 
        "date": "2014-11-30", 
        "operating_revenue": 942645, 
        "short_term_average": 935546
    }, 
    {
        "accumulated_operating_revenue_yoy": 0.14700309553149055, 
        "accumulated_operating_revenue": 9320969, 
        "long_term_average": 776747, 
        "date": "2014-12-31", 
        "operating_revenue": 875223, 
        "short_term_average": 926586
    }, 
    {
        "accumulated_operating_revenue_yoy": -14.641010826697482, 
        "accumulated_operating_revenue": 849514, 
        "long_term_average": 764604, 
        "date": "2015-01-31", 
        "operating_revenue": 849514, 
        "short_term_average": 889127
    }, 
    {
        "accumulated_operating_revenue_yoy": 7.41061115947922, 
        "accumulated_operating_revenue": 1722269, 
        "long_term_average": 786649, 
        "date": "2015-02-28", 
        "operating_revenue": 872755, 
        "short_term_average": 865830
    }, 
    {
        "accumulated_operating_revenue_yoy": 6.403334930745526, 
        "accumulated_operating_revenue": 2557817, 
        "long_term_average": 789574, 
        "date": "2015-03-31", 
        "operating_revenue": 835548, 
        "short_term_average": 852605
    }, 
    {
        "accumulated_operating_revenue_yoy": 7.3270208552153715, 
        "accumulated_operating_revenue": 3286216, 
        "long_term_average": 795442, 
        "date": "2015-04-30", 
        "operating_revenue": 728399, 
        "short_term_average": 812234
    }, 
    {
        "accumulated_operating_revenue_yoy": 7.080302881084262, 
        "accumulated_operating_revenue": 3990325, 
        "long_term_average": 798734, 
        "date": "2015-05-31", 
        "operating_revenue": 704109, 
        "short_term_average": 756018
    }, 
    {
        "accumulated_operating_revenue_yoy": 5.658604765999828, 
        "accumulated_operating_revenue": 4544739, 
        "long_term_average": 797030, 
        "date": "2015-06-30", 
        "operating_revenue": 554414, 
        "short_term_average": 662307
    }, 
    {
        "accumulated_operating_revenue_yoy": 5.339172832740504, 
        "accumulated_operating_revenue": 5116844, 
        "long_term_average": 798359, 
        "date": "2015-07-31", 
        "operating_revenue": 572105, 
        "short_term_average": 610209
    }, 
    {
        "accumulated_operating_revenue_yoy": 2.9598658085402527, 
        "accumulated_operating_revenue": 5806017, 
        "long_term_average": 790656, 
        "date": "2015-08-31", 
        "operating_revenue": 689173, 
        "short_term_average": 605230
    }
]