[
    {
        "date": "2012-01-31", 
        "operating_revenue": 16631881, 
        "accumulated_operating_revenue": 16631881, 
        "long_term_average": 16631881, 
        "short_term_average": 16631881
    }, 
    {
        "date": "2012-02-29", 
        "operating_revenue": 14604506, 
        "accumulated_operating_revenue": 31236387, 
        "long_term_average": 15618193, 
        "short_term_average": 15618193
    }, 
    {
        "date": "2012-03-31", 
        "operating_revenue": 15371190, 
        "accumulated_operating_revenue": 46607577, 
        "long_term_average": 15535859, 
        "short_term_average": 15535859
    }, 
    {
        "date": "2012-04-30", 
        "operating_revenue": 16080587, 
        "accumulated_operating_revenue": 62688164, 
        "long_term_average": 15672041, 
        "short_term_average": 15352094
    }, 
    {
        "date": "2012-05-31", 
        "operating_revenue": 14516643, 
        "accumulated_operating_revenue": 77204807, 
        "long_term_average": 15440961, 
        "short_term_average": 15322806
    }, 
    {
        "date": "2012-06-30", 
        "operating_revenue": 16307172, 
        "accumulated_operating_revenue": 93511979, 
        "long_term_average": 15585329, 
        "short_term_average": 15634800
    }, 
    {
        "date": "2012-07-31", 
        "operating_revenue": 16835208, 
        "accumulated_operating_revenue": 110347187, 
        "long_term_average": 15763883, 
        "short_term_average": 15886341
    }, 
    {
        "date": "2012-08-31", 
        "operating_revenue": 17118733, 
        "accumulated_operating_revenue": 127465920, 
        "long_term_average": 15933240, 
        "short_term_average": 16753704
    }, 
    {
        "date": "2012-09-30", 
        "operating_revenue": 16715748, 
        "accumulated_operating_revenue": 144181668, 
        "long_term_average": 16020185, 
        "short_term_average": 16889896
    }, 
    {
        "date": "2012-10-31", 
        "operating_revenue": 16601715, 
        "accumulated_operating_revenue": 160783383, 
        "long_term_average": 16078338, 
        "short_term_average": 16812065
    }, 
    {
        "date": "2012-11-30", 
        "operating_revenue": 15724580, 
        "accumulated_operating_revenue": 176507963, 
        "long_term_average": 16046178, 
        "short_term_average": 16347347
    }, 
    {
        "date": "2012-12-31", 
        "operating_revenue": 16095008, 
        "accumulated_operating_revenue": 192602971, 
        "long_term_average": 16050247, 
        "short_term_average": 16140434
    }, 
    {
        "accumulated_operating_revenue_yoy": -0.9821077964663166, 
        "accumulated_operating_revenue": 16468538, 
        "long_term_average": 16036635, 
        "date": "2013-01-31", 
        "operating_revenue": 16468538, 
        "short_term_average": 16096042
    }, 
    {
        "accumulated_operating_revenue_yoy": 4.377724606882351, 
        "accumulated_operating_revenue": 32603830, 
        "long_term_average": 16164201, 
        "date": "2013-02-28", 
        "operating_revenue": 16135292, 
        "short_term_average": 16232946
    }, 
    {
        "accumulated_operating_revenue_yoy": 3.7904416271199852, 
        "accumulated_operating_revenue": 48374210, 
        "long_term_average": 16197467, 
        "date": "2013-03-31", 
        "operating_revenue": 15770380, 
        "short_term_average": 16124736
    }, 
    {
        "accumulated_operating_revenue_yoy": 3.0303136649527653, 
        "accumulated_operating_revenue": 64587812, 
        "long_term_average": 16208551, 
        "date": "2013-04-30", 
        "operating_revenue": 16213602, 
        "short_term_average": 16039758
    }, 
    {
        "accumulated_operating_revenue_yoy": 5.260333077446848, 
        "accumulated_operating_revenue": 81266037, 
        "long_term_average": 16388683, 
        "date": "2013-05-31", 
        "operating_revenue": 16678225, 
        "short_term_average": 16220735
    }, 
    {
        "accumulated_operating_revenue_yoy": 4.717578482645523, 
        "accumulated_operating_revenue": 97923480, 
        "long_term_average": 16417872, 
        "date": "2013-06-30", 
        "operating_revenue": 16657443, 
        "short_term_average": 16516423
    }, 
    {
        "accumulated_operating_revenue_yoy": 4.799598561583632, 
        "accumulated_operating_revenue": 115643409, 
        "long_term_average": 16491599, 
        "date": "2013-07-31", 
        "operating_revenue": 17719929, 
        "short_term_average": 17018532
    }, 
    {
        "accumulated_operating_revenue_yoy": 4.366895088506794, 
        "accumulated_operating_revenue": 133032223, 
        "long_term_average": 16514106, 
        "date": "2013-08-31", 
        "operating_revenue": 17388814, 
        "short_term_average": 17255395
    }, 
    {
        "accumulated_operating_revenue_yoy": 4.240408704385359, 
        "accumulated_operating_revenue": 150295560, 
        "long_term_average": 16559738, 
        "date": "2013-09-30", 
        "operating_revenue": 17263337, 
        "short_term_average": 17457360
    }, 
    {
        "accumulated_operating_revenue_yoy": 3.9672775139953362, 
        "accumulated_operating_revenue": 167162106, 
        "long_term_average": 16581807, 
        "date": "2013-10-31", 
        "operating_revenue": 16866546, 
        "short_term_average": 17172899
    }, 
    {
        "accumulated_operating_revenue_yoy": 3.969611841251604, 
        "accumulated_operating_revenue": 183514644, 
        "long_term_average": 16634137, 
        "date": "2013-11-30", 
        "operating_revenue": 16352538, 
        "short_term_average": 16827473
    }, 
    {
        "accumulated_operating_revenue_yoy": 4.1371646338726515, 
        "accumulated_operating_revenue": 200571273, 
        "long_term_average": 16714272, 
        "date": "2013-12-31", 
        "operating_revenue": 17056629, 
        "short_term_average": 16758571
    }, 
    {
        "accumulated_operating_revenue_yoy": 3.980517274818202, 
        "accumulated_operating_revenue": 17124071, 
        "long_term_average": 16768900, 
        "date": "2014-01-31", 
        "operating_revenue": 17124071, 
        "short_term_average": 16844412
    }, 
    {
        "accumulated_operating_revenue_yoy": -1.9715965884989588, 
        "accumulated_operating_revenue": 31961014, 
        "long_term_average": 16660704, 
        "date": "2014-02-28", 
        "operating_revenue": 14836943, 
        "short_term_average": 16339214
    }, 
    {
        "accumulated_operating_revenue_yoy": -0.5451871978891232, 
        "accumulated_operating_revenue": 48110480, 
        "long_term_average": 16692295, 
        "date": "2014-03-31", 
        "operating_revenue": 16149466, 
        "short_term_average": 16036826
    }, 
    {
        "accumulated_operating_revenue_yoy": -0.6260298769681191, 
        "accumulated_operating_revenue": 64183473, 
        "long_term_average": 16680577, 
        "date": "2014-04-30", 
        "operating_revenue": 16072993, 
        "short_term_average": 15686467
    }, 
    {
        "accumulated_operating_revenue_yoy": -0.01056529925287239, 
        "accumulated_operating_revenue": 81257451, 
        "long_term_average": 16713557, 
        "date": "2014-05-31", 
        "operating_revenue": 17073978, 
        "short_term_average": 16432145
    }, 
    {
        "accumulated_operating_revenue_yoy": 0.13152106113875855, 
        "accumulated_operating_revenue": 98052270, 
        "long_term_average": 16725005, 
        "date": "2014-06-30", 
        "operating_revenue": 16794819, 
        "short_term_average": 16647263
    }, 
    {
        "accumulated_operating_revenue_yoy": 0.3541507497413882, 
        "accumulated_operating_revenue": 116052961, 
        "long_term_average": 16748402, 
        "date": "2014-07-31", 
        "operating_revenue": 18000691, 
        "short_term_average": 17289829
    }, 
    {
        "accumulated_operating_revenue_yoy": 0.48606344043427735, 
        "accumulated_operating_revenue": 133678844, 
        "long_term_average": 16768157, 
        "date": "2014-08-31", 
        "operating_revenue": 17625883, 
        "short_term_average": 17473797
    }, 
    {
        "accumulated_operating_revenue_yoy": 0.6874228353785036, 
        "accumulated_operating_revenue": 151328726, 
        "long_term_average": 16800369, 
        "date": "2014-09-30", 
        "operating_revenue": 17649882, 
        "short_term_average": 17758818
    }, 
    {
        "accumulated_operating_revenue_yoy": 1.1267392144485184, 
        "accumulated_operating_revenue": 169045587, 
        "long_term_average": 16871229, 
        "date": "2014-10-31", 
        "operating_revenue": 17716861, 
        "short_term_average": 17664208
    }, 
    {
        "accumulated_operating_revenue_yoy": 1.2405821957183971, 
        "accumulated_operating_revenue": 185791294, 
        "long_term_average": 16903993, 
        "date": "2014-11-30", 
        "operating_revenue": 16745707, 
        "short_term_average": 17370816
    }, 
    {
        "accumulated_operating_revenue_yoy": 1.331576531400885, 
        "accumulated_operating_revenue": 203242033, 
        "long_term_average": 16936836, 
        "date": "2014-12-31", 
        "operating_revenue": 17450739, 
        "short_term_average": 17304435
    }, 
    {
        "accumulated_operating_revenue_yoy": -6.3526949870740435, 
        "accumulated_operating_revenue": 16036231, 
        "long_term_average": 16846182, 
        "date": "2015-01-31", 
        "operating_revenue": 16036231, 
        "short_term_average": 16744225
    }, 
    {
        "accumulated_operating_revenue_yoy": 0.36807968608255043, 
        "accumulated_operating_revenue": 32078656, 
        "long_term_average": 16946639, 
        "date": "2015-02-28", 
        "operating_revenue": 16042425, 
        "short_term_average": 16509798
    }, 
    {
        "accumulated_operating_revenue_yoy": 0.28724095041246733, 
        "accumulated_operating_revenue": 48248673, 
        "long_term_average": 16948352, 
        "date": "2015-03-31", 
        "operating_revenue": 16170017, 
        "short_term_average": 16082891
    }, 
    {
        "accumulated_operating_revenue_yoy": 0.521350722171111, 
        "accumulated_operating_revenue": 64518094, 
        "long_term_average": 16964721, 
        "date": "2015-04-30", 
        "operating_revenue": 16269421, 
        "short_term_average": 16160621
    }, 
    {
        "accumulated_operating_revenue_yoy": 0.8116535676217557, 
        "accumulated_operating_revenue": 81916980, 
        "long_term_average": 16991796, 
        "date": "2015-05-31", 
        "operating_revenue": 17398886, 
        "short_term_average": 16612774
    }, 
    {
        "accumulated_operating_revenue_yoy": 1.6191721007580955, 
        "accumulated_operating_revenue": 99639905, 
        "long_term_average": 17069139, 
        "date": "2015-06-30", 
        "operating_revenue": 17722925, 
        "short_term_average": 17130410
    }, 
    {
        "accumulated_operating_revenue_yoy": 1.1343338322923102, 
        "accumulated_operating_revenue": 117369389, 
        "long_term_average": 17046538, 
        "date": "2015-07-31", 
        "operating_revenue": 17729484, 
        "short_term_average": 17617098
    }, 
    {
        "accumulated_operating_revenue_yoy": 1.3531505404101192, 
        "accumulated_operating_revenue": 135487720, 
        "long_term_average": 17087575, 
        "date": "2015-08-31", 
        "operating_revenue": 18118331, 
        "short_term_average": 17856913
    }
]