[
    {
        "date": "2012-01-31", 
        "operating_revenue": 106679, 
        "accumulated_operating_revenue": 106679, 
        "long_term_average": 106679, 
        "short_term_average": 106679
    }, 
    {
        "date": "2012-02-29", 
        "operating_revenue": 91849, 
        "accumulated_operating_revenue": 198528, 
        "long_term_average": 99264, 
        "short_term_average": 99264
    }, 
    {
        "date": "2012-03-31", 
        "operating_revenue": 161786, 
        "accumulated_operating_revenue": 360314, 
        "long_term_average": 120104, 
        "short_term_average": 120104
    }, 
    {
        "date": "2012-04-30", 
        "operating_revenue": 179524, 
        "accumulated_operating_revenue": 539838, 
        "long_term_average": 134959, 
        "short_term_average": 144386
    }, 
    {
        "date": "2012-05-31", 
        "operating_revenue": 158910, 
        "accumulated_operating_revenue": 698748, 
        "long_term_average": 139749, 
        "short_term_average": 166740
    }, 
    {
        "date": "2012-06-30", 
        "operating_revenue": 161306, 
        "accumulated_operating_revenue": 860054, 
        "long_term_average": 143342, 
        "short_term_average": 166580
    }, 
    {
        "date": "2012-07-31", 
        "operating_revenue": 117824, 
        "accumulated_operating_revenue": 977878, 
        "long_term_average": 139696, 
        "short_term_average": 146013
    }, 
    {
        "date": "2012-08-31", 
        "operating_revenue": 151747, 
        "accumulated_operating_revenue": 1129625, 
        "long_term_average": 141203, 
        "short_term_average": 143625
    }, 
    {
        "date": "2012-09-30", 
        "operating_revenue": 141444, 
        "accumulated_operating_revenue": 1271069, 
        "long_term_average": 141229, 
        "short_term_average": 137005
    }, 
    {
        "date": "2012-10-31", 
        "operating_revenue": 145042, 
        "accumulated_operating_revenue": 1416111, 
        "long_term_average": 141611, 
        "short_term_average": 146077
    }, 
    {
        "date": "2012-11-30", 
        "operating_revenue": 186936, 
        "accumulated_operating_revenue": 1603047, 
        "long_term_average": 145731, 
        "short_term_average": 157807
    }, 
    {
        "date": "2012-12-31", 
        "operating_revenue": 691806, 
        "accumulated_operating_revenue": 2294853, 
        "long_term_average": 191237, 
        "short_term_average": 341261
    }, 
    {
        "accumulated_operating_revenue_yoy": 9.76668322725185, 
        "accumulated_operating_revenue": 117098, 
        "long_term_average": 192106, 
        "date": "2013-01-31", 
        "operating_revenue": 117098, 
        "short_term_average": 331946
    }, 
    {
        "accumulated_operating_revenue_yoy": 5.239563185041908, 
        "accumulated_operating_revenue": 208930, 
        "long_term_average": 192104, 
        "date": "2013-02-28", 
        "operating_revenue": 91832, 
        "short_term_average": 300245
    }, 
    {
        "accumulated_operating_revenue_yoy": -3.319327031422593, 
        "accumulated_operating_revenue": 348354, 
        "long_term_average": 190241, 
        "date": "2013-03-31", 
        "operating_revenue": 139424, 
        "short_term_average": 116118
    }, 
    {
        "accumulated_operating_revenue_yoy": -11.476961607000618, 
        "accumulated_operating_revenue": 477881, 
        "long_term_average": 186074, 
        "date": "2013-04-30", 
        "operating_revenue": 129527, 
        "short_term_average": 120261
    }, 
    {
        "accumulated_operating_revenue_yoy": -13.082971257162813, 
        "accumulated_operating_revenue": 607331, 
        "long_term_average": 183619, 
        "date": "2013-05-31", 
        "operating_revenue": 129450, 
        "short_term_average": 132800
    }, 
    {
        "accumulated_operating_revenue_yoy": -12.791987479855916, 
        "accumulated_operating_revenue": 750036, 
        "long_term_average": 182069, 
        "date": "2013-06-30", 
        "operating_revenue": 142705, 
        "short_term_average": 133894
    }, 
    {
        "accumulated_operating_revenue_yoy": -7.219203213488799, 
        "accumulated_operating_revenue": 907283, 
        "long_term_average": 185354, 
        "date": "2013-07-31", 
        "operating_revenue": 157247, 
        "short_term_average": 143134
    }, 
    {
        "accumulated_operating_revenue_yoy": -9.596193427022241, 
        "accumulated_operating_revenue": 1021224, 
        "long_term_average": 182204, 
        "date": "2013-08-31", 
        "operating_revenue": 113941, 
        "short_term_average": 137964
    }, 
    {
        "accumulated_operating_revenue_yoy": -5.7143239273399, 
        "accumulated_operating_revenue": 1198436, 
        "long_term_average": 185185, 
        "date": "2013-09-30", 
        "operating_revenue": 177212, 
        "short_term_average": 149466
    }, 
    {
        "accumulated_operating_revenue_yoy": -4.455300467265631, 
        "accumulated_operating_revenue": 1353019, 
        "long_term_average": 185980, 
        "date": "2013-10-31", 
        "operating_revenue": 154583, 
        "short_term_average": 148578
    }, 
    {
        "accumulated_operating_revenue_yoy": -4.43973258425985, 
        "accumulated_operating_revenue": 1531876, 
        "long_term_average": 185306, 
        "date": "2013-11-30", 
        "operating_revenue": 178857, 
        "short_term_average": 170217
    }, 
    {
        "accumulated_operating_revenue_yoy": -22.667639277984257, 
        "accumulated_operating_revenue": 1774664, 
        "long_term_average": 147888, 
        "date": "2013-12-31", 
        "operating_revenue": 242788, 
        "short_term_average": 192076
    }, 
    {
        "accumulated_operating_revenue_yoy": 29.192642060496336, 
        "accumulated_operating_revenue": 151282, 
        "long_term_average": 150737, 
        "date": "2014-01-31", 
        "operating_revenue": 151282, 
        "short_term_average": 190975
    }, 
    {
        "accumulated_operating_revenue_yoy": 34.73842913894606, 
        "accumulated_operating_revenue": 281509, 
        "long_term_average": 153936, 
        "date": "2014-02-28", 
        "operating_revenue": 130227, 
        "short_term_average": 174765
    }, 
    {
        "accumulated_operating_revenue_yoy": 21.710960689413643, 
        "accumulated_operating_revenue": 423985, 
        "long_term_average": 154191, 
        "date": "2014-03-31", 
        "operating_revenue": 142476, 
        "short_term_average": 141328
    }, 
    {
        "accumulated_operating_revenue_yoy": 30.064597671805327, 
        "accumulated_operating_revenue": 621554, 
        "long_term_average": 159861, 
        "date": "2014-04-30", 
        "operating_revenue": 197569, 
        "short_term_average": 156757
    }, 
    {
        "accumulated_operating_revenue_yoy": 26.44192376150732, 
        "accumulated_operating_revenue": 767921, 
        "long_term_average": 161271, 
        "date": "2014-05-31", 
        "operating_revenue": 146367, 
        "short_term_average": 162137
    }, 
    {
        "accumulated_operating_revenue_yoy": 27.286956892735816, 
        "accumulated_operating_revenue": 954698, 
        "long_term_average": 164943, 
        "date": "2014-06-30", 
        "operating_revenue": 186777, 
        "short_term_average": 176904
    }, 
    {
        "accumulated_operating_revenue_yoy": 23.049147840310024, 
        "accumulated_operating_revenue": 1116404, 
        "long_term_average": 165315, 
        "date": "2014-07-31", 
        "operating_revenue": 161706, 
        "short_term_average": 164950
    }, 
    {
        "accumulated_operating_revenue_yoy": 26.479499110870876, 
        "accumulated_operating_revenue": 1291639, 
        "long_term_average": 170423, 
        "date": "2014-08-31", 
        "operating_revenue": 175235, 
        "short_term_average": 174572
    }, 
    {
        "accumulated_operating_revenue_yoy": 19.95142001742271, 
        "accumulated_operating_revenue": 1437541, 
        "long_term_average": 167814, 
        "date": "2014-09-30", 
        "operating_revenue": 145902, 
        "short_term_average": 160947
    }, 
    {
        "accumulated_operating_revenue_yoy": 17.04514127296069, 
        "accumulated_operating_revenue": 1583643, 
        "long_term_average": 167107, 
        "date": "2014-10-31", 
        "operating_revenue": 146102, 
        "short_term_average": 155746
    }, 
    {
        "accumulated_operating_revenue_yoy": 11.674182505633615, 
        "accumulated_operating_revenue": 1710710, 
        "long_term_average": 162791, 
        "date": "2014-11-30", 
        "operating_revenue": 127067, 
        "short_term_average": 139690
    }, 
    {
        "accumulated_operating_revenue_yoy": 6.074107549372727, 
        "accumulated_operating_revenue": 1882459, 
        "long_term_average": 156871, 
        "date": "2014-12-31", 
        "operating_revenue": 171749, 
        "short_term_average": 148306
    }, 
    {
        "accumulated_operating_revenue_yoy": -37.05397866236565, 
        "accumulated_operating_revenue": 95226, 
        "long_term_average": 152200, 
        "date": "2015-01-31", 
        "operating_revenue": 95226, 
        "short_term_average": 131347
    }, 
    {
        "accumulated_operating_revenue_yoy": -29.977016720602183, 
        "accumulated_operating_revenue": 197121, 
        "long_term_average": 149839, 
        "date": "2015-02-28", 
        "operating_revenue": 101895, 
        "short_term_average": 122956
    }, 
    {
        "accumulated_operating_revenue_yoy": -30.40414165595481, 
        "accumulated_operating_revenue": 295076, 
        "long_term_average": 146129, 
        "date": "2015-03-31", 
        "operating_revenue": 97955, 
        "short_term_average": 98358
    }, 
    {
        "accumulated_operating_revenue_yoy": -38.06411027843116, 
        "accumulated_operating_revenue": 384965, 
        "long_term_average": 137155, 
        "date": "2015-04-30", 
        "operating_revenue": 89889, 
        "short_term_average": 96579
    }, 
    {
        "accumulated_operating_revenue_yoy": -39.4136896894342, 
        "accumulated_operating_revenue": 465255, 
        "long_term_average": 131649, 
        "date": "2015-05-31", 
        "operating_revenue": 80290, 
        "short_term_average": 89378
    }, 
    {
        "accumulated_operating_revenue_yoy": -41.92362401513358, 
        "accumulated_operating_revenue": 554454, 
        "long_term_average": 123517, 
        "date": "2015-06-30", 
        "operating_revenue": 89199, 
        "short_term_average": 86459
    }, 
    {
        "accumulated_operating_revenue_yoy": -44.369421822207734, 
        "accumulated_operating_revenue": 621062, 
        "long_term_average": 115593, 
        "date": "2015-07-31", 
        "operating_revenue": 66608, 
        "short_term_average": 78699
    }, 
    {
        "accumulated_operating_revenue_yoy": -46.87973961764859, 
        "accumulated_operating_revenue": 686122, 
        "long_term_average": 106411, 
        "date": "2015-08-31", 
        "operating_revenue": 65060, 
        "short_term_average": 73622
    }, 
    {
        "accumulated_operating_revenue_yoy": -48.07355059786121, 
        "accumulated_operating_revenue": 746464, 
        "long_term_average": 99281, 
        "date": "2015-09-30", 
        "operating_revenue": 60342, 
        "short_term_average": 64003
    }
]