[
    {
        "date": "2012-01-31", 
        "operating_revenue": 687096, 
        "accumulated_operating_revenue": 687096, 
        "long_term_average": 687096, 
        "short_term_average": 687096
    }, 
    {
        "date": "2012-02-29", 
        "operating_revenue": 470952, 
        "accumulated_operating_revenue": 1158048, 
        "long_term_average": 579024, 
        "short_term_average": 579024
    }, 
    {
        "date": "2012-03-31", 
        "operating_revenue": 1462997, 
        "accumulated_operating_revenue": 2621045, 
        "long_term_average": 873681, 
        "short_term_average": 873681
    }, 
    {
        "date": "2012-04-30", 
        "operating_revenue": 607871, 
        "accumulated_operating_revenue": 3228916, 
        "long_term_average": 807229, 
        "short_term_average": 847273
    }, 
    {
        "date": "2012-05-31", 
        "operating_revenue": 601291, 
        "accumulated_operating_revenue": 3830207, 
        "long_term_average": 766041, 
        "short_term_average": 890719
    }, 
    {
        "date": "2012-06-30", 
        "operating_revenue": 956142, 
        "accumulated_operating_revenue": 4786349, 
        "long_term_average": 797724, 
        "short_term_average": 721768
    }, 
    {
        "date": "2012-07-31", 
        "operating_revenue": 498134, 
        "accumulated_operating_revenue": 5284483, 
        "long_term_average": 754926, 
        "short_term_average": 685189
    }, 
    {
        "date": "2012-08-31", 
        "operating_revenue": 862259, 
        "accumulated_operating_revenue": 6146742, 
        "long_term_average": 768342, 
        "short_term_average": 772178
    }, 
    {
        "date": "2012-09-30", 
        "operating_revenue": 890674, 
        "accumulated_operating_revenue": 7037416, 
        "long_term_average": 781935, 
        "short_term_average": 750355
    }, 
    {
        "date": "2012-10-31", 
        "operating_revenue": 502862, 
        "accumulated_operating_revenue": 7540278, 
        "long_term_average": 754027, 
        "short_term_average": 751931
    }, 
    {
        "date": "2012-11-30", 
        "operating_revenue": 483804, 
        "accumulated_operating_revenue": 8024082, 
        "long_term_average": 729462, 
        "short_term_average": 625780
    }, 
    {
        "date": "2012-12-31", 
        "operating_revenue": 500631, 
        "accumulated_operating_revenue": 8524713, 
        "long_term_average": 710392, 
        "short_term_average": 495765
    }, 
    {
        "accumulated_operating_revenue_yoy": -19.375603991290884, 
        "accumulated_operating_revenue": 553967, 
        "long_term_average": 699298, 
        "date": "2013-01-31", 
        "operating_revenue": 553967, 
        "short_term_average": 512800
    }, 
    {
        "accumulated_operating_revenue_yoy": -8.513895797065407, 
        "accumulated_operating_revenue": 1059453, 
        "long_term_average": 702176, 
        "date": "2013-02-28", 
        "operating_revenue": 505486, 
        "short_term_average": 520028
    }, 
    {
        "accumulated_operating_revenue_yoy": -1.1780797353727235, 
        "accumulated_operating_revenue": 2590167, 
        "long_term_average": 707819, 
        "date": "2013-03-31", 
        "operating_revenue": 1530714, 
        "short_term_average": 863389
    }, 
    {
        "accumulated_operating_revenue_yoy": -4.59321332608219, 
        "accumulated_operating_revenue": 3080605, 
        "long_term_average": 698033, 
        "date": "2013-04-30", 
        "operating_revenue": 490438, 
        "short_term_average": 842212
    }, 
    {
        "accumulated_operating_revenue_yoy": -6.091394016041431, 
        "accumulated_operating_revenue": 3596894, 
        "long_term_average": 690950, 
        "date": "2013-05-31", 
        "operating_revenue": 516289, 
        "short_term_average": 845813
    }, 
    {
        "accumulated_operating_revenue_yoy": -2.7668897525023772, 
        "accumulated_operating_revenue": 4653916, 
        "long_term_average": 699356, 
        "date": "2013-06-30", 
        "operating_revenue": 1057022, 
        "short_term_average": 687916
    }, 
    {
        "accumulated_operating_revenue_yoy": -1.976806434990897, 
        "accumulated_operating_revenue": 5180019, 
        "long_term_average": 701687, 
        "date": "2013-07-31", 
        "operating_revenue": 526103, 
        "short_term_average": 699804
    }, 
    {
        "accumulated_operating_revenue_yoy": -5.51827293222979, 
        "accumulated_operating_revenue": 5807548, 
        "long_term_average": 682126, 
        "date": "2013-08-31", 
        "operating_revenue": 627529, 
        "short_term_average": 736884
    }, 
    {
        "accumulated_operating_revenue_yoy": 2.4087818597053237, 
        "accumulated_operating_revenue": 7206932, 
        "long_term_average": 724519, 
        "date": "2013-09-30", 
        "operating_revenue": 1399384, 
        "short_term_average": 851005
    }, 
    {
        "accumulated_operating_revenue_yoy": 1.7238489084885198, 
        "accumulated_operating_revenue": 7670261, 
        "long_term_average": 721224, 
        "date": "2013-10-31", 
        "operating_revenue": 463329, 
        "short_term_average": 830080
    }, 
    {
        "accumulated_operating_revenue_yoy": 1.3439418988988399, 
        "accumulated_operating_revenue": 8131921, 
        "long_term_average": 719379, 
        "date": "2013-11-30", 
        "operating_revenue": 461660, 
        "short_term_average": 774791
    }, 
    {
        "accumulated_operating_revenue_yoy": 797.9368572290938, 
        "accumulated_operating_revenue": 76546540, 
        "long_term_average": 6378878, 
        "date": "2013-12-31", 
        "operating_revenue": 68414619, 
        "short_term_average": 23113202
    }, 
    {
        "accumulated_operating_revenue_yoy": 10.981340043721016, 
        "accumulated_operating_revenue": 614800, 
        "long_term_average": 6383947, 
        "date": "2014-01-31", 
        "operating_revenue": 614800, 
        "short_term_average": 23163693
    }, 
    {
        "accumulated_operating_revenue_yoy": -6.691660696604758, 
        "accumulated_operating_revenue": 988558, 
        "long_term_average": 6372970, 
        "date": "2014-02-28", 
        "operating_revenue": 373758, 
        "short_term_average": 23134392
    }, 
    {
        "accumulated_operating_revenue_yoy": 4.368058121348932, 
        "accumulated_operating_revenue": 2703307, 
        "long_term_average": 6388306, 
        "date": "2014-03-31", 
        "operating_revenue": 1714749, 
        "short_term_average": 901102
    }, 
    {
        "accumulated_operating_revenue_yoy": 3.3612228766751984, 
        "accumulated_operating_revenue": 3184151, 
        "long_term_average": 6387507, 
        "date": "2014-04-30", 
        "operating_revenue": 480844, 
        "short_term_average": 856450
    }, 
    {
        "accumulated_operating_revenue_yoy": 3.3235341380646743, 
        "accumulated_operating_revenue": 3716438, 
        "long_term_average": 6388840, 
        "date": "2014-05-31", 
        "operating_revenue": 532287, 
        "short_term_average": 909293
    }, 
    {
        "accumulated_operating_revenue_yoy": 2.432059366778429, 
        "accumulated_operating_revenue": 4767102, 
        "long_term_average": 6388310, 
        "date": "2014-06-30", 
        "operating_revenue": 1050664, 
        "short_term_average": 687931
    }, 
    {
        "accumulated_operating_revenue_yoy": 2.1927139649487772, 
        "accumulated_operating_revenue": 5293602, 
        "long_term_average": 6388343, 
        "date": "2014-07-31", 
        "operating_revenue": 526500, 
        "short_term_average": 703150
    }, 
    {
        "accumulated_operating_revenue_yoy": 2.4280987432217525, 
        "accumulated_operating_revenue": 5948561, 
        "long_term_average": 6390629, 
        "date": "2014-08-31", 
        "operating_revenue": 654959, 
        "short_term_average": 744041
    }, 
    {
        "accumulated_operating_revenue_yoy": -2.109510676665188, 
        "accumulated_operating_revenue": 7054901, 
        "long_term_average": 6366209, 
        "date": "2014-09-30", 
        "operating_revenue": 1106340, 
        "short_term_average": 762599
    }, 
    {
        "accumulated_operating_revenue_yoy": -2.46407521204298, 
        "accumulated_operating_revenue": 7481260, 
        "long_term_average": 6363128, 
        "date": "2014-10-31", 
        "operating_revenue": 426359, 
        "short_term_average": 729219
    }, 
    {
        "accumulated_operating_revenue_yoy": -2.622381599624492, 
        "accumulated_operating_revenue": 7918671, 
        "long_term_average": 6361107, 
        "date": "2014-11-30", 
        "operating_revenue": 437411, 
        "short_term_average": 656703
    }, 
    {
        "accumulated_operating_revenue_yoy": -88.18395971914602, 
        "accumulated_operating_revenue": 9044770, 
        "long_term_average": 753730, 
        "date": "2014-12-31", 
        "operating_revenue": 1126099, 
        "short_term_average": 663289
    }, 
    {
        "accumulated_operating_revenue_yoy": -13.776350032530903, 
        "accumulated_operating_revenue": 530103, 
        "long_term_average": 746672, 
        "date": "2015-01-31", 
        "operating_revenue": 530103, 
        "short_term_average": 697871
    }, 
    {
        "accumulated_operating_revenue_yoy": 11.232522522704787, 
        "accumulated_operating_revenue": 1099598, 
        "long_term_average": 762984, 
        "date": "2015-02-28", 
        "operating_revenue": 569495, 
        "short_term_average": 741899
    }, 
    {
        "accumulated_operating_revenue_yoy": 0.03048118471191026, 
        "accumulated_operating_revenue": 2704131, 
        "long_term_average": 753799, 
        "date": "2015-03-31", 
        "operating_revenue": 1604533, 
        "short_term_average": 901377
    }, 
    {
        "accumulated_operating_revenue_yoy": -1.0045377873097099, 
        "accumulated_operating_revenue": 3152165, 
        "long_term_average": 751065, 
        "date": "2015-04-30", 
        "operating_revenue": 448034, 
        "short_term_average": 874020
    }, 
    {
        "accumulated_operating_revenue_yoy": -1.6859691995399897, 
        "accumulated_operating_revenue": 3653780, 
        "long_term_average": 748509, 
        "date": "2015-05-31", 
        "operating_revenue": 501615, 
        "short_term_average": 851394
    }, 
    {
        "accumulated_operating_revenue_yoy": -4.364097936230439, 
        "accumulated_operating_revenue": 4559061, 
        "long_term_average": 736394, 
        "date": "2015-06-30", 
        "operating_revenue": 905281, 
        "short_term_average": 618310
    }, 
    {
        "accumulated_operating_revenue_yoy": -4.592090602958061, 
        "accumulated_operating_revenue": 5050515, 
        "long_term_average": 733473, 
        "date": "2015-07-31", 
        "operating_revenue": 491454, 
        "short_term_average": 632783
    }, 
    {
        "accumulated_operating_revenue_yoy": -5.582711516280996, 
        "accumulated_operating_revenue": 5616470, 
        "long_term_average": 726056, 
        "date": "2015-08-31", 
        "operating_revenue": 565955, 
        "short_term_average": 654230
    }
]