[
    {
        "date": "2012-01-31", 
        "operating_revenue": 203612, 
        "accumulated_operating_revenue": 203612, 
        "long_term_average": 203612, 
        "short_term_average": 203612
    }, 
    {
        "date": "2012-02-29", 
        "operating_revenue": 101718, 
        "accumulated_operating_revenue": 305330, 
        "long_term_average": 152665, 
        "short_term_average": 152665
    }, 
    {
        "date": "2012-03-31", 
        "operating_revenue": 111652, 
        "accumulated_operating_revenue": 416982, 
        "long_term_average": 138994, 
        "short_term_average": 138994
    }, 
    {
        "date": "2012-04-30", 
        "operating_revenue": 102252, 
        "accumulated_operating_revenue": 519234, 
        "long_term_average": 129808, 
        "short_term_average": 105207
    }, 
    {
        "date": "2012-05-31", 
        "operating_revenue": 98103, 
        "accumulated_operating_revenue": 617337, 
        "long_term_average": 123467, 
        "short_term_average": 104002
    }, 
    {
        "date": "2012-06-30", 
        "operating_revenue": 109618, 
        "accumulated_operating_revenue": 726955, 
        "long_term_average": 121159, 
        "short_term_average": 103324
    }, 
    {
        "date": "2012-07-31", 
        "operating_revenue": 100139, 
        "accumulated_operating_revenue": 827094, 
        "long_term_average": 118156, 
        "short_term_average": 102620
    }, 
    {
        "date": "2012-08-31", 
        "operating_revenue": 90453, 
        "accumulated_operating_revenue": 917547, 
        "long_term_average": 114693, 
        "short_term_average": 100070
    }, 
    {
        "date": "2012-09-30", 
        "operating_revenue": 82870, 
        "accumulated_operating_revenue": 1000417, 
        "long_term_average": 111157, 
        "short_term_average": 91154
    }, 
    {
        "date": "2012-10-31", 
        "operating_revenue": 191932, 
        "accumulated_operating_revenue": 1192349, 
        "long_term_average": 119234, 
        "short_term_average": 121751
    }, 
    {
        "date": "2012-11-30", 
        "operating_revenue": 170568, 
        "accumulated_operating_revenue": 1362917, 
        "long_term_average": 123901, 
        "short_term_average": 148456
    }, 
    {
        "date": "2012-12-31", 
        "operating_revenue": 139747, 
        "accumulated_operating_revenue": 1502664, 
        "long_term_average": 125222, 
        "short_term_average": 167415
    }, 
    {
        "accumulated_operating_revenue_yoy": -32.241714633715105, 
        "accumulated_operating_revenue": 137964, 
        "long_term_average": 119751, 
        "date": "2013-01-31", 
        "operating_revenue": 137964, 
        "short_term_average": 149426
    }, 
    {
        "accumulated_operating_revenue_yoy": -17.782071856679657, 
        "accumulated_operating_revenue": 251036, 
        "long_term_average": 120697, 
        "date": "2013-02-28", 
        "operating_revenue": 113072, 
        "short_term_average": 130261
    }, 
    {
        "accumulated_operating_revenue_yoy": -17.32233046030764, 
        "accumulated_operating_revenue": 344751, 
        "long_term_average": 119202, 
        "date": "2013-03-31", 
        "operating_revenue": 93715, 
        "short_term_average": 114917
    }, 
    {
        "accumulated_operating_revenue_yoy": -13.926283717938349, 
        "accumulated_operating_revenue": 446924, 
        "long_term_average": 119196, 
        "date": "2013-04-30", 
        "operating_revenue": 102173, 
        "short_term_average": 102986
    }, 
    {
        "accumulated_operating_revenue_yoy": -12.792526610263113, 
        "accumulated_operating_revenue": 538364, 
        "long_term_average": 118640, 
        "date": "2013-05-31", 
        "operating_revenue": 91440, 
        "short_term_average": 95776
    }, 
    {
        "accumulated_operating_revenue_yoy": -11.439497630527336, 
        "accumulated_operating_revenue": 643795, 
        "long_term_average": 118292, 
        "date": "2013-06-30", 
        "operating_revenue": 105431, 
        "short_term_average": 99681
    }, 
    {
        "accumulated_operating_revenue_yoy": -12.44296295221583, 
        "accumulated_operating_revenue": 724179, 
        "long_term_average": 116645, 
        "date": "2013-07-31", 
        "operating_revenue": 80384, 
        "short_term_average": 92418
    }, 
    {
        "accumulated_operating_revenue_yoy": -11.221768476165254, 
        "accumulated_operating_revenue": 814582, 
        "long_term_average": 116641, 
        "date": "2013-08-31", 
        "operating_revenue": 90403, 
        "short_term_average": 92072
    }, 
    {
        "accumulated_operating_revenue_yoy": -11.06418623434028, 
        "accumulated_operating_revenue": 889729, 
        "long_term_average": 115998, 
        "date": "2013-09-30", 
        "operating_revenue": 75147, 
        "short_term_average": 81978
    }, 
    {
        "accumulated_operating_revenue_yoy": -10.977909991118372, 
        "accumulated_operating_revenue": 1061454, 
        "long_term_average": 114314, 
        "date": "2013-10-31", 
        "operating_revenue": 171725, 
        "short_term_average": 112425
    }, 
    {
        "accumulated_operating_revenue_yoy": -11.130538396688866, 
        "accumulated_operating_revenue": 1211217, 
        "long_term_average": 112580, 
        "date": "2013-11-30", 
        "operating_revenue": 149763, 
        "short_term_average": 132211
    }, 
    {
        "accumulated_operating_revenue_yoy": -11.120383532180181, 
        "accumulated_operating_revenue": 1335562, 
        "long_term_average": 111296, 
        "date": "2013-12-31", 
        "operating_revenue": 124345, 
        "short_term_average": 148611
    }, 
    {
        "accumulated_operating_revenue_yoy": 9.57206227711577, 
        "accumulated_operating_revenue": 151170, 
        "long_term_average": 112397, 
        "date": "2014-01-31", 
        "operating_revenue": 151170, 
        "short_term_average": 141759
    }, 
    {
        "accumulated_operating_revenue_yoy": -4.097818639557673, 
        "accumulated_operating_revenue": 240749, 
        "long_term_average": 110439, 
        "date": "2014-02-28", 
        "operating_revenue": 89579, 
        "short_term_average": 121698
    }, 
    {
        "accumulated_operating_revenue_yoy": -5.324712618672607, 
        "accumulated_operating_revenue": 326394, 
        "long_term_average": 109767, 
        "date": "2014-03-31", 
        "operating_revenue": 85645, 
        "short_term_average": 108798
    }, 
    {
        "accumulated_operating_revenue_yoy": -3.5607843839220985, 
        "accumulated_operating_revenue": 431010, 
        "long_term_average": 109970, 
        "date": "2014-04-30", 
        "operating_revenue": 104616, 
        "short_term_average": 93280
    }, 
    {
        "accumulated_operating_revenue_yoy": -3.180933346211857, 
        "accumulated_operating_revenue": 521239, 
        "long_term_average": 109869, 
        "date": "2014-05-31", 
        "operating_revenue": 90229, 
        "short_term_average": 93496
    }, 
    {
        "accumulated_operating_revenue_yoy": -2.902942706917575, 
        "accumulated_operating_revenue": 625106, 
        "long_term_average": 109739, 
        "date": "2014-06-30", 
        "operating_revenue": 103867, 
        "short_term_average": 99570
    }, 
    {
        "accumulated_operating_revenue_yoy": -2.7251549685920193, 
        "accumulated_operating_revenue": 704444, 
        "long_term_average": 109652, 
        "date": "2014-07-31", 
        "operating_revenue": 79338, 
        "short_term_average": 91144
    }, 
    {
        "accumulated_operating_revenue_yoy": -3.3008340474009983, 
        "accumulated_operating_revenue": 787694, 
        "long_term_average": 109056, 
        "date": "2014-08-31", 
        "operating_revenue": 83250, 
        "short_term_average": 88818
    }, 
    {
        "accumulated_operating_revenue_yoy": -1.779418227347878, 
        "accumulated_operating_revenue": 873897, 
        "long_term_average": 109977, 
        "date": "2014-09-30", 
        "operating_revenue": 86203, 
        "short_term_average": 82930
    }, 
    {
        "accumulated_operating_revenue_yoy": 0.07527410514256859, 
        "accumulated_operating_revenue": 1062253, 
        "long_term_average": 111363, 
        "date": "2014-10-31", 
        "operating_revenue": 188356, 
        "short_term_average": 119269
    }, 
    {
        "accumulated_operating_revenue_yoy": 0.43939277602609605, 
        "accumulated_operating_revenue": 1216539, 
        "long_term_average": 111740, 
        "date": "2014-11-30", 
        "operating_revenue": 154286, 
        "short_term_average": 142948
    }, 
    {
        "accumulated_operating_revenue_yoy": 0.7894803835389147, 
        "accumulated_operating_revenue": 1346106, 
        "long_term_average": 112175, 
        "date": "2014-12-31", 
        "operating_revenue": 129567, 
        "short_term_average": 157403
    }, 
    {
        "accumulated_operating_revenue_yoy": -15.639346431170207, 
        "accumulated_operating_revenue": 127528, 
        "long_term_average": 110205, 
        "date": "2015-01-31", 
        "operating_revenue": 127528, 
        "short_term_average": 137127
    }, 
    {
        "accumulated_operating_revenue_yoy": 9.072519512022895, 
        "accumulated_operating_revenue": 262591, 
        "long_term_average": 113995, 
        "date": "2015-02-28", 
        "operating_revenue": 135063, 
        "short_term_average": 130719
    }, 
    {
        "accumulated_operating_revenue_yoy": 9.988235077850696, 
        "accumulated_operating_revenue": 358995, 
        "long_term_average": 114892, 
        "date": "2015-03-31", 
        "operating_revenue": 96404, 
        "short_term_average": 119665
    }, 
    {
        "accumulated_operating_revenue_yoy": 10.174705923296443, 
        "accumulated_operating_revenue": 474864, 
        "long_term_average": 115830, 
        "date": "2015-04-30", 
        "operating_revenue": 115869, 
        "short_term_average": 115778
    }, 
    {
        "accumulated_operating_revenue_yoy": 10.99917696104858, 
        "accumulated_operating_revenue": 578571, 
        "long_term_average": 116953, 
        "date": "2015-05-31", 
        "operating_revenue": 103707, 
        "short_term_average": 105326
    }, 
    {
        "accumulated_operating_revenue_yoy": 9.052704661289447, 
        "accumulated_operating_revenue": 681695, 
        "long_term_average": 116891, 
        "date": "2015-06-30", 
        "operating_revenue": 103124, 
        "short_term_average": 107566
    }, 
    {
        "accumulated_operating_revenue_yoy": 8.020935659896315, 
        "accumulated_operating_revenue": 760947, 
        "long_term_average": 116884, 
        "date": "2015-07-31", 
        "operating_revenue": 79252, 
        "short_term_average": 95361
    }, 
    {
        "accumulated_operating_revenue_yoy": 7.446927360116999, 
        "accumulated_operating_revenue": 846353, 
        "long_term_average": 117063, 
        "date": "2015-08-31", 
        "operating_revenue": 85406, 
        "short_term_average": 89260
    }, 
    {
        "accumulated_operating_revenue_yoy": 6.532692067829505, 
        "accumulated_operating_revenue": 930986, 
        "long_term_average": 116932, 
        "date": "2015-09-30", 
        "operating_revenue": 84633, 
        "short_term_average": 83097
    }
]