[
    {
        "date": "2011-11-30", 
        "operating_revenue": 205615, 
        "accumulated_operating_revenue": 205615, 
        "long_term_average": 205615, 
        "short_term_average": 205615
    }, 
    {
        "date": "2011-12-31", 
        "operating_revenue": 1287821, 
        "accumulated_operating_revenue": 1493436, 
        "long_term_average": 746718, 
        "short_term_average": 746718
    }, 
    {
        "date": "2012-01-31", 
        "operating_revenue": 200232, 
        "accumulated_operating_revenue": 200232, 
        "long_term_average": 564556, 
        "short_term_average": 564556
    }, 
    {
        "date": "2012-02-29", 
        "operating_revenue": 250714, 
        "accumulated_operating_revenue": 450946, 
        "long_term_average": 486095, 
        "short_term_average": 579589
    }, 
    {
        "date": "2012-03-31", 
        "operating_revenue": 4013948, 
        "accumulated_operating_revenue": 4464894, 
        "long_term_average": 1191666, 
        "short_term_average": 1488298
    }, 
    {
        "date": "2012-04-30", 
        "operating_revenue": 408501, 
        "accumulated_operating_revenue": 4873395, 
        "long_term_average": 1061138, 
        "short_term_average": 1557721
    }, 
    {
        "date": "2012-05-31", 
        "operating_revenue": 388926, 
        "accumulated_operating_revenue": 5262321, 
        "long_term_average": 965108, 
        "short_term_average": 1603791
    }, 
    {
        "date": "2012-06-30", 
        "operating_revenue": 521528, 
        "accumulated_operating_revenue": 5783849, 
        "long_term_average": 909660, 
        "short_term_average": 439651
    }, 
    {
        "date": "2012-07-31", 
        "operating_revenue": 469923, 
        "accumulated_operating_revenue": 6253772, 
        "long_term_average": 860800, 
        "short_term_average": 460125
    }, 
    {
        "date": "2012-08-31", 
        "operating_revenue": 404770, 
        "accumulated_operating_revenue": 6658542, 
        "long_term_average": 815197, 
        "short_term_average": 465407
    }, 
    {
        "date": "2012-09-30", 
        "operating_revenue": 546790, 
        "accumulated_operating_revenue": 7205332, 
        "long_term_average": 790797, 
        "short_term_average": 473827
    }, 
    {
        "date": "2012-10-31", 
        "operating_revenue": 523120, 
        "accumulated_operating_revenue": 7728452, 
        "long_term_average": 768490, 
        "short_term_average": 491560
    }, 
    {
        "accumulated_operating_revenue_yoy": 4002.194878778299, 
        "accumulated_operating_revenue": 8434728, 
        "long_term_average": 810212, 
        "date": "2012-11-30", 
        "operating_revenue": 706276, 
        "short_term_average": 592062
    }, 
    {
        "accumulated_operating_revenue_yoy": 611.5100345779799, 
        "accumulated_operating_revenue": 10625947, 
        "long_term_average": 885495, 
        "date": "2012-12-31", 
        "operating_revenue": 2191219, 
        "short_term_average": 1140205
    }, 
    {
        "accumulated_operating_revenue_yoy": 195.72346078548884, 
        "accumulated_operating_revenue": 592133, 
        "long_term_average": 918154, 
        "date": "2013-01-31", 
        "operating_revenue": 592133, 
        "short_term_average": 1163209
    }, 
    {
        "accumulated_operating_revenue_yoy": 114.49885352126418, 
        "accumulated_operating_revenue": 967274, 
        "long_term_average": 928522, 
        "date": "2013-02-28", 
        "operating_revenue": 375141, 
        "short_term_average": 1052831
    }, 
    {
        "accumulated_operating_revenue_yoy": -65.05784907771607, 
        "accumulated_operating_revenue": 1560130, 
        "long_term_average": 643431, 
        "date": "2013-03-31", 
        "operating_revenue": 592856, 
        "short_term_average": 520043
    }, 
    {
        "accumulated_operating_revenue_yoy": -56.81737269398438, 
        "accumulated_operating_revenue": 2104460, 
        "long_term_average": 654751, 
        "date": "2013-04-30", 
        "operating_revenue": 544330, 
        "short_term_average": 504109
    }, 
    {
        "accumulated_operating_revenue_yoy": -50.07567953380268, 
        "accumulated_operating_revenue": 2627178, 
        "long_term_average": 665900, 
        "date": "2013-05-31", 
        "operating_revenue": 522718, 
        "short_term_average": 553301
    }, 
    {
        "accumulated_operating_revenue_yoy": -43.542371178777316, 
        "accumulated_operating_revenue": 3265424, 
        "long_term_average": 675626, 
        "date": "2013-06-30", 
        "operating_revenue": 638246, 
        "short_term_average": 568431
    }, 
    {
        "accumulated_operating_revenue_yoy": -41.12896984411968, 
        "accumulated_operating_revenue": 3681660, 
        "long_term_average": 671152, 
        "date": "2013-07-31", 
        "operating_revenue": 416236, 
        "short_term_average": 525733
    }, 
    {
        "accumulated_operating_revenue_yoy": -36.64695664606456, 
        "accumulated_operating_revenue": 4218389, 
        "long_term_average": 682149, 
        "date": "2013-08-31", 
        "operating_revenue": 536729, 
        "short_term_average": 530403
    }, 
    {
        "accumulated_operating_revenue_yoy": -10.379813171690076, 
        "accumulated_operating_revenue": 6457432, 
        "long_term_average": 823170, 
        "date": "2013-09-30", 
        "operating_revenue": 2239043, 
        "short_term_average": 1064002
    }, 
    {
        "accumulated_operating_revenue_yoy": -11.043362888195462, 
        "accumulated_operating_revenue": 6874971, 
        "long_term_average": 814372, 
        "date": "2013-10-31", 
        "operating_revenue": 417539, 
        "short_term_average": 1064437
    }, 
    {
        "accumulated_operating_revenue_yoy": -12.917938788304733, 
        "accumulated_operating_revenue": 7345135, 
        "long_term_average": 794696, 
        "date": "2013-11-30", 
        "operating_revenue": 470164, 
        "short_term_average": 1042248
    }, 
    {
        "accumulated_operating_revenue_yoy": 1.679304442229949, 
        "accumulated_operating_revenue": 10804389, 
        "long_term_average": 900365, 
        "date": "2013-12-31", 
        "operating_revenue": 3459254, 
        "short_term_average": 1448985
    }, 
    {
        "accumulated_operating_revenue_yoy": -23.27821621156058, 
        "accumulated_operating_revenue": 454295, 
        "long_term_average": 888879, 
        "date": "2014-01-31", 
        "operating_revenue": 454295, 
        "short_term_average": 1461237
    }, 
    {
        "accumulated_operating_revenue_yoy": -10.626668348368714, 
        "accumulated_operating_revenue": 864485, 
        "long_term_average": 891800, 
        "date": "2014-02-28", 
        "operating_revenue": 410190, 
        "short_term_average": 1441246
    }, 
    {
        "accumulated_operating_revenue_yoy": -11.892085915917264, 
        "accumulated_operating_revenue": 1374598, 
        "long_term_average": 884904, 
        "date": "2014-03-31", 
        "operating_revenue": 510113, 
        "short_term_average": 458199
    }, 
    {
        "accumulated_operating_revenue_yoy": -15.974929435579673, 
        "accumulated_operating_revenue": 1768274, 
        "long_term_average": 872350, 
        "date": "2014-04-30", 
        "operating_revenue": 393676, 
        "short_term_average": 437993
    }, 
    {
        "accumulated_operating_revenue_yoy": -16.407491232036808, 
        "accumulated_operating_revenue": 2196124, 
        "long_term_average": 864444, 
        "date": "2014-05-31", 
        "operating_revenue": 427850, 
        "short_term_average": 443879
    }, 
    {
        "accumulated_operating_revenue_yoy": -12.179275953138092, 
        "accumulated_operating_revenue": 2867719, 
        "long_term_average": 867223, 
        "date": "2014-06-30", 
        "operating_revenue": 671595, 
        "short_term_average": 497707
    }, 
    {
        "accumulated_operating_revenue_yoy": -8.252445907552572, 
        "accumulated_operating_revenue": 3377833, 
        "long_term_average": 875046, 
        "date": "2014-07-31", 
        "operating_revenue": 510114, 
        "short_term_average": 536519
    }, 
    {
        "accumulated_operating_revenue_yoy": -8.595342914084025, 
        "accumulated_operating_revenue": 3855804, 
        "long_term_average": 870150, 
        "date": "2014-08-31", 
        "operating_revenue": 477971, 
        "short_term_average": 553226
    }, 
    {
        "accumulated_operating_revenue_yoy": -32.79816186991981, 
        "accumulated_operating_revenue": 4339513, 
        "long_term_average": 723872, 
        "date": "2014-09-30", 
        "operating_revenue": 483709, 
        "short_term_average": 490598
    }, 
    {
        "accumulated_operating_revenue_yoy": -31.10084391628706, 
        "accumulated_operating_revenue": 4736797, 
        "long_term_average": 722184, 
        "date": "2014-10-31", 
        "operating_revenue": 397284, 
        "short_term_average": 452988
    }, 
    {
        "accumulated_operating_revenue_yoy": -29.547339837865472, 
        "accumulated_operating_revenue": 5174843, 
        "long_term_average": 719508, 
        "date": "2014-11-30", 
        "operating_revenue": 438046, 
        "short_term_average": 439679
    }, 
    {
        "accumulated_operating_revenue_yoy": -28.346869036277756, 
        "accumulated_operating_revenue": 7741683, 
        "long_term_average": 645140, 
        "date": "2014-12-31", 
        "operating_revenue": 2566840, 
        "short_term_average": 1134056
    }, 
    {
        "accumulated_operating_revenue_yoy": 142.99475010730913, 
        "accumulated_operating_revenue": 1103913, 
        "long_term_average": 699275, 
        "date": "2015-01-31", 
        "operating_revenue": 1103913, 
        "short_term_average": 1369599
    }, 
    {
        "accumulated_operating_revenue_yoy": 150.64703262636135, 
        "accumulated_operating_revenue": 2166806, 
        "long_term_average": 753667, 
        "date": "2015-02-28", 
        "operating_revenue": 1062893, 
        "short_term_average": 1577882
    }, 
    {
        "accumulated_operating_revenue_yoy": 144.93997517819756, 
        "accumulated_operating_revenue": 3366940, 
        "long_term_average": 811168, 
        "date": "2015-03-31", 
        "operating_revenue": 1200134, 
        "short_term_average": 1122313
    }, 
    {
        "accumulated_operating_revenue_yoy": 136.7601401140321, 
        "accumulated_operating_revenue": 4186568, 
        "long_term_average": 846664, 
        "date": "2015-04-30", 
        "operating_revenue": 819628, 
        "short_term_average": 1027551
    }, 
    {
        "accumulated_operating_revenue_yoy": 117.914380062328, 
        "accumulated_operating_revenue": 4785670, 
        "long_term_average": 860935, 
        "date": "2015-05-31", 
        "operating_revenue": 599102, 
        "short_term_average": 872954
    }, 
    {
        "accumulated_operating_revenue_yoy": 89.94727168177914, 
        "accumulated_operating_revenue": 5447154, 
        "long_term_average": 860093, 
        "date": "2015-06-30", 
        "operating_revenue": 661484, 
        "short_term_average": 693404
    }, 
    {
        "accumulated_operating_revenue_yoy": 79.64745444786642, 
        "accumulated_operating_revenue": 6068191, 
        "long_term_average": 869336, 
        "date": "2015-07-31", 
        "operating_revenue": 621037, 
        "short_term_average": 627207
    }, 
    {
        "accumulated_operating_revenue_yoy": 75.45585823345793, 
        "accumulated_operating_revenue": 6765234, 
        "long_term_average": 887592, 
        "date": "2015-08-31", 
        "operating_revenue": 697043, 
        "short_term_average": 659854
    }
]