[
    {
        "date": "2011-09-30", 
        "operating_revenue": 115024, 
        "accumulated_operating_revenue": 115024, 
        "long_term_average": 115024, 
        "short_term_average": 115024
    }, 
    {
        "date": "2011-10-31", 
        "operating_revenue": 118108, 
        "accumulated_operating_revenue": 233132, 
        "long_term_average": 116566, 
        "short_term_average": 116566
    }, 
    {
        "date": "2011-11-30", 
        "operating_revenue": 94325, 
        "accumulated_operating_revenue": 327457, 
        "long_term_average": 109152, 
        "short_term_average": 109152
    }, 
    {
        "date": "2011-12-31", 
        "operating_revenue": 109118, 
        "accumulated_operating_revenue": 436575, 
        "long_term_average": 109143, 
        "short_term_average": 107183
    }, 
    {
        "date": "2012-01-31", 
        "operating_revenue": 121489, 
        "accumulated_operating_revenue": 121489, 
        "long_term_average": 111612, 
        "short_term_average": 108310
    }, 
    {
        "date": "2012-02-29", 
        "operating_revenue": 106974, 
        "accumulated_operating_revenue": 228463, 
        "long_term_average": 110839, 
        "short_term_average": 112527
    }, 
    {
        "date": "2012-03-31", 
        "operating_revenue": 139870, 
        "accumulated_operating_revenue": 368333, 
        "long_term_average": 114986, 
        "short_term_average": 122777
    }, 
    {
        "date": "2012-04-30", 
        "operating_revenue": 121974, 
        "accumulated_operating_revenue": 490307, 
        "long_term_average": 115860, 
        "short_term_average": 122939
    }, 
    {
        "date": "2012-05-31", 
        "operating_revenue": 116649, 
        "accumulated_operating_revenue": 606956, 
        "long_term_average": 115947, 
        "short_term_average": 126164
    }, 
    {
        "date": "2012-06-30", 
        "operating_revenue": 104408, 
        "accumulated_operating_revenue": 711364, 
        "long_term_average": 114793, 
        "short_term_average": 114343
    }, 
    {
        "date": "2012-07-31", 
        "operating_revenue": 94966, 
        "accumulated_operating_revenue": 806330, 
        "long_term_average": 112991, 
        "short_term_average": 105341
    }, 
    {
        "date": "2012-08-31", 
        "operating_revenue": 126547, 
        "accumulated_operating_revenue": 932877, 
        "long_term_average": 114121, 
        "short_term_average": 108640
    }, 
    {
        "accumulated_operating_revenue_yoy": 847.1884128529698, 
        "accumulated_operating_revenue": 1089494, 
        "long_term_average": 117587, 
        "date": "2012-09-30", 
        "operating_revenue": 156617, 
        "short_term_average": 126043
    }, 
    {
        "accumulated_operating_revenue_yoy": 430.2039188099446, 
        "accumulated_operating_revenue": 1236075, 
        "long_term_average": 119959, 
        "date": "2012-10-31", 
        "operating_revenue": 146581, 
        "short_term_average": 143248
    }, 
    {
        "accumulated_operating_revenue_yoy": 318.75971501601737, 
        "accumulated_operating_revenue": 1371258, 
        "long_term_average": 123364, 
        "date": "2012-11-30", 
        "operating_revenue": 135183, 
        "short_term_average": 146127
    }, 
    {
        "accumulated_operating_revenue_yoy": 243.47569146194812, 
        "accumulated_operating_revenue": 1499529, 
        "long_term_average": 124960, 
        "date": "2012-12-31", 
        "operating_revenue": 128271, 
        "short_term_average": 136678
    }, 
    {
        "accumulated_operating_revenue_yoy": 4.283515379993251, 
        "accumulated_operating_revenue": 126693, 
        "long_term_average": 125394, 
        "date": "2013-01-31", 
        "operating_revenue": 126693, 
        "short_term_average": 130049
    }, 
    {
        "accumulated_operating_revenue_yoy": 3.263985853289154, 
        "accumulated_operating_revenue": 235920, 
        "long_term_average": 125582, 
        "date": "2013-02-28", 
        "operating_revenue": 109227, 
        "short_term_average": 121397
    }, 
    {
        "accumulated_operating_revenue_yoy": 3.1981929395411215, 
        "accumulated_operating_revenue": 380113, 
        "long_term_average": 125942, 
        "date": "2013-03-31", 
        "operating_revenue": 144193, 
        "short_term_average": 126704
    }, 
    {
        "accumulated_operating_revenue_yoy": 1.3797477906699271, 
        "accumulated_operating_revenue": 497072, 
        "long_term_average": 125524, 
        "date": "2013-04-30", 
        "operating_revenue": 116959, 
        "short_term_average": 123459
    }, 
    {
        "accumulated_operating_revenue_yoy": 1.760424149361733, 
        "accumulated_operating_revenue": 617641, 
        "long_term_average": 125851, 
        "date": "2013-05-31", 
        "operating_revenue": 120569, 
        "short_term_average": 127240
    }, 
    {
        "accumulated_operating_revenue_yoy": 1.8889063826676638, 
        "accumulated_operating_revenue": 724801, 
        "long_term_average": 126080, 
        "date": "2013-06-30", 
        "operating_revenue": 107160, 
        "short_term_average": 114896
    }, 
    {
        "accumulated_operating_revenue_yoy": 2.4895514243547927, 
        "accumulated_operating_revenue": 826404, 
        "long_term_average": 126633, 
        "date": "2013-07-31", 
        "operating_revenue": 101603, 
        "short_term_average": 109777
    }, 
    {
        "accumulated_operating_revenue_yoy": 2.5894088931338213, 
        "accumulated_operating_revenue": 957033, 
        "long_term_average": 126973, 
        "date": "2013-08-31", 
        "operating_revenue": 130629, 
        "short_term_average": 113130
    }, 
    {
        "accumulated_operating_revenue_yoy": 2.4035010748108756, 
        "accumulated_operating_revenue": 1115680, 
        "long_term_average": 127142, 
        "date": "2013-09-30", 
        "operating_revenue": 158647, 
        "short_term_average": 130293
    }, 
    {
        "accumulated_operating_revenue_yoy": 1.8429302429059726, 
        "accumulated_operating_revenue": 1258855, 
        "long_term_average": 126859, 
        "date": "2013-10-31", 
        "operating_revenue": 143175, 
        "short_term_average": 144150
    }, 
    {
        "accumulated_operating_revenue_yoy": 2.5667671583319844, 
        "accumulated_operating_revenue": 1406455, 
        "long_term_average": 127893, 
        "date": "2013-11-30", 
        "operating_revenue": 147600, 
        "short_term_average": 149807
    }, 
    {
        "accumulated_operating_revenue_yoy": 2.6721057078589343, 
        "accumulated_operating_revenue": 1539598, 
        "long_term_average": 128299, 
        "date": "2013-12-31", 
        "operating_revenue": 133143, 
        "short_term_average": 141306
    }, 
    {
        "accumulated_operating_revenue_yoy": 1.9614343333885849, 
        "accumulated_operating_revenue": 129178, 
        "long_term_average": 128506, 
        "date": "2014-01-31", 
        "operating_revenue": 129178, 
        "short_term_average": 136640
    }, 
    {
        "accumulated_operating_revenue_yoy": -4.9732960325534075, 
        "accumulated_operating_revenue": 224187, 
        "long_term_average": 127322, 
        "date": "2014-02-28", 
        "operating_revenue": 95009, 
        "short_term_average": 119110
    }, 
    {
        "accumulated_operating_revenue_yoy": -7.404903278761841, 
        "accumulated_operating_revenue": 351966, 
        "long_term_average": 125954, 
        "date": "2014-03-31", 
        "operating_revenue": 127779, 
        "short_term_average": 117322
    }, 
    {
        "accumulated_operating_revenue_yoy": -4.364558856664628, 
        "accumulated_operating_revenue": 475377, 
        "long_term_average": 126491, 
        "date": "2014-04-30", 
        "operating_revenue": 123411, 
        "short_term_average": 115399
    }, 
    {
        "accumulated_operating_revenue_yoy": -2.3346895688595803, 
        "accumulated_operating_revenue": 603221, 
        "long_term_average": 127098, 
        "date": "2014-05-31", 
        "operating_revenue": 127844, 
        "short_term_average": 126344
    }, 
    {
        "accumulated_operating_revenue_yoy": -1.6287229184286445, 
        "accumulated_operating_revenue": 712996, 
        "long_term_average": 127316, 
        "date": "2014-06-30", 
        "operating_revenue": 109775, 
        "short_term_average": 120343
    }, 
    {
        "accumulated_operating_revenue_yoy": -2.5833611647571892, 
        "accumulated_operating_revenue": 805055, 
        "long_term_average": 126520, 
        "date": "2014-07-31", 
        "operating_revenue": 92059, 
        "short_term_average": 109892
    }, 
    {
        "accumulated_operating_revenue_yoy": -2.140574044991134, 
        "accumulated_operating_revenue": 936547, 
        "long_term_average": 126592, 
        "date": "2014-08-31", 
        "operating_revenue": 131492, 
        "short_term_average": 111108
    }, 
    {
        "accumulated_operating_revenue_yoy": -3.0101821310770114, 
        "accumulated_operating_revenue": 1082096, 
        "long_term_average": 125501, 
        "date": "2014-09-30", 
        "operating_revenue": 145549, 
        "short_term_average": 123033
    }, 
    {
        "accumulated_operating_revenue_yoy": -1.8824249019942725, 
        "accumulated_operating_revenue": 1235158, 
        "long_term_average": 126325, 
        "date": "2014-10-31", 
        "operating_revenue": 153062, 
        "short_term_average": 143367
    }, 
    {
        "accumulated_operating_revenue_yoy": -0.597957275561607, 
        "accumulated_operating_revenue": 1398045, 
        "long_term_average": 127599, 
        "date": "2014-11-30", 
        "operating_revenue": 162887, 
        "short_term_average": 153832
    }, 
    {
        "accumulated_operating_revenue_yoy": -0.558392515448838, 
        "accumulated_operating_revenue": 1531001, 
        "long_term_average": 127583, 
        "date": "2014-12-31", 
        "operating_revenue": 132956, 
        "short_term_average": 149635
    }, 
    {
        "accumulated_operating_revenue_yoy": -14.083667497561505, 
        "accumulated_operating_revenue": 110985, 
        "long_term_average": 126067, 
        "date": "2015-01-31", 
        "operating_revenue": 110985, 
        "short_term_average": 135609
    }, 
    {
        "accumulated_operating_revenue_yoy": 2.43368259533336, 
        "accumulated_operating_revenue": 229643, 
        "long_term_average": 128038, 
        "date": "2015-02-28", 
        "operating_revenue": 118658, 
        "short_term_average": 120866
    }, 
    {
        "accumulated_operating_revenue_yoy": -0.5577243256450908, 
        "accumulated_operating_revenue": 350003, 
        "long_term_average": 127419, 
        "date": "2015-03-31", 
        "operating_revenue": 120360, 
        "short_term_average": 116667
    }, 
    {
        "accumulated_operating_revenue_yoy": -3.531512883458813, 
        "accumulated_operating_revenue": 458589, 
        "long_term_average": 126184, 
        "date": "2015-04-30", 
        "operating_revenue": 108586, 
        "short_term_average": 115868
    }, 
    {
        "accumulated_operating_revenue_yoy": -3.854640339112862, 
        "accumulated_operating_revenue": 579969, 
        "long_term_average": 125645, 
        "date": "2015-05-31", 
        "operating_revenue": 121380, 
        "short_term_average": 116775
    }, 
    {
        "accumulated_operating_revenue_yoy": -5.5928785014221685, 
        "accumulated_operating_revenue": 673119, 
        "long_term_average": 124260, 
        "date": "2015-06-30", 
        "operating_revenue": 93150, 
        "short_term_average": 107705
    }, 
    {
        "accumulated_operating_revenue_yoy": -6.57979889572762, 
        "accumulated_operating_revenue": 752084, 
        "long_term_average": 123169, 
        "date": "2015-07-31", 
        "operating_revenue": 78965, 
        "short_term_average": 97831
    }, 
    {
        "accumulated_operating_revenue_yoy": -9.511321909097994, 
        "accumulated_operating_revenue": 847469, 
        "long_term_average": 120160, 
        "date": "2015-08-31", 
        "operating_revenue": 95385, 
        "short_term_average": 89166
    }, 
    {
        "accumulated_operating_revenue_yoy": -10.031642294214192, 
        "accumulated_operating_revenue": 973544, 
        "long_term_average": 118537, 
        "date": "2015-09-30", 
        "operating_revenue": 126075, 
        "short_term_average": 100141
    }
]