[
    {
        "date": "2012-01-31", 
        "operating_revenue": 243814, 
        "accumulated_operating_revenue": 243814, 
        "long_term_average": 243814, 
        "short_term_average": 243814
    }, 
    {
        "date": "2012-02-29", 
        "operating_revenue": 222398, 
        "accumulated_operating_revenue": 466212, 
        "long_term_average": 233106, 
        "short_term_average": 233106
    }, 
    {
        "date": "2012-03-31", 
        "operating_revenue": 247943, 
        "accumulated_operating_revenue": 714155, 
        "long_term_average": 238051, 
        "short_term_average": 238051
    }, 
    {
        "date": "2012-04-30", 
        "operating_revenue": 228219, 
        "accumulated_operating_revenue": 942374, 
        "long_term_average": 235593, 
        "short_term_average": 232853
    }, 
    {
        "date": "2012-05-31", 
        "operating_revenue": 263315, 
        "accumulated_operating_revenue": 1205689, 
        "long_term_average": 241137, 
        "short_term_average": 246492
    }, 
    {
        "date": "2012-06-30", 
        "operating_revenue": 232446, 
        "accumulated_operating_revenue": 1438135, 
        "long_term_average": 239689, 
        "short_term_average": 241326
    }, 
    {
        "date": "2012-07-31", 
        "operating_revenue": 255445, 
        "accumulated_operating_revenue": 1693580, 
        "long_term_average": 241940, 
        "short_term_average": 250402
    }, 
    {
        "date": "2012-08-31", 
        "operating_revenue": 280976, 
        "accumulated_operating_revenue": 1974556, 
        "long_term_average": 246819, 
        "short_term_average": 256289
    }, 
    {
        "date": "2012-09-30", 
        "operating_revenue": 245029, 
        "accumulated_operating_revenue": 2219585, 
        "long_term_average": 246620, 
        "short_term_average": 260483
    }, 
    {
        "date": "2012-10-31", 
        "operating_revenue": 286297, 
        "accumulated_operating_revenue": 2505882, 
        "long_term_average": 250588, 
        "short_term_average": 270767
    }, 
    {
        "date": "2012-11-30", 
        "operating_revenue": 212287, 
        "accumulated_operating_revenue": 2718169, 
        "long_term_average": 247106, 
        "short_term_average": 247871
    }, 
    {
        "date": "2012-12-31", 
        "operating_revenue": 264058, 
        "accumulated_operating_revenue": 2982227, 
        "long_term_average": 248518, 
        "short_term_average": 254214
    }, 
    {
        "accumulated_operating_revenue_yoy": 26.550567235679658, 
        "accumulated_operating_revenue": 308548, 
        "long_term_average": 253913, 
        "date": "2013-01-31", 
        "operating_revenue": 308548, 
        "short_term_average": 261631
    }, 
    {
        "accumulated_operating_revenue_yoy": 16.89639048329944, 
        "accumulated_operating_revenue": 544985, 
        "long_term_average": 255083, 
        "date": "2013-02-28", 
        "operating_revenue": 236437, 
        "short_term_average": 269681
    }, 
    {
        "accumulated_operating_revenue_yoy": 15.061856319706507, 
        "accumulated_operating_revenue": 821720, 
        "long_term_average": 257482, 
        "date": "2013-03-31", 
        "operating_revenue": 276735, 
        "short_term_average": 273906
    }, 
    {
        "accumulated_operating_revenue_yoy": 14.305254601676193, 
        "accumulated_operating_revenue": 1077183, 
        "long_term_average": 259753, 
        "date": "2013-04-30", 
        "operating_revenue": 255463, 
        "short_term_average": 256211
    }, 
    {
        "accumulated_operating_revenue_yoy": 11.32995324664984, 
        "accumulated_operating_revenue": 1342293, 
        "long_term_average": 259902, 
        "date": "2013-05-31", 
        "operating_revenue": 265110, 
        "short_term_average": 265769
    }, 
    {
        "accumulated_operating_revenue_yoy": 11.638059013931237, 
        "accumulated_operating_revenue": 1605506, 
        "long_term_average": 262466, 
        "date": "2013-06-30", 
        "operating_revenue": 263213, 
        "short_term_average": 261262
    }, 
    {
        "accumulated_operating_revenue_yoy": 11.772163110098136, 
        "accumulated_operating_revenue": 1892951, 
        "long_term_average": 265133, 
        "date": "2013-07-31", 
        "operating_revenue": 287445, 
        "short_term_average": 271922
    }, 
    {
        "accumulated_operating_revenue_yoy": 11.98644150887592, 
        "accumulated_operating_revenue": 2211235, 
        "long_term_average": 268242, 
        "date": "2013-08-31", 
        "operating_revenue": 318284, 
        "short_term_average": 289647
    }, 
    {
        "accumulated_operating_revenue_yoy": 13.11902900767486, 
        "accumulated_operating_revenue": 2510773, 
        "long_term_average": 272784, 
        "date": "2013-09-30", 
        "operating_revenue": 299538, 
        "short_term_average": 301755
    }, 
    {
        "accumulated_operating_revenue_yoy": 12.652511171715188, 
        "accumulated_operating_revenue": 2822939, 
        "long_term_average": 274940, 
        "date": "2013-10-31", 
        "operating_revenue": 312166, 
        "short_term_average": 309996
    }, 
    {
        "accumulated_operating_revenue_yoy": 13.904764567618862, 
        "accumulated_operating_revenue": 3096124, 
        "long_term_average": 280015, 
        "date": "2013-11-30", 
        "operating_revenue": 273185, 
        "short_term_average": 294963
    }, 
    {
        "accumulated_operating_revenue_yoy": 15.25554560400667, 
        "accumulated_operating_revenue": 3437182, 
        "long_term_average": 286431, 
        "date": "2013-12-31", 
        "operating_revenue": 341058, 
        "short_term_average": 308803
    }, 
    {
        "accumulated_operating_revenue_yoy": -1.2312508912713742, 
        "accumulated_operating_revenue": 304749, 
        "long_term_average": 286115, 
        "date": "2014-01-31", 
        "operating_revenue": 304749, 
        "short_term_average": 306330
    }, 
    {
        "accumulated_operating_revenue_yoy": 7.825352991366735, 
        "accumulated_operating_revenue": 587632, 
        "long_term_average": 289985, 
        "date": "2014-02-28", 
        "operating_revenue": 282883, 
        "short_term_average": 309563
    }, 
    {
        "accumulated_operating_revenue_yoy": 5.643771601031982, 
        "accumulated_operating_revenue": 868096, 
        "long_term_average": 290296, 
        "date": "2014-03-31", 
        "operating_revenue": 280464, 
        "short_term_average": 289365
    }, 
    {
        "accumulated_operating_revenue_yoy": 5.569434348666847, 
        "accumulated_operating_revenue": 1137176, 
        "long_term_average": 291431, 
        "date": "2014-04-30", 
        "operating_revenue": 269080, 
        "short_term_average": 277475
    }, 
    {
        "accumulated_operating_revenue_yoy": 5.1233970526554184, 
        "accumulated_operating_revenue": 1411064, 
        "long_term_average": 292162, 
        "date": "2014-05-31", 
        "operating_revenue": 273888, 
        "short_term_average": 274477
    }, 
    {
        "accumulated_operating_revenue_yoy": 4.254733398691752, 
        "accumulated_operating_revenue": 1673816, 
        "long_term_average": 292124, 
        "date": "2014-06-30", 
        "operating_revenue": 262752, 
        "short_term_average": 268573
    }, 
    {
        "accumulated_operating_revenue_yoy": 3.4543419243287334, 
        "accumulated_operating_revenue": 1958340, 
        "long_term_average": 291880, 
        "date": "2014-07-31", 
        "operating_revenue": 284524, 
        "short_term_average": 273721
    }, 
    {
        "accumulated_operating_revenue_yoy": 3.322713325358906, 
        "accumulated_operating_revenue": 2284708, 
        "long_term_average": 292554, 
        "date": "2014-08-31", 
        "operating_revenue": 326368, 
        "short_term_average": 291214
    }, 
    {
        "accumulated_operating_revenue_yoy": 2.5185869053076484, 
        "accumulated_operating_revenue": 2574009, 
        "long_term_average": 291701, 
        "date": "2014-09-30", 
        "operating_revenue": 289301, 
        "short_term_average": 300064
    }, 
    {
        "accumulated_operating_revenue_yoy": 2.513727714272253, 
        "accumulated_operating_revenue": 2893900, 
        "long_term_average": 292345, 
        "date": "2014-10-31", 
        "operating_revenue": 319891, 
        "short_term_average": 311853
    }, 
    {
        "accumulated_operating_revenue_yoy": 2.3079501983770676, 
        "accumulated_operating_revenue": 3167581, 
        "long_term_average": 292386, 
        "date": "2014-11-30", 
        "operating_revenue": 273681, 
        "short_term_average": 294291
    }, 
    {
        "accumulated_operating_revenue_yoy": 2.0712316077530954, 
        "accumulated_operating_revenue": 3508374, 
        "long_term_average": 292364, 
        "date": "2014-12-31", 
        "operating_revenue": 340793, 
        "short_term_average": 311455
    }, 
    {
        "accumulated_operating_revenue_yoy": 0.012141139101358823, 
        "accumulated_operating_revenue": 304786, 
        "long_term_average": 292367, 
        "date": "2015-01-31", 
        "operating_revenue": 304786, 
        "short_term_average": 306420
    }, 
    {
        "accumulated_operating_revenue_yoy": 4.123669235167588, 
        "accumulated_operating_revenue": 611864, 
        "long_term_average": 294383, 
        "date": "2015-02-28", 
        "operating_revenue": 307078, 
        "short_term_average": 317552
    }, 
    {
        "accumulated_operating_revenue_yoy": 3.1860531554113827, 
        "accumulated_operating_revenue": 895754, 
        "long_term_average": 294669, 
        "date": "2015-03-31", 
        "operating_revenue": 283890, 
        "short_term_average": 298584
    }, 
    {
        "accumulated_operating_revenue_yoy": 2.4476422295229585, 
        "accumulated_operating_revenue": 1165010, 
        "long_term_average": 294684, 
        "date": "2015-04-30", 
        "operating_revenue": 269256, 
        "short_term_average": 286741
    }, 
    {
        "accumulated_operating_revenue_yoy": 2.082896310868961, 
        "accumulated_operating_revenue": 1440455, 
        "long_term_average": 294813, 
        "date": "2015-05-31", 
        "operating_revenue": 275445, 
        "short_term_average": 276197
    }, 
    {
        "accumulated_operating_revenue_yoy": 3.0033169715189723, 
        "accumulated_operating_revenue": 1724086, 
        "long_term_average": 296553, 
        "date": "2015-06-30", 
        "operating_revenue": 283631, 
        "short_term_average": 276110
    }, 
    {
        "accumulated_operating_revenue_yoy": 3.6998171921116865, 
        "accumulated_operating_revenue": 2030795, 
        "long_term_average": 298402, 
        "date": "2015-07-31", 
        "operating_revenue": 306709, 
        "short_term_average": 288595
    }, 
    {
        "accumulated_operating_revenue_yoy": 3.210869835445055, 
        "accumulated_operating_revenue": 2358067, 
        "long_term_average": 298477, 
        "date": "2015-08-31", 
        "operating_revenue": 327272, 
        "short_term_average": 305870
    }
]