[
    {
        "date": "2012-01-31", 
        "operating_revenue": 273936, 
        "accumulated_operating_revenue": 273936, 
        "long_term_average": 273936, 
        "short_term_average": 273936
    }, 
    {
        "date": "2012-02-29", 
        "operating_revenue": 84517, 
        "accumulated_operating_revenue": 358453, 
        "long_term_average": 179226, 
        "short_term_average": 179226
    }, 
    {
        "date": "2012-03-31", 
        "operating_revenue": 276842, 
        "accumulated_operating_revenue": 635295, 
        "long_term_average": 211765, 
        "short_term_average": 211765
    }, 
    {
        "date": "2012-04-30", 
        "operating_revenue": 348277, 
        "accumulated_operating_revenue": 983572, 
        "long_term_average": 245893, 
        "short_term_average": 236545
    }, 
    {
        "date": "2012-05-31", 
        "operating_revenue": 195498, 
        "accumulated_operating_revenue": 1179070, 
        "long_term_average": 235814, 
        "short_term_average": 273539
    }, 
    {
        "date": "2012-06-30", 
        "operating_revenue": 45303, 
        "accumulated_operating_revenue": 1224373, 
        "long_term_average": 204062, 
        "short_term_average": 196359
    }, 
    {
        "date": "2012-07-31", 
        "operating_revenue": 176881, 
        "accumulated_operating_revenue": 1401254, 
        "long_term_average": 200179, 
        "short_term_average": 139227
    }, 
    {
        "date": "2012-08-31", 
        "operating_revenue": 180627, 
        "accumulated_operating_revenue": 1581881, 
        "long_term_average": 197735, 
        "short_term_average": 134270
    }, 
    {
        "date": "2012-09-30", 
        "operating_revenue": 382522, 
        "accumulated_operating_revenue": 1964403, 
        "long_term_average": 218267, 
        "short_term_average": 246676
    }, 
    {
        "date": "2012-10-31", 
        "operating_revenue": 404514, 
        "accumulated_operating_revenue": 2368917, 
        "long_term_average": 236891, 
        "short_term_average": 322554
    }, 
    {
        "date": "2012-11-30", 
        "operating_revenue": 258082, 
        "accumulated_operating_revenue": 2626999, 
        "long_term_average": 238818, 
        "short_term_average": 348372
    }, 
    {
        "date": "2012-12-31", 
        "operating_revenue": 163075, 
        "accumulated_operating_revenue": 2790074, 
        "long_term_average": 232506, 
        "short_term_average": 275223
    }, 
    {
        "accumulated_operating_revenue_yoy": -20.82749255300508, 
        "accumulated_operating_revenue": 216882, 
        "long_term_average": 227751, 
        "date": "2013-01-31", 
        "operating_revenue": 216882, 
        "short_term_average": 212679
    }, 
    {
        "accumulated_operating_revenue_yoy": -17.25163410544758, 
        "accumulated_operating_revenue": 296614, 
        "long_term_average": 227352, 
        "date": "2013-02-28", 
        "operating_revenue": 79732, 
        "short_term_average": 153229
    }, 
    {
        "accumulated_operating_revenue_yoy": 6.400805924806587, 
        "accumulated_operating_revenue": 675959, 
        "long_term_average": 235894, 
        "date": "2013-03-31", 
        "operating_revenue": 379345, 
        "short_term_average": 225319
    }, 
    {
        "accumulated_operating_revenue_yoy": 14.84863334865165, 
        "accumulated_operating_revenue": 1129619, 
        "long_term_average": 244676, 
        "date": "2013-04-30", 
        "operating_revenue": 453660, 
        "short_term_average": 304245
    }, 
    {
        "accumulated_operating_revenue_yoy": 17.280907834140464, 
        "accumulated_operating_revenue": 1382824, 
        "long_term_average": 249485, 
        "date": "2013-05-31", 
        "operating_revenue": 253205, 
        "short_term_average": 362070
    }, 
    {
        "accumulated_operating_revenue_yoy": 25.843758397155113, 
        "accumulated_operating_revenue": 1540797, 
        "long_term_average": 258874, 
        "date": "2013-06-30", 
        "operating_revenue": 157973, 
        "short_term_average": 288279
    }, 
    {
        "accumulated_operating_revenue_yoy": 19.473914079817078, 
        "accumulated_operating_revenue": 1674133, 
        "long_term_average": 255246, 
        "date": "2013-07-31", 
        "operating_revenue": 133336, 
        "short_term_average": 181504
    }, 
    {
        "accumulated_operating_revenue_yoy": 19.031077558931425, 
        "accumulated_operating_revenue": 1882930, 
        "long_term_average": 257593, 
        "date": "2013-08-31", 
        "operating_revenue": 208797, 
        "short_term_average": 166702
    }, 
    {
        "accumulated_operating_revenue_yoy": 26.650081475135195, 
        "accumulated_operating_revenue": 2487918, 
        "long_term_average": 276132, 
        "date": "2013-09-30", 
        "operating_revenue": 604988, 
        "short_term_average": 315707
    }, 
    {
        "accumulated_operating_revenue_yoy": 32.334606911090596, 
        "accumulated_operating_revenue": 3134897, 
        "long_term_average": 296337, 
        "date": "2013-10-31", 
        "operating_revenue": 646979, 
        "short_term_average": 486921
    }, 
    {
        "accumulated_operating_revenue_yoy": 33.70191614081315, 
        "accumulated_operating_revenue": 3512348, 
        "long_term_average": 306285, 
        "date": "2013-11-30", 
        "operating_revenue": 377451, 
        "short_term_average": 543139
    }, 
    {
        "accumulated_operating_revenue_yoy": 36.033847130936316, 
        "accumulated_operating_revenue": 3795445, 
        "long_term_average": 316287, 
        "date": "2013-12-31", 
        "operating_revenue": 283097, 
        "short_term_average": 435842
    }, 
    {
        "accumulated_operating_revenue_yoy": 44.22404809988842, 
        "accumulated_operating_revenue": 312796, 
        "long_term_average": 324279, 
        "date": "2014-01-31", 
        "operating_revenue": 312796, 
        "short_term_average": 324448
    }, 
    {
        "accumulated_operating_revenue_yoy": 47.11679152029237, 
        "accumulated_operating_revenue": 436369, 
        "long_term_average": 327933, 
        "date": "2014-02-28", 
        "operating_revenue": 123573, 
        "short_term_average": 239822
    }, 
    {
        "accumulated_operating_revenue_yoy": 29.055756340251403, 
        "accumulated_operating_revenue": 872364, 
        "long_term_average": 332654, 
        "date": "2014-03-31", 
        "operating_revenue": 435995, 
        "short_term_average": 290788
    }, 
    {
        "accumulated_operating_revenue_yoy": 23.654701275385772, 
        "accumulated_operating_revenue": 1396827, 
        "long_term_average": 338554, 
        "date": "2014-04-30", 
        "operating_revenue": 524463, 
        "short_term_average": 361343
    }, 
    {
        "accumulated_operating_revenue_yoy": 28.406579579179997, 
        "accumulated_operating_revenue": 1775637, 
        "long_term_average": 349021, 
        "date": "2014-05-31", 
        "operating_revenue": 378810, 
        "short_term_average": 446422
    }, 
    {
        "accumulated_operating_revenue_yoy": 30.000837229044446, 
        "accumulated_operating_revenue": 2003049, 
        "long_term_average": 354808, 
        "date": "2014-06-30", 
        "operating_revenue": 227412, 
        "short_term_average": 376895
    }, 
    {
        "accumulated_operating_revenue_yoy": 29.464027051614178, 
        "accumulated_operating_revenue": 2167400, 
        "long_term_average": 357392, 
        "date": "2014-07-31", 
        "operating_revenue": 164351, 
        "short_term_average": 256857
    }, 
    {
        "accumulated_operating_revenue_yoy": 29.213725417301756, 
        "accumulated_operating_revenue": 2433004, 
        "long_term_average": 362126, 
        "date": "2014-08-31", 
        "operating_revenue": 265604, 
        "short_term_average": 219122
    }, 
    {
        "accumulated_operating_revenue_yoy": 24.279457763479343, 
        "accumulated_operating_revenue": 3091971, 
        "long_term_average": 366624, 
        "date": "2014-09-30", 
        "operating_revenue": 658967, 
        "short_term_average": 362974
    }, 
    {
        "accumulated_operating_revenue_yoy": 21.036863412099343, 
        "accumulated_operating_revenue": 3794381, 
        "long_term_average": 371244, 
        "date": "2014-10-31", 
        "operating_revenue": 702410, 
        "short_term_average": 542327
    }, 
    {
        "accumulated_operating_revenue_yoy": 21.573972738464413, 
        "accumulated_operating_revenue": 4270101, 
        "long_term_average": 379433, 
        "date": "2014-11-30", 
        "operating_revenue": 475720, 
        "short_term_average": 612365
    }, 
    {
        "accumulated_operating_revenue_yoy": 22.700763678567334, 
        "accumulated_operating_revenue": 4657040, 
        "long_term_average": 388086, 
        "date": "2014-12-31", 
        "operating_revenue": 386939, 
        "short_term_average": 521689
    }, 
    {
        "accumulated_operating_revenue_yoy": 21.223736876430646, 
        "accumulated_operating_revenue": 379183, 
        "long_term_average": 393618, 
        "date": "2015-01-31", 
        "operating_revenue": 379183, 
        "short_term_average": 413947
    }, 
    {
        "accumulated_operating_revenue_yoy": 22.611826229635927, 
        "accumulated_operating_revenue": 535040, 
        "long_term_average": 396309, 
        "date": "2015-02-28", 
        "operating_revenue": 155857, 
        "short_term_average": 307326
    }, 
    {
        "accumulated_operating_revenue_yoy": 18.192176660201476, 
        "accumulated_operating_revenue": 1031066, 
        "long_term_average": 401311, 
        "date": "2015-03-31", 
        "operating_revenue": 496026, 
        "short_term_average": 343688
    }, 
    {
        "accumulated_operating_revenue_yoy": 14.082130428463941, 
        "accumulated_operating_revenue": 1593530, 
        "long_term_average": 404478, 
        "date": "2015-04-30", 
        "operating_revenue": 562464, 
        "short_term_average": 404782
    }, 
    {
        "accumulated_operating_revenue_yoy": 16.999871032198584, 
        "accumulated_operating_revenue": 2077493, 
        "long_term_average": 413241, 
        "date": "2015-05-31", 
        "operating_revenue": 483963, 
        "short_term_average": 514151
    }, 
    {
        "accumulated_operating_revenue_yoy": 18.657856098378023, 
        "accumulated_operating_revenue": 2376775, 
        "long_term_average": 419230, 
        "date": "2015-06-30", 
        "operating_revenue": 299282, 
        "short_term_average": 448569
    }, 
    {
        "accumulated_operating_revenue_yoy": 23.31277106210206, 
        "accumulated_operating_revenue": 2672681, 
        "long_term_average": 430193, 
        "date": "2015-07-31", 
        "operating_revenue": 295906, 
        "short_term_average": 359717
    }, 
    {
        "accumulated_operating_revenue_yoy": 22.547024172586646, 
        "accumulated_operating_revenue": 2981574, 
        "long_term_average": 433800, 
        "date": "2015-08-31", 
        "operating_revenue": 308893, 
        "short_term_average": 301360
    }, 
    {
        "accumulated_operating_revenue_yoy": 18.52226298370845, 
        "accumulated_operating_revenue": 3664674, 
        "long_term_average": 435811, 
        "date": "2015-09-30", 
        "operating_revenue": 683100, 
        "short_term_average": 429299
    }
]