[
    {
        "date": "2012-01-31", 
        "operating_revenue": 36096, 
        "accumulated_operating_revenue": 36096, 
        "long_term_average": 36096, 
        "short_term_average": 36096
    }, 
    {
        "date": "2012-02-29", 
        "operating_revenue": 42627, 
        "accumulated_operating_revenue": 78723, 
        "long_term_average": 39361, 
        "short_term_average": 39361
    }, 
    {
        "date": "2012-03-31", 
        "operating_revenue": 40411, 
        "accumulated_operating_revenue": 119134, 
        "long_term_average": 39711, 
        "short_term_average": 39711
    }, 
    {
        "date": "2012-04-30", 
        "operating_revenue": 61388, 
        "accumulated_operating_revenue": 180522, 
        "long_term_average": 45130, 
        "short_term_average": 48142
    }, 
    {
        "date": "2012-05-31", 
        "operating_revenue": 60216, 
        "accumulated_operating_revenue": 240738, 
        "long_term_average": 48147, 
        "short_term_average": 54005
    }, 
    {
        "date": "2012-06-30", 
        "operating_revenue": 50010, 
        "accumulated_operating_revenue": 290748, 
        "long_term_average": 48458, 
        "short_term_average": 57204
    }, 
    {
        "date": "2012-07-31", 
        "operating_revenue": 44056, 
        "accumulated_operating_revenue": 334804, 
        "long_term_average": 47829, 
        "short_term_average": 51427
    }, 
    {
        "date": "2012-08-31", 
        "operating_revenue": 31008, 
        "accumulated_operating_revenue": 365812, 
        "long_term_average": 45726, 
        "short_term_average": 41691
    }, 
    {
        "date": "2012-09-30", 
        "operating_revenue": 50227, 
        "accumulated_operating_revenue": 416039, 
        "long_term_average": 46226, 
        "short_term_average": 41763
    }, 
    {
        "date": "2012-10-31", 
        "operating_revenue": 43563, 
        "accumulated_operating_revenue": 459602, 
        "long_term_average": 45960, 
        "short_term_average": 41599
    }, 
    {
        "date": "2012-11-30", 
        "operating_revenue": 43695, 
        "accumulated_operating_revenue": 503297, 
        "long_term_average": 45754, 
        "short_term_average": 45828
    }, 
    {
        "date": "2012-12-31", 
        "operating_revenue": 40462, 
        "accumulated_operating_revenue": 543759, 
        "long_term_average": 45313, 
        "short_term_average": 42573
    }, 
    {
        "accumulated_operating_revenue_yoy": 53.199800531914896, 
        "accumulated_operating_revenue": 55299, 
        "long_term_average": 46913, 
        "date": "2013-01-31", 
        "operating_revenue": 55299, 
        "short_term_average": 46485
    }, 
    {
        "accumulated_operating_revenue_yoy": -14.403668559379087, 
        "accumulated_operating_revenue": 67384, 
        "long_term_average": 44368, 
        "date": "2013-02-28", 
        "operating_revenue": 12085, 
        "short_term_average": 35948
    }, 
    {
        "accumulated_operating_revenue_yoy": -18.988701797975388, 
        "accumulated_operating_revenue": 96512, 
        "long_term_average": 43428, 
        "date": "2013-03-31", 
        "operating_revenue": 29128, 
        "short_term_average": 32170
    }, 
    {
        "accumulated_operating_revenue_yoy": -23.299099278758266, 
        "accumulated_operating_revenue": 138462, 
        "long_term_average": 41808, 
        "date": "2013-04-30", 
        "operating_revenue": 41950, 
        "short_term_average": 27721
    }, 
    {
        "accumulated_operating_revenue_yoy": -29.85112445895538, 
        "accumulated_operating_revenue": 168875, 
        "long_term_average": 39324, 
        "date": "2013-05-31", 
        "operating_revenue": 30413, 
        "short_term_average": 33830
    }, 
    {
        "accumulated_operating_revenue_yoy": -26.140506555505112, 
        "accumulated_operating_revenue": 214745, 
        "long_term_average": 38979, 
        "date": "2013-06-30", 
        "operating_revenue": 45870, 
        "short_term_average": 39411
    }, 
    {
        "accumulated_operating_revenue_yoy": -25.078553422300807, 
        "accumulated_operating_revenue": 250840, 
        "long_term_average": 38316, 
        "date": "2013-07-31", 
        "operating_revenue": 36095, 
        "short_term_average": 37459
    }, 
    {
        "accumulated_operating_revenue_yoy": -19.86648879752441, 
        "accumulated_operating_revenue": 293138, 
        "long_term_average": 39257, 
        "date": "2013-08-31", 
        "operating_revenue": 42298, 
        "short_term_average": 41421
    }, 
    {
        "accumulated_operating_revenue_yoy": -18.7088229709234, 
        "accumulated_operating_revenue": 338203, 
        "long_term_average": 38826, 
        "date": "2013-09-30", 
        "operating_revenue": 45065, 
        "short_term_average": 41152
    }, 
    {
        "accumulated_operating_revenue_yoy": -15.381351691245904, 
        "accumulated_operating_revenue": 388909, 
        "long_term_average": 39422, 
        "date": "2013-10-31", 
        "operating_revenue": 50706, 
        "short_term_average": 46023
    }, 
    {
        "accumulated_operating_revenue_yoy": -14.015581257190087, 
        "accumulated_operating_revenue": 432757, 
        "long_term_average": 39434, 
        "date": "2013-11-30", 
        "operating_revenue": 43848, 
        "short_term_average": 46539
    }, 
    {
        "accumulated_operating_revenue_yoy": -11.871619596181397, 
        "accumulated_operating_revenue": 479206, 
        "long_term_average": 39933, 
        "date": "2013-12-31", 
        "operating_revenue": 46449, 
        "short_term_average": 47001
    }, 
    {
        "accumulated_operating_revenue_yoy": 57.822022098048784, 
        "accumulated_operating_revenue": 87274, 
        "long_term_average": 42598, 
        "date": "2014-01-31", 
        "operating_revenue": 87274, 
        "short_term_average": 59190
    }, 
    {
        "accumulated_operating_revenue_yoy": 69.09206933396652, 
        "accumulated_operating_revenue": 113941, 
        "long_term_average": 43813, 
        "date": "2014-02-28", 
        "operating_revenue": 26667, 
        "short_term_average": 53463
    }, 
    {
        "accumulated_operating_revenue_yoy": 75.70146717506631, 
        "accumulated_operating_revenue": 169573, 
        "long_term_average": 46022, 
        "date": "2014-03-31", 
        "operating_revenue": 55632, 
        "short_term_average": 56524
    }, 
    {
        "accumulated_operating_revenue_yoy": 44.85923935809103, 
        "accumulated_operating_revenue": 200575, 
        "long_term_average": 45109, 
        "date": "2014-04-30", 
        "operating_revenue": 31002, 
        "short_term_average": 37767
    }, 
    {
        "accumulated_operating_revenue_yoy": 37.782975573649146, 
        "accumulated_operating_revenue": 232681, 
        "long_term_average": 45251, 
        "date": "2014-05-31", 
        "operating_revenue": 32106, 
        "short_term_average": 39580
    }, 
    {
        "accumulated_operating_revenue_yoy": 27.053016368250717, 
        "accumulated_operating_revenue": 272840, 
        "long_term_average": 44775, 
        "date": "2014-06-30", 
        "operating_revenue": 40159, 
        "short_term_average": 34422
    }, 
    {
        "accumulated_operating_revenue_yoy": 21.53245096475841, 
        "accumulated_operating_revenue": 304852, 
        "long_term_average": 44434, 
        "date": "2014-07-31", 
        "operating_revenue": 32012, 
        "short_term_average": 34759
    }, 
    {
        "accumulated_operating_revenue_yoy": 15.569117616958566, 
        "accumulated_operating_revenue": 338777, 
        "long_term_average": 43737, 
        "date": "2014-08-31", 
        "operating_revenue": 33925, 
        "short_term_average": 35365
    }, 
    {
        "accumulated_operating_revenue_yoy": 11.521778340227614, 
        "accumulated_operating_revenue": 377170, 
        "long_term_average": 43181, 
        "date": "2014-09-30", 
        "operating_revenue": 38393, 
        "short_term_average": 34776
    }, 
    {
        "accumulated_operating_revenue_yoy": 7.758370209997711, 
        "accumulated_operating_revenue": 419082, 
        "long_term_average": 42448, 
        "date": "2014-10-31", 
        "operating_revenue": 41912, 
        "short_term_average": 38076
    }, 
    {
        "accumulated_operating_revenue_yoy": 6.69544340126214, 
        "accumulated_operating_revenue": 461732, 
        "long_term_average": 42348, 
        "date": "2014-11-30", 
        "operating_revenue": 42650, 
        "short_term_average": 40985
    }, 
    {
        "accumulated_operating_revenue_yoy": 6.663313898406948, 
        "accumulated_operating_revenue": 511137, 
        "long_term_average": 42594, 
        "date": "2014-12-31", 
        "operating_revenue": 49405, 
        "short_term_average": 44655
    }, 
    {
        "accumulated_operating_revenue_yoy": -22.29644567683388, 
        "accumulated_operating_revenue": 67815, 
        "long_term_average": 40973, 
        "date": "2015-01-31", 
        "operating_revenue": 67815, 
        "short_term_average": 53290
    }, 
    {
        "accumulated_operating_revenue_yoy": -16.961409852467504, 
        "accumulated_operating_revenue": 94615, 
        "long_term_average": 40984, 
        "date": "2015-02-28", 
        "operating_revenue": 26800, 
        "short_term_average": 48006
    }, 
    {
        "accumulated_operating_revenue_yoy": -26.444068336350718, 
        "accumulated_operating_revenue": 124731, 
        "long_term_average": 38857, 
        "date": "2015-03-31", 
        "operating_revenue": 30116, 
        "short_term_average": 41577
    }, 
    {
        "accumulated_operating_revenue_yoy": -17.759940172005486, 
        "accumulated_operating_revenue": 164953, 
        "long_term_average": 39626, 
        "date": "2015-04-30", 
        "operating_revenue": 40222, 
        "short_term_average": 32379
    }, 
    {
        "accumulated_operating_revenue_yoy": -17.80592313080999, 
        "accumulated_operating_revenue": 191250, 
        "long_term_average": 39142, 
        "date": "2015-05-31", 
        "operating_revenue": 26297, 
        "short_term_average": 32211
    }, 
    {
        "accumulated_operating_revenue_yoy": -14.432267995895028, 
        "accumulated_operating_revenue": 233463, 
        "long_term_average": 39313, 
        "date": "2015-06-30", 
        "operating_revenue": 42213, 
        "short_term_average": 36244
    }, 
    {
        "accumulated_operating_revenue_yoy": -11.721425478592892, 
        "accumulated_operating_revenue": 269119, 
        "long_term_average": 39617, 
        "date": "2015-07-31", 
        "operating_revenue": 35656, 
        "short_term_average": 34722
    }, 
    {
        "accumulated_operating_revenue_yoy": -6.613790192368431, 
        "accumulated_operating_revenue": 316371, 
        "long_term_average": 40727, 
        "date": "2015-08-31", 
        "operating_revenue": 47252, 
        "short_term_average": 41707
    }, 
    {
        "accumulated_operating_revenue_yoy": -4.711668478404963, 
        "accumulated_operating_revenue": 359399, 
        "long_term_average": 41113, 
        "date": "2015-09-30", 
        "operating_revenue": 43028, 
        "short_term_average": 41978
    }
]