[
    {
        "date": "2012-01-31", 
        "operating_revenue": 207175, 
        "accumulated_operating_revenue": 207175, 
        "long_term_average": 207175, 
        "short_term_average": 207175
    }, 
    {
        "date": "2012-02-29", 
        "operating_revenue": 221458, 
        "accumulated_operating_revenue": 428633, 
        "long_term_average": 214316, 
        "short_term_average": 214316
    }, 
    {
        "date": "2012-03-31", 
        "operating_revenue": 272664, 
        "accumulated_operating_revenue": 701297, 
        "long_term_average": 233765, 
        "short_term_average": 233765
    }, 
    {
        "date": "2012-04-30", 
        "operating_revenue": 241453, 
        "accumulated_operating_revenue": 942750, 
        "long_term_average": 235687, 
        "short_term_average": 245191
    }, 
    {
        "date": "2012-05-31", 
        "operating_revenue": 247232, 
        "accumulated_operating_revenue": 1189982, 
        "long_term_average": 237996, 
        "short_term_average": 253783
    }, 
    {
        "date": "2012-06-30", 
        "operating_revenue": 230171, 
        "accumulated_operating_revenue": 1420153, 
        "long_term_average": 236692, 
        "short_term_average": 239618
    }, 
    {
        "date": "2012-07-31", 
        "operating_revenue": 256933, 
        "accumulated_operating_revenue": 1677086, 
        "long_term_average": 239583, 
        "short_term_average": 244778
    }, 
    {
        "date": "2012-08-31", 
        "operating_revenue": 244334, 
        "accumulated_operating_revenue": 1921420, 
        "long_term_average": 240177, 
        "short_term_average": 243812
    }, 
    {
        "date": "2012-09-30", 
        "operating_revenue": 214156, 
        "accumulated_operating_revenue": 2135576, 
        "long_term_average": 237286, 
        "short_term_average": 238474
    }, 
    {
        "date": "2012-10-31", 
        "operating_revenue": 217207, 
        "accumulated_operating_revenue": 2352783, 
        "long_term_average": 235278, 
        "short_term_average": 225232
    }, 
    {
        "date": "2012-11-30", 
        "operating_revenue": 205322, 
        "accumulated_operating_revenue": 2558105, 
        "long_term_average": 232555, 
        "short_term_average": 212228
    }, 
    {
        "date": "2012-12-31", 
        "operating_revenue": 191074, 
        "accumulated_operating_revenue": 2749179, 
        "long_term_average": 229098, 
        "short_term_average": 204534
    }, 
    {
        "accumulated_operating_revenue_yoy": 10.986364184867865, 
        "accumulated_operating_revenue": 229936, 
        "long_term_average": 230995, 
        "date": "2013-01-31", 
        "operating_revenue": 229936, 
        "short_term_average": 208777
    }, 
    {
        "accumulated_operating_revenue_yoy": -10.541418882820501, 
        "accumulated_operating_revenue": 383449, 
        "long_term_average": 225332, 
        "date": "2013-02-28", 
        "operating_revenue": 153513, 
        "short_term_average": 191507
    }, 
    {
        "accumulated_operating_revenue_yoy": -8.677065494362589, 
        "accumulated_operating_revenue": 640445, 
        "long_term_average": 224027, 
        "date": "2013-03-31", 
        "operating_revenue": 256996, 
        "short_term_average": 213481
    }, 
    {
        "accumulated_operating_revenue_yoy": -6.4287456907981975, 
        "accumulated_operating_revenue": 882143, 
        "long_term_average": 224047, 
        "date": "2013-04-30", 
        "operating_revenue": 241698, 
        "short_term_average": 217402
    }, 
    {
        "accumulated_operating_revenue_yoy": -6.876238464111221, 
        "accumulated_operating_revenue": 1108156, 
        "long_term_average": 222279, 
        "date": "2013-05-31", 
        "operating_revenue": 226013, 
        "short_term_average": 241569
    }, 
    {
        "accumulated_operating_revenue_yoy": -3.5529974587245174, 
        "accumulated_operating_revenue": 1369695, 
        "long_term_average": 224893, 
        "date": "2013-06-30", 
        "operating_revenue": 261539, 
        "short_term_average": 243083
    }, 
    {
        "accumulated_operating_revenue_yoy": -2.7364130402376503, 
        "accumulated_operating_revenue": 1631194, 
        "long_term_average": 225273, 
        "date": "2013-07-31", 
        "operating_revenue": 261499, 
        "short_term_average": 249683
    }, 
    {
        "accumulated_operating_revenue_yoy": -3.505688501212645, 
        "accumulated_operating_revenue": 1854061, 
        "long_term_average": 223485, 
        "date": "2013-08-31", 
        "operating_revenue": 222867, 
        "short_term_average": 248635
    }, 
    {
        "accumulated_operating_revenue_yoy": -2.9223029290458404, 
        "accumulated_operating_revenue": 2073168, 
        "long_term_average": 223897, 
        "date": "2013-09-30", 
        "operating_revenue": 219107, 
        "short_term_average": 234491
    }, 
    {
        "accumulated_operating_revenue_yoy": -2.082342485473586, 
        "accumulated_operating_revenue": 2303790, 
        "long_term_average": 225015, 
        "date": "2013-10-31", 
        "operating_revenue": 230622, 
        "short_term_average": 224198
    }, 
    {
        "accumulated_operating_revenue_yoy": -1.4355157430988954, 
        "accumulated_operating_revenue": 2521383, 
        "long_term_average": 226038, 
        "date": "2013-11-30", 
        "operating_revenue": 217593, 
        "short_term_average": 222440
    }, 
    {
        "accumulated_operating_revenue_yoy": 1.2232379193933898, 
        "accumulated_operating_revenue": 2782808, 
        "long_term_average": 231900, 
        "date": "2013-12-31", 
        "operating_revenue": 261425, 
        "short_term_average": 236546
    }, 
    {
        "accumulated_operating_revenue_yoy": 12.814870224758193, 
        "accumulated_operating_revenue": 259402, 
        "long_term_average": 234356, 
        "date": "2014-01-31", 
        "operating_revenue": 259402, 
        "short_term_average": 246140
    }, 
    {
        "accumulated_operating_revenue_yoy": 21.370247412302547, 
        "accumulated_operating_revenue": 465393, 
        "long_term_average": 238729, 
        "date": "2014-02-28", 
        "operating_revenue": 205991, 
        "short_term_average": 242272
    }, 
    {
        "accumulated_operating_revenue_yoy": 13.86176798944484, 
        "accumulated_operating_revenue": 729222, 
        "long_term_average": 239298, 
        "date": "2014-03-31", 
        "operating_revenue": 263829, 
        "short_term_average": 243074
    }, 
    {
        "accumulated_operating_revenue_yoy": 15.289811289099386, 
        "accumulated_operating_revenue": 1017021, 
        "long_term_average": 243140, 
        "date": "2014-04-30", 
        "operating_revenue": 287799, 
        "short_term_average": 252539
    }, 
    {
        "accumulated_operating_revenue_yoy": 18.315291348871458, 
        "accumulated_operating_revenue": 1311118, 
        "long_term_average": 248814, 
        "date": "2014-05-31", 
        "operating_revenue": 294097, 
        "short_term_average": 281908
    }, 
    {
        "accumulated_operating_revenue_yoy": 16.439645322498805, 
        "accumulated_operating_revenue": 1594868, 
        "long_term_average": 250665, 
        "date": "2014-06-30", 
        "operating_revenue": 283750, 
        "short_term_average": 288548
    }, 
    {
        "accumulated_operating_revenue_yoy": 14.413858805267799, 
        "accumulated_operating_revenue": 1866312, 
        "long_term_average": 251493, 
        "date": "2014-07-31", 
        "operating_revenue": 271444, 
        "short_term_average": 283097
    }, 
    {
        "accumulated_operating_revenue_yoy": 12.534539046989284, 
        "accumulated_operating_revenue": 2086459, 
        "long_term_average": 251267, 
        "date": "2014-08-31", 
        "operating_revenue": 220147, 
        "short_term_average": 258447
    }, 
    {
        "accumulated_operating_revenue_yoy": 12.120001852237735, 
        "accumulated_operating_revenue": 2324436, 
        "long_term_average": 252839, 
        "date": "2014-09-30", 
        "operating_revenue": 237977, 
        "short_term_average": 243189
    }, 
    {
        "accumulated_operating_revenue_yoy": 10.988631776333781, 
        "accumulated_operating_revenue": 2556945, 
        "long_term_average": 252996, 
        "date": "2014-10-31", 
        "operating_revenue": 232509, 
        "short_term_average": 230211
    }, 
    {
        "accumulated_operating_revenue_yoy": 10.567256144742785, 
        "accumulated_operating_revenue": 2787824, 
        "long_term_average": 254104, 
        "date": "2014-11-30", 
        "operating_revenue": 230879, 
        "short_term_average": 233788
    }, 
    {
        "accumulated_operating_revenue_yoy": 9.956777470813654, 
        "accumulated_operating_revenue": 3059886, 
        "long_term_average": 254990, 
        "date": "2014-12-31", 
        "operating_revenue": 272062, 
        "short_term_average": 245150
    }, 
    {
        "accumulated_operating_revenue_yoy": 1.6164100508091688, 
        "accumulated_operating_revenue": 263595, 
        "long_term_average": 255339, 
        "date": "2015-01-31", 
        "operating_revenue": 263595, 
        "short_term_average": 255512
    }, 
    {
        "accumulated_operating_revenue_yoy": -4.214502581689024, 
        "accumulated_operating_revenue": 445779, 
        "long_term_average": 253356, 
        "date": "2015-02-28", 
        "operating_revenue": 182184, 
        "short_term_average": 239280
    }, 
    {
        "accumulated_operating_revenue_yoy": -3.240165546294544, 
        "accumulated_operating_revenue": 705594, 
        "long_term_average": 253021, 
        "date": "2015-03-31", 
        "operating_revenue": 259815, 
        "short_term_average": 235198
    }, 
    {
        "accumulated_operating_revenue_yoy": -5.470486843437845, 
        "accumulated_operating_revenue": 961385, 
        "long_term_average": 250354, 
        "date": "2015-04-30", 
        "operating_revenue": 255791, 
        "short_term_average": 232596
    }, 
    {
        "accumulated_operating_revenue_yoy": -6.911811141331291, 
        "accumulated_operating_revenue": 1220496, 
        "long_term_average": 247438, 
        "date": "2015-05-31", 
        "operating_revenue": 259111, 
        "short_term_average": 258239
    }, 
    {
        "accumulated_operating_revenue_yoy": -5.32608341254574, 
        "accumulated_operating_revenue": 1509924, 
        "long_term_average": 247911, 
        "date": "2015-06-30", 
        "operating_revenue": 289428, 
        "short_term_average": 268110
    }, 
    {
        "accumulated_operating_revenue_yoy": -5.100219041617907, 
        "accumulated_operating_revenue": 1771126, 
        "long_term_average": 247058, 
        "date": "2015-07-31", 
        "operating_revenue": 261202, 
        "short_term_average": 269913
    }, 
    {
        "accumulated_operating_revenue_yoy": -4.207559314609106, 
        "accumulated_operating_revenue": 1998670, 
        "long_term_average": 247674, 
        "date": "2015-08-31", 
        "operating_revenue": 227544, 
        "short_term_average": 259391
    }, 
    {
        "accumulated_operating_revenue_yoy": -3.7576857353783883, 
        "accumulated_operating_revenue": 2237091, 
        "long_term_average": 247711, 
        "date": "2015-09-30", 
        "operating_revenue": 238421, 
        "short_term_average": 242389
    }, 
    {
        "accumulated_operating_revenue_yoy": -3.7096613341311606, 
        "accumulated_operating_revenue": 2462091, 
        "long_term_average": 247086, 
        "date": "2015-10-31", 
        "operating_revenue": 225000, 
        "short_term_average": 230321
    }
]