[
    {
        "date": "2012-01-31", 
        "operating_revenue": 74444, 
        "accumulated_operating_revenue": 74444, 
        "long_term_average": 74444, 
        "short_term_average": 74444
    }, 
    {
        "date": "2012-02-29", 
        "operating_revenue": 86527, 
        "accumulated_operating_revenue": 160971, 
        "long_term_average": 80485, 
        "short_term_average": 80485
    }, 
    {
        "date": "2012-03-31", 
        "operating_revenue": 163371, 
        "accumulated_operating_revenue": 324342, 
        "long_term_average": 108114, 
        "short_term_average": 108114
    }, 
    {
        "date": "2012-04-30", 
        "operating_revenue": 72653, 
        "accumulated_operating_revenue": 396995, 
        "long_term_average": 99248, 
        "short_term_average": 107517
    }, 
    {
        "date": "2012-05-31", 
        "operating_revenue": 68394, 
        "accumulated_operating_revenue": 465389, 
        "long_term_average": 93077, 
        "short_term_average": 101472
    }, 
    {
        "date": "2012-06-30", 
        "operating_revenue": 160184, 
        "accumulated_operating_revenue": 625573, 
        "long_term_average": 104262, 
        "short_term_average": 100410
    }, 
    {
        "date": "2012-07-31", 
        "operating_revenue": 69241, 
        "accumulated_operating_revenue": 694814, 
        "long_term_average": 99259, 
        "short_term_average": 99273
    }, 
    {
        "date": "2012-08-31", 
        "operating_revenue": 75951, 
        "accumulated_operating_revenue": 770765, 
        "long_term_average": 96345, 
        "short_term_average": 101792
    }, 
    {
        "date": "2012-09-30", 
        "operating_revenue": 166385, 
        "accumulated_operating_revenue": 937150, 
        "long_term_average": 104127, 
        "short_term_average": 103859
    }, 
    {
        "date": "2012-10-31", 
        "operating_revenue": 61686, 
        "accumulated_operating_revenue": 998836, 
        "long_term_average": 99883, 
        "short_term_average": 101340
    }, 
    {
        "date": "2012-11-30", 
        "operating_revenue": 57057, 
        "accumulated_operating_revenue": 1055893, 
        "long_term_average": 95990, 
        "short_term_average": 95042
    }, 
    {
        "date": "2012-12-31", 
        "operating_revenue": 197228, 
        "accumulated_operating_revenue": 1253121, 
        "long_term_average": 104426, 
        "short_term_average": 105323
    }, 
    {
        "accumulated_operating_revenue_yoy": -24.884476922250283, 
        "accumulated_operating_revenue": 55919, 
        "long_term_average": 102883, 
        "date": "2013-01-31", 
        "operating_revenue": 55919, 
        "short_term_average": 103401
    }, 
    {
        "accumulated_operating_revenue_yoy": -31.87033689298072, 
        "accumulated_operating_revenue": 109669, 
        "long_term_average": 100151, 
        "date": "2013-02-28", 
        "operating_revenue": 53750, 
        "short_term_average": 102299
    }, 
    {
        "accumulated_operating_revenue_yoy": -7.597535934291582, 
        "accumulated_operating_revenue": 299700, 
        "long_term_average": 102373, 
        "date": "2013-03-31", 
        "operating_revenue": 190031, 
        "short_term_average": 99900
    }, 
    {
        "accumulated_operating_revenue_yoy": -9.574931674202446, 
        "accumulated_operating_revenue": 358983, 
        "long_term_average": 101259, 
        "date": "2013-04-30", 
        "operating_revenue": 59283, 
        "short_term_average": 101021
    }, 
    {
        "accumulated_operating_revenue_yoy": -10.86832735625466, 
        "accumulated_operating_revenue": 414809, 
        "long_term_average": 100211, 
        "date": "2013-05-31", 
        "operating_revenue": 55826, 
        "short_term_average": 101713
    }, 
    {
        "accumulated_operating_revenue_yoy": -12.08619937241537, 
        "accumulated_operating_revenue": 549965, 
        "long_term_average": 98126, 
        "date": "2013-06-30", 
        "operating_revenue": 135156, 
        "short_term_average": 83421
    }, 
    {
        "accumulated_operating_revenue_yoy": -10.940481913145101, 
        "accumulated_operating_revenue": 618798, 
        "long_term_average": 98092, 
        "date": "2013-07-31", 
        "operating_revenue": 68833, 
        "short_term_average": 86605
    }, 
    {
        "accumulated_operating_revenue_yoy": -8.312780159970938, 
        "accumulated_operating_revenue": 706693, 
        "long_term_average": 99087, 
        "date": "2013-08-31", 
        "operating_revenue": 87895, 
        "short_term_average": 97294
    }, 
    {
        "accumulated_operating_revenue_yoy": -15.898735527930427, 
        "accumulated_operating_revenue": 788155, 
        "long_term_average": 92010, 
        "date": "2013-09-30", 
        "operating_revenue": 81462, 
        "short_term_average": 79396
    }, 
    {
        "accumulated_operating_revenue_yoy": -11.018725796827507, 
        "accumulated_operating_revenue": 888777, 
        "long_term_average": 95255, 
        "date": "2013-10-31", 
        "operating_revenue": 100622, 
        "short_term_average": 89993
    }, 
    {
        "accumulated_operating_revenue_yoy": -9.392713087405637, 
        "accumulated_operating_revenue": 956716, 
        "long_term_average": 96162, 
        "date": "2013-11-30", 
        "operating_revenue": 67939, 
        "short_term_average": 83341
    }, 
    {
        "accumulated_operating_revenue_yoy": -15.058162779172962, 
        "accumulated_operating_revenue": 1064424, 
        "long_term_average": 88702, 
        "date": "2013-12-31", 
        "operating_revenue": 107708, 
        "short_term_average": 92089
    }, 
    {
        "accumulated_operating_revenue_yoy": 51.70156833992024, 
        "accumulated_operating_revenue": 84830, 
        "long_term_average": 91111, 
        "date": "2014-01-31", 
        "operating_revenue": 84830, 
        "short_term_average": 86825
    }, 
    {
        "accumulated_operating_revenue_yoy": 92.6150507436012, 
        "accumulated_operating_revenue": 211239, 
        "long_term_average": 97166, 
        "date": "2014-02-28", 
        "operating_revenue": 126409, 
        "short_term_average": 106315
    }, 
    {
        "accumulated_operating_revenue_yoy": 16.169836503169837, 
        "accumulated_operating_revenue": 348161, 
        "long_term_average": 92740, 
        "date": "2014-03-31", 
        "operating_revenue": 136922, 
        "short_term_average": 116053
    }, 
    {
        "accumulated_operating_revenue_yoy": 26.109035803923863, 
        "accumulated_operating_revenue": 452710, 
        "long_term_average": 96512, 
        "date": "2014-04-30", 
        "operating_revenue": 104549, 
        "short_term_average": 122626
    }, 
    {
        "accumulated_operating_revenue_yoy": 32.77170938914055, 
        "accumulated_operating_revenue": 550749, 
        "long_term_average": 100030, 
        "date": "2014-05-31", 
        "operating_revenue": 98039, 
        "short_term_average": 113170
    }, 
    {
        "accumulated_operating_revenue_yoy": 24.154628021783203, 
        "accumulated_operating_revenue": 682807, 
        "long_term_average": 99772, 
        "date": "2014-06-30", 
        "operating_revenue": 132058, 
        "short_term_average": 111548
    }, 
    {
        "accumulated_operating_revenue_yoy": 26.61627865636282, 
        "accumulated_operating_revenue": 783499, 
        "long_term_average": 102427, 
        "date": "2014-07-31", 
        "operating_revenue": 100692, 
        "short_term_average": 110263
    }, 
    {
        "accumulated_operating_revenue_yoy": 25.259624759266046, 
        "accumulated_operating_revenue": 885201, 
        "long_term_average": 103577, 
        "date": "2014-08-31", 
        "operating_revenue": 101702, 
        "short_term_average": 111484
    }, 
    {
        "accumulated_operating_revenue_yoy": 30.764380102898542, 
        "accumulated_operating_revenue": 1030626, 
        "long_term_average": 108907, 
        "date": "2014-09-30", 
        "operating_revenue": 145425, 
        "short_term_average": 115939
    }, 
    {
        "accumulated_operating_revenue_yoy": 28.24870580584331, 
        "accumulated_operating_revenue": 1139845, 
        "long_term_average": 109624, 
        "date": "2014-10-31", 
        "operating_revenue": 109219, 
        "short_term_average": 118782
    }, 
    {
        "accumulated_operating_revenue_yoy": 28.27129472069036, 
        "accumulated_operating_revenue": 1227192, 
        "long_term_average": 111241, 
        "date": "2014-11-30", 
        "operating_revenue": 87347, 
        "short_term_average": 113997
    }, 
    {
        "accumulated_operating_revenue_yoy": 29.322055872471868, 
        "accumulated_operating_revenue": 1376535, 
        "long_term_average": 114711, 
        "date": "2014-12-31", 
        "operating_revenue": 149343, 
        "short_term_average": 115303
    }, 
    {
        "accumulated_operating_revenue_yoy": 28.020747377107156, 
        "accumulated_operating_revenue": 108600, 
        "long_term_average": 116692, 
        "date": "2015-01-31", 
        "operating_revenue": 108600, 
        "short_term_average": 115096
    }, 
    {
        "accumulated_operating_revenue_yoy": 0.4492541623469151, 
        "accumulated_operating_revenue": 212188, 
        "long_term_average": 114790, 
        "date": "2015-02-28", 
        "operating_revenue": 103588, 
        "short_term_average": 120510
    }, 
    {
        "accumulated_operating_revenue_yoy": 1.9743739247072476, 
        "accumulated_operating_revenue": 355035, 
        "long_term_average": 115284, 
        "date": "2015-03-31", 
        "operating_revenue": 142847, 
        "short_term_average": 118345
    }, 
    {
        "accumulated_operating_revenue_yoy": 7.473879525524066, 
        "accumulated_operating_revenue": 486545, 
        "long_term_average": 117530, 
        "date": "2015-04-30", 
        "operating_revenue": 131510, 
        "short_term_average": 125981
    }, 
    {
        "accumulated_operating_revenue_yoy": 8.726661328481757, 
        "accumulated_operating_revenue": 598811, 
        "long_term_average": 118716, 
        "date": "2015-05-31", 
        "operating_revenue": 112266, 
        "short_term_average": 128874
    }, 
    {
        "accumulated_operating_revenue_yoy": 6.257112185434536, 
        "accumulated_operating_revenue": 725531, 
        "long_term_average": 118271, 
        "date": "2015-06-30", 
        "operating_revenue": 126720, 
        "short_term_average": 123498
    }, 
    {
        "accumulated_operating_revenue_yoy": 10.54321703027062, 
        "accumulated_operating_revenue": 866105, 
        "long_term_average": 121595, 
        "date": "2015-07-31", 
        "operating_revenue": 140574, 
        "short_term_average": 126520
    }, 
    {
        "accumulated_operating_revenue_yoy": 10.177462519811884, 
        "accumulated_operating_revenue": 975292, 
        "long_term_average": 122218, 
        "date": "2015-08-31", 
        "operating_revenue": 109187, 
        "short_term_average": 125493
    }, 
    {
        "accumulated_operating_revenue_yoy": 6.677980179036819, 
        "accumulated_operating_revenue": 1099451, 
        "long_term_average": 120446, 
        "date": "2015-09-30", 
        "operating_revenue": 124159, 
        "short_term_average": 124640
    }
]