[
    {
        "date": "2011-09-30", 
        "operating_revenue": 1583907, 
        "accumulated_operating_revenue": 1583907, 
        "long_term_average": 1583907, 
        "short_term_average": 1583907
    }, 
    {
        "date": "2011-10-31", 
        "operating_revenue": 1449283, 
        "accumulated_operating_revenue": 3033190, 
        "long_term_average": 1516595, 
        "short_term_average": 1516595
    }, 
    {
        "date": "2011-11-30", 
        "operating_revenue": 1372476, 
        "accumulated_operating_revenue": 4405666, 
        "long_term_average": 1468555, 
        "short_term_average": 1468555
    }, 
    {
        "date": "2011-12-31", 
        "operating_revenue": 1424323, 
        "accumulated_operating_revenue": 5829989, 
        "long_term_average": 1457497, 
        "short_term_average": 1415360
    }, 
    {
        "date": "2012-01-31", 
        "operating_revenue": 1008088, 
        "accumulated_operating_revenue": 1008088, 
        "long_term_average": 1367615, 
        "short_term_average": 1268295
    }, 
    {
        "date": "2012-02-29", 
        "operating_revenue": 1282347, 
        "accumulated_operating_revenue": 2290435, 
        "long_term_average": 1353404, 
        "short_term_average": 1238252
    }, 
    {
        "date": "2012-03-31", 
        "operating_revenue": 1404935, 
        "accumulated_operating_revenue": 3695370, 
        "long_term_average": 1360765, 
        "short_term_average": 1231790
    }, 
    {
        "date": "2012-04-30", 
        "operating_revenue": 1212941, 
        "accumulated_operating_revenue": 4908311, 
        "long_term_average": 1342287, 
        "short_term_average": 1300074
    }, 
    {
        "date": "2012-05-31", 
        "operating_revenue": 1474322, 
        "accumulated_operating_revenue": 6382633, 
        "long_term_average": 1356958, 
        "short_term_average": 1364066
    }, 
    {
        "date": "2012-06-30", 
        "operating_revenue": 1510393, 
        "accumulated_operating_revenue": 7893026, 
        "long_term_average": 1372301, 
        "short_term_average": 1399218
    }, 
    {
        "date": "2012-07-31", 
        "operating_revenue": 1335936, 
        "accumulated_operating_revenue": 9228962, 
        "long_term_average": 1368995, 
        "short_term_average": 1440217
    }, 
    {
        "date": "2012-08-31", 
        "operating_revenue": 1362974, 
        "accumulated_operating_revenue": 10591936, 
        "long_term_average": 1368493, 
        "short_term_average": 1403101
    }, 
    {
        "accumulated_operating_revenue_yoy": 659.3353650182745, 
        "accumulated_operating_revenue": 12027166, 
        "long_term_average": 1356104, 
        "date": "2012-09-30", 
        "operating_revenue": 1435230, 
        "short_term_average": 1378046
    }, 
    {
        "accumulated_operating_revenue_yoy": 344.2170783894184, 
        "accumulated_operating_revenue": 13473948, 
        "long_term_average": 1355895, 
        "date": "2012-10-31", 
        "operating_revenue": 1446782, 
        "short_term_average": 1414995
    }, 
    {
        "accumulated_operating_revenue_yoy": 237.78348154399356, 
        "accumulated_operating_revenue": 14881612, 
        "long_term_average": 1358827, 
        "date": "2012-11-30", 
        "operating_revenue": 1407664, 
        "short_term_average": 1429892
    }, 
    {
        "accumulated_operating_revenue_yoy": 182.0617500307462, 
        "accumulated_operating_revenue": 16444169, 
        "long_term_average": 1370347, 
        "date": "2012-12-31", 
        "operating_revenue": 1562557, 
        "short_term_average": 1472334
    }, 
    {
        "accumulated_operating_revenue_yoy": 37.74551428049932, 
        "accumulated_operating_revenue": 1388596, 
        "long_term_average": 1402056, 
        "date": "2013-01-31", 
        "operating_revenue": 1388596, 
        "short_term_average": 1452939
    }, 
    {
        "accumulated_operating_revenue_yoy": -2.4556034115790233, 
        "accumulated_operating_revenue": 2234191, 
        "long_term_average": 1365660, 
        "date": "2013-02-28", 
        "operating_revenue": 845595, 
        "short_term_average": 1265582
    }, 
    {
        "accumulated_operating_revenue_yoy": -2.0647188238254897, 
        "accumulated_operating_revenue": 3619071, 
        "long_term_average": 1363989, 
        "date": "2013-03-31", 
        "operating_revenue": 1384880, 
        "short_term_average": 1206357
    }, 
    {
        "accumulated_operating_revenue_yoy": -3.928805652290574, 
        "accumulated_operating_revenue": 4715473, 
        "long_term_average": 1354277, 
        "date": "2013-04-30", 
        "operating_revenue": 1096402, 
        "short_term_average": 1108959
    }, 
    {
        "accumulated_operating_revenue_yoy": -5.540644433104645, 
        "accumulated_operating_revenue": 6028994, 
        "long_term_average": 1340877, 
        "date": "2013-05-31", 
        "operating_revenue": 1313521, 
        "short_term_average": 1264934
    }, 
    {
        "accumulated_operating_revenue_yoy": -7.0127730480046555, 
        "accumulated_operating_revenue": 7339506, 
        "long_term_average": 1324220, 
        "date": "2013-06-30", 
        "operating_revenue": 1310512, 
        "short_term_average": 1240145
    }, 
    {
        "accumulated_operating_revenue_yoy": -7.31593650510209, 
        "accumulated_operating_revenue": 8553777, 
        "long_term_average": 1314082, 
        "date": "2013-07-31", 
        "operating_revenue": 1214271, 
        "short_term_average": 1279434
    }, 
    {
        "accumulated_operating_revenue_yoy": -7.312430890821092, 
        "accumulated_operating_revenue": 9817408, 
        "long_term_average": 1305803, 
        "date": "2013-08-31", 
        "operating_revenue": 1263631, 
        "short_term_average": 1262804
    }, 
    {
        "accumulated_operating_revenue_yoy": -8.039117444624944, 
        "accumulated_operating_revenue": 11060288, 
        "long_term_average": 1289774, 
        "date": "2013-09-30", 
        "operating_revenue": 1242880, 
        "short_term_average": 1240260
    }, 
    {
        "accumulated_operating_revenue_yoy": -8.347894766997765, 
        "accumulated_operating_revenue": 12349157, 
        "long_term_average": 1276614, 
        "date": "2013-10-31", 
        "operating_revenue": 1288869, 
        "short_term_average": 1265126
    }, 
    {
        "accumulated_operating_revenue_yoy": -8.185954586102634, 
        "accumulated_operating_revenue": 13663410, 
        "long_term_average": 1268830, 
        "date": "2013-11-30", 
        "operating_revenue": 1314253, 
        "short_term_average": 1282000
    }, 
    {
        "accumulated_operating_revenue_yoy": -8.226861448577912, 
        "accumulated_operating_revenue": 15091330, 
        "long_term_average": 1257610, 
        "date": "2013-12-31", 
        "operating_revenue": 1427920, 
        "short_term_average": 1343680
    }, 
    {
        "accumulated_operating_revenue_yoy": -20.958147654177314, 
        "accumulated_operating_revenue": 1097572, 
        "long_term_average": 1233358, 
        "date": "2014-01-31", 
        "operating_revenue": 1097572, 
        "short_term_average": 1279915
    }, 
    {
        "accumulated_operating_revenue_yoy": -1.4306744588980977, 
        "accumulated_operating_revenue": 2202227, 
        "long_term_average": 1254947, 
        "date": "2014-02-28", 
        "operating_revenue": 1104655, 
        "short_term_average": 1210049
    }, 
    {
        "accumulated_operating_revenue_yoy": -4.524558926862722, 
        "accumulated_operating_revenue": 3455324, 
        "long_term_average": 1243965, 
        "date": "2014-03-31", 
        "operating_revenue": 1253097, 
        "short_term_average": 1151774
    }, 
    {
        "accumulated_operating_revenue_yoy": 0.12081502746384085, 
        "accumulated_operating_revenue": 4721170, 
        "long_term_average": 1258085, 
        "date": "2014-04-30", 
        "operating_revenue": 1265846, 
        "short_term_average": 1207866
    }, 
    {
        "accumulated_operating_revenue_yoy": -0.43370419675322286, 
        "accumulated_operating_revenue": 6002846, 
        "long_term_average": 1255431, 
        "date": "2014-05-31", 
        "operating_revenue": 1281676, 
        "short_term_average": 1266873
    }, 
    {
        "accumulated_operating_revenue_yoy": 0.34958756079768855, 
        "accumulated_operating_revenue": 7365164, 
        "long_term_average": 1259749, 
        "date": "2014-06-30", 
        "operating_revenue": 1362318, 
        "short_term_average": 1303280
    }, 
    {
        "accumulated_operating_revenue_yoy": -0.19003301114817467, 
        "accumulated_operating_revenue": 8537522, 
        "long_term_average": 1256256, 
        "date": "2014-07-31", 
        "operating_revenue": 1172358, 
        "short_term_average": 1272117
    }, 
    {
        "accumulated_operating_revenue_yoy": 1.19983808353488, 
        "accumulated_operating_revenue": 9935201, 
        "long_term_average": 1267426, 
        "date": "2014-08-31", 
        "operating_revenue": 1397679, 
        "short_term_average": 1310785
    }, 
    {
        "accumulated_operating_revenue_yoy": 3.634652189888726, 
        "accumulated_operating_revenue": 11462291, 
        "long_term_average": 1291111, 
        "date": "2014-09-30", 
        "operating_revenue": 1527090, 
        "short_term_average": 1365709
    }, 
    {
        "accumulated_operating_revenue_yoy": 5.249022261195643, 
        "accumulated_operating_revenue": 12997367, 
        "long_term_average": 1311628, 
        "date": "2014-10-31", 
        "operating_revenue": 1535076, 
        "short_term_average": 1486615
    }, 
    {
        "accumulated_operating_revenue_yoy": 6.309362011386615, 
        "accumulated_operating_revenue": 14525484, 
        "long_term_average": 1329450, 
        "date": "2014-11-30", 
        "operating_revenue": 1528117, 
        "short_term_average": 1530094
    }, 
    {
        "accumulated_operating_revenue_yoy": 7.8878004788179705, 
        "accumulated_operating_revenue": 16281704, 
        "long_term_average": 1356808, 
        "date": "2014-12-31", 
        "operating_revenue": 1756220, 
        "short_term_average": 1606471
    }, 
    {
        "accumulated_operating_revenue_yoy": 30.276738109208324, 
        "accumulated_operating_revenue": 1429881, 
        "long_term_average": 1384501, 
        "date": "2015-01-31", 
        "operating_revenue": 1429881, 
        "short_term_average": 1571406
    }, 
    {
        "accumulated_operating_revenue_yoy": 18.023845861484762, 
        "accumulated_operating_revenue": 2599153, 
        "long_term_average": 1389885, 
        "date": "2015-02-28", 
        "operating_revenue": 1169272, 
        "short_term_average": 1451791
    }, 
    {
        "accumulated_operating_revenue_yoy": 22.546597656254523, 
        "accumulated_operating_revenue": 4234382, 
        "long_term_average": 1421730, 
        "date": "2015-03-31", 
        "operating_revenue": 1635229, 
        "short_term_average": 1411460
    }, 
    {
        "accumulated_operating_revenue_yoy": 20.659942344800122, 
        "accumulated_operating_revenue": 5696561, 
        "long_term_average": 1438091, 
        "date": "2015-04-30", 
        "operating_revenue": 1462179, 
        "short_term_average": 1422226
    }, 
    {
        "accumulated_operating_revenue_yoy": 18.308415708149102, 
        "accumulated_operating_revenue": 7101872, 
        "long_term_average": 1448394, 
        "date": "2015-05-31", 
        "operating_revenue": 1405311, 
        "short_term_average": 1500906
    }, 
    {
        "accumulated_operating_revenue_yoy": 17.660041242801924, 
        "accumulated_operating_revenue": 8665855, 
        "long_term_average": 1465199, 
        "date": "2015-06-30", 
        "operating_revenue": 1563983, 
        "short_term_average": 1477157
    }, 
    {
        "accumulated_operating_revenue_yoy": 19.052085605167402, 
        "accumulated_operating_revenue": 10164098, 
        "long_term_average": 1492356, 
        "date": "2015-07-31", 
        "operating_revenue": 1498243, 
        "short_term_average": 1489179
    }, 
    {
        "accumulated_operating_revenue_yoy": 17.670684266981613, 
        "accumulated_operating_revenue": 11690819, 
        "long_term_average": 1503110, 
        "date": "2015-08-31", 
        "operating_revenue": 1526721, 
        "short_term_average": 1529649
    }
]