[
    {
        "date": "2012-01-31", 
        "operating_revenue": 386253, 
        "accumulated_operating_revenue": 386253, 
        "long_term_average": 386253, 
        "short_term_average": 386253
    }, 
    {
        "date": "2012-02-29", 
        "operating_revenue": 416432, 
        "accumulated_operating_revenue": 802685, 
        "long_term_average": 401342, 
        "short_term_average": 401342
    }, 
    {
        "date": "2012-03-31", 
        "operating_revenue": 541875, 
        "accumulated_operating_revenue": 1344560, 
        "long_term_average": 448186, 
        "short_term_average": 448186
    }, 
    {
        "date": "2012-04-30", 
        "operating_revenue": 433492, 
        "accumulated_operating_revenue": 1778052, 
        "long_term_average": 444513, 
        "short_term_average": 463933
    }, 
    {
        "date": "2012-05-31", 
        "operating_revenue": 428261, 
        "accumulated_operating_revenue": 2206313, 
        "long_term_average": 441262, 
        "short_term_average": 467876
    }, 
    {
        "date": "2012-06-30", 
        "operating_revenue": 387085, 
        "accumulated_operating_revenue": 2593398, 
        "long_term_average": 432233, 
        "short_term_average": 416279
    }, 
    {
        "date": "2012-07-31", 
        "operating_revenue": 489559, 
        "accumulated_operating_revenue": 3082957, 
        "long_term_average": 440422, 
        "short_term_average": 434968
    }, 
    {
        "date": "2012-08-31", 
        "operating_revenue": 503463, 
        "accumulated_operating_revenue": 3586420, 
        "long_term_average": 448302, 
        "short_term_average": 460035
    }, 
    {
        "date": "2012-09-30", 
        "operating_revenue": 438667, 
        "accumulated_operating_revenue": 4025087, 
        "long_term_average": 447231, 
        "short_term_average": 477229
    }, 
    {
        "date": "2012-10-31", 
        "operating_revenue": 406019, 
        "accumulated_operating_revenue": 4431106, 
        "long_term_average": 443110, 
        "short_term_average": 449383
    }, 
    {
        "date": "2012-11-30", 
        "operating_revenue": 467063, 
        "accumulated_operating_revenue": 4898169, 
        "long_term_average": 445288, 
        "short_term_average": 437249
    }, 
    {
        "date": "2012-12-31", 
        "operating_revenue": 409030, 
        "accumulated_operating_revenue": 5307199, 
        "long_term_average": 442266, 
        "short_term_average": 427370
    }, 
    {
        "accumulated_operating_revenue_yoy": 39.018208272816004, 
        "accumulated_operating_revenue": 536962, 
        "long_term_average": 454825, 
        "date": "2013-01-31", 
        "operating_revenue": 536962, 
        "short_term_average": 471018
    }, 
    {
        "accumulated_operating_revenue_yoy": 20.444508119623514, 
        "accumulated_operating_revenue": 966790, 
        "long_term_average": 455942, 
        "date": "2013-02-28", 
        "operating_revenue": 429828, 
        "short_term_average": 458606
    }, 
    {
        "accumulated_operating_revenue_yoy": 12.784628428630928, 
        "accumulated_operating_revenue": 1516457, 
        "long_term_average": 456591, 
        "date": "2013-03-31", 
        "operating_revenue": 549667, 
        "short_term_average": 505485
    }, 
    {
        "accumulated_operating_revenue_yoy": 19.651168807211487, 
        "accumulated_operating_revenue": 2127460, 
        "long_term_average": 471383, 
        "date": "2013-04-30", 
        "operating_revenue": 611003, 
        "short_term_average": 530166
    }, 
    {
        "accumulated_operating_revenue_yoy": 20.06809550594136, 
        "accumulated_operating_revenue": 2649078, 
        "long_term_average": 479163, 
        "date": "2013-05-31", 
        "operating_revenue": 521618, 
        "short_term_average": 560762
    }, 
    {
        "accumulated_operating_revenue_yoy": 21.869184752976597, 
        "accumulated_operating_revenue": 3160553, 
        "long_term_average": 489529, 
        "date": "2013-06-30", 
        "operating_revenue": 511475, 
        "short_term_average": 548032
    }, 
    {
        "accumulated_operating_revenue_yoy": 21.012878220487668, 
        "accumulated_operating_revenue": 3730775, 
        "long_term_average": 496251, 
        "date": "2013-07-31", 
        "operating_revenue": 570222, 
        "short_term_average": 534438
    }, 
    {
        "accumulated_operating_revenue_yoy": 19.770913613017996, 
        "accumulated_operating_revenue": 4295488, 
        "long_term_average": 501355, 
        "date": "2013-08-31", 
        "operating_revenue": 564713, 
        "short_term_average": 548803
    }, 
    {
        "accumulated_operating_revenue_yoy": 22.343045007474373, 
        "accumulated_operating_revenue": 4924414, 
        "long_term_average": 517210, 
        "date": "2013-09-30", 
        "operating_revenue": 628926, 
        "short_term_average": 587953
    }, 
    {
        "accumulated_operating_revenue_yoy": 26.318937078011672, 
        "accumulated_operating_revenue": 5597326, 
        "long_term_average": 539451, 
        "date": "2013-10-31", 
        "operating_revenue": 672912, 
        "short_term_average": 622183
    }, 
    {
        "accumulated_operating_revenue_yoy": 26.40719419848519, 
        "accumulated_operating_revenue": 6191638, 
        "long_term_average": 550055, 
        "date": "2013-11-30", 
        "operating_revenue": 594312, 
        "short_term_average": 632050
    }, 
    {
        "accumulated_operating_revenue_yoy": 28.20894788380839, 
        "accumulated_operating_revenue": 6804304, 
        "long_term_average": 567025, 
        "date": "2013-12-31", 
        "operating_revenue": 612666, 
        "short_term_average": 626630
    }, 
    {
        "accumulated_operating_revenue_yoy": 18.176146542958346, 
        "accumulated_operating_revenue": 634561, 
        "long_term_average": 575158, 
        "date": "2014-01-31", 
        "operating_revenue": 634561, 
        "short_term_average": 613846
    }, 
    {
        "accumulated_operating_revenue_yoy": 33.57916403769175, 
        "accumulated_operating_revenue": 1291430, 
        "long_term_average": 594078, 
        "date": "2014-02-28", 
        "operating_revenue": 656869, 
        "short_term_average": 634698
    }, 
    {
        "accumulated_operating_revenue_yoy": 33.23298979133599, 
        "accumulated_operating_revenue": 2020421, 
        "long_term_average": 609022, 
        "date": "2014-03-31", 
        "operating_revenue": 728991, 
        "short_term_average": 673473
    }, 
    {
        "accumulated_operating_revenue_yoy": 35.883494871818975, 
        "accumulated_operating_revenue": 2890867, 
        "long_term_average": 630642, 
        "date": "2014-04-30", 
        "operating_revenue": 870446, 
        "short_term_average": 752102
    }, 
    {
        "accumulated_operating_revenue_yoy": 41.219737584170794, 
        "accumulated_operating_revenue": 3741021, 
        "long_term_average": 658020, 
        "date": "2014-05-31", 
        "operating_revenue": 850154, 
        "short_term_average": 816530
    }, 
    {
        "accumulated_operating_revenue_yoy": 40.2589040588783, 
        "accumulated_operating_revenue": 4432957, 
        "long_term_average": 673059, 
        "date": "2014-06-30", 
        "operating_revenue": 691936, 
        "short_term_average": 804178
    }, 
    {
        "accumulated_operating_revenue_yoy": 43.487452338991226, 
        "accumulated_operating_revenue": 5353194, 
        "long_term_average": 702226, 
        "date": "2014-07-31", 
        "operating_revenue": 920237, 
        "short_term_average": 820775
    }, 
    {
        "accumulated_operating_revenue_yoy": 46.28659188432141, 
        "accumulated_operating_revenue": 6283723, 
        "long_term_average": 732711, 
        "date": "2014-08-31", 
        "operating_revenue": 930529, 
        "short_term_average": 847567
    }, 
    {
        "accumulated_operating_revenue_yoy": 46.75498445094178, 
        "accumulated_operating_revenue": 7226823, 
        "long_term_average": 758892, 
        "date": "2014-09-30", 
        "operating_revenue": 943100, 
        "short_term_average": 931288
    }, 
    {
        "accumulated_operating_revenue_yoy": 44.97656559578627, 
        "accumulated_operating_revenue": 8114811, 
        "long_term_average": 776815, 
        "date": "2014-10-31", 
        "operating_revenue": 887988, 
        "short_term_average": 920539
    }, 
    {
        "accumulated_operating_revenue_yoy": 44.63205051716525, 
        "accumulated_operating_revenue": 8955093, 
        "long_term_average": 797313, 
        "date": "2014-11-30", 
        "operating_revenue": 840282, 
        "short_term_average": 890456
    }, 
    {
        "accumulated_operating_revenue_yoy": 43.94808050904251, 
        "accumulated_operating_revenue": 9794665, 
        "long_term_average": 816222, 
        "date": "2014-12-31", 
        "operating_revenue": 839572, 
        "short_term_average": 855947
    }, 
    {
        "accumulated_operating_revenue_yoy": 48.087417915692896, 
        "accumulated_operating_revenue": 939705, 
        "long_term_average": 841650, 
        "date": "2015-01-31", 
        "operating_revenue": 939705, 
        "short_term_average": 873186
    }, 
    {
        "accumulated_operating_revenue_yoy": 20.244070526470654, 
        "accumulated_operating_revenue": 1552868, 
        "long_term_average": 838008, 
        "date": "2015-02-28", 
        "operating_revenue": 613163, 
        "short_term_average": 797480
    }, 
    {
        "accumulated_operating_revenue_yoy": 14.181994742679867, 
        "accumulated_operating_revenue": 2306957, 
        "long_term_average": 840100, 
        "date": "2015-03-31", 
        "operating_revenue": 754089, 
        "short_term_average": 768985
    }, 
    {
        "accumulated_operating_revenue_yoy": 6.528837196591887, 
        "accumulated_operating_revenue": 3079607, 
        "long_term_average": 831950, 
        "date": "2015-04-30", 
        "operating_revenue": 772650, 
        "short_term_average": 713300
    }, 
    {
        "accumulated_operating_revenue_yoy": 1.5987881383183897, 
        "accumulated_operating_revenue": 3800832, 
        "long_term_average": 821206, 
        "date": "2015-05-31", 
        "operating_revenue": 721225, 
        "short_term_average": 749321
    }, 
    {
        "accumulated_operating_revenue_yoy": 2.0586258788433995, 
        "accumulated_operating_revenue": 4524215, 
        "long_term_average": 823826, 
        "date": "2015-06-30", 
        "operating_revenue": 723383, 
        "short_term_average": 739086
    }, 
    {
        "accumulated_operating_revenue_yoy": -1.2933400134573865, 
        "accumulated_operating_revenue": 5283959, 
        "long_term_average": 810452, 
        "date": "2015-07-31", 
        "operating_revenue": 759744, 
        "short_term_average": 734784
    }, 
    {
        "accumulated_operating_revenue_yoy": -3.01159042179294, 
        "accumulated_operating_revenue": 6094483, 
        "long_term_average": 800452, 
        "date": "2015-08-31", 
        "operating_revenue": 810524, 
        "short_term_average": 764550
    }, 
    {
        "accumulated_operating_revenue_yoy": -5.178554947312256, 
        "accumulated_operating_revenue": 6852578, 
        "long_term_average": 785035, 
        "date": "2015-09-30", 
        "operating_revenue": 758095, 
        "short_term_average": 776121
    }
]