[
    {
        "date": "2011-09-30", 
        "operating_revenue": 1542484, 
        "accumulated_operating_revenue": 1542484, 
        "long_term_average": 1542484, 
        "short_term_average": 1542484
    }, 
    {
        "date": "2011-10-31", 
        "operating_revenue": 1408850, 
        "accumulated_operating_revenue": 2951334, 
        "long_term_average": 1475667, 
        "short_term_average": 1475667
    }, 
    {
        "date": "2011-11-30", 
        "operating_revenue": 1295019, 
        "accumulated_operating_revenue": 4246353, 
        "long_term_average": 1415451, 
        "short_term_average": 1415451
    }, 
    {
        "date": "2011-12-31", 
        "operating_revenue": 1308454, 
        "accumulated_operating_revenue": 5554807, 
        "long_term_average": 1388701, 
        "short_term_average": 1337441
    }, 
    {
        "date": "2012-01-31", 
        "operating_revenue": 1098705, 
        "accumulated_operating_revenue": 1098705, 
        "long_term_average": 1330702, 
        "short_term_average": 1234059
    }, 
    {
        "date": "2012-02-29", 
        "operating_revenue": 1229763, 
        "accumulated_operating_revenue": 2328468, 
        "long_term_average": 1313879, 
        "short_term_average": 1212307
    }, 
    {
        "date": "2012-03-31", 
        "operating_revenue": 1311535, 
        "accumulated_operating_revenue": 3640003, 
        "long_term_average": 1313544, 
        "short_term_average": 1213334
    }, 
    {
        "date": "2012-04-30", 
        "operating_revenue": 1179160, 
        "accumulated_operating_revenue": 4819163, 
        "long_term_average": 1296746, 
        "short_term_average": 1240152
    }, 
    {
        "date": "2012-05-31", 
        "operating_revenue": 1179889, 
        "accumulated_operating_revenue": 5999052, 
        "long_term_average": 1283762, 
        "short_term_average": 1223528
    }, 
    {
        "date": "2012-06-30", 
        "operating_revenue": 977886, 
        "accumulated_operating_revenue": 6976938, 
        "long_term_average": 1253174, 
        "short_term_average": 1112311
    }, 
    {
        "date": "2012-07-31", 
        "operating_revenue": 1178730, 
        "accumulated_operating_revenue": 8155668, 
        "long_term_average": 1246406, 
        "short_term_average": 1112168
    }, 
    {
        "date": "2012-08-31", 
        "operating_revenue": 1533612, 
        "accumulated_operating_revenue": 9689280, 
        "long_term_average": 1270340, 
        "short_term_average": 1230076
    }, 
    {
        "accumulated_operating_revenue_yoy": 644.7636409842825, 
        "accumulated_operating_revenue": 11487860, 
        "long_term_average": 1291681, 
        "date": "2012-09-30", 
        "operating_revenue": 1798580, 
        "short_term_average": 1503640
    }, 
    {
        "accumulated_operating_revenue_yoy": 371.0898529275236, 
        "accumulated_operating_revenue": 13903435, 
        "long_term_average": 1375575, 
        "date": "2012-10-31", 
        "operating_revenue": 2415575, 
        "short_term_average": 1915922
    }, 
    {
        "accumulated_operating_revenue_yoy": 298.28285590011006, 
        "accumulated_operating_revenue": 16912496, 
        "long_term_average": 1518412, 
        "date": "2012-11-30", 
        "operating_revenue": 3009061, 
        "short_term_average": 2407738
    }, 
    {
        "accumulated_operating_revenue_yoy": 261.3581533975888, 
        "accumulated_operating_revenue": 20072748, 
        "long_term_average": 1672729, 
        "date": "2012-12-31", 
        "operating_revenue": 3160252, 
        "short_term_average": 2861629
    }, 
    {
        "accumulated_operating_revenue_yoy": 104.30151860599524, 
        "accumulated_operating_revenue": 2244671, 
        "long_term_average": 1768226, 
        "date": "2013-01-31", 
        "operating_revenue": 2244671, 
        "short_term_average": 2804661
    }, 
    {
        "accumulated_operating_revenue_yoy": 49.252555757691326, 
        "accumulated_operating_revenue": 3475298, 
        "long_term_average": 1768298, 
        "date": "2013-02-28", 
        "operating_revenue": 1230627, 
        "short_term_average": 2211850
    }, 
    {
        "accumulated_operating_revenue_yoy": 40.0688406026039, 
        "accumulated_operating_revenue": 5098510, 
        "long_term_average": 1794271, 
        "date": "2013-03-31", 
        "operating_revenue": 1623212, 
        "short_term_average": 1699503
    }, 
    {
        "accumulated_operating_revenue_yoy": 45.43899013168885, 
        "accumulated_operating_revenue": 7008942, 
        "long_term_average": 1855210, 
        "date": "2013-04-30", 
        "operating_revenue": 1910432, 
        "short_term_average": 1588090
    }, 
    {
        "accumulated_operating_revenue_yoy": 49.53184269781292, 
        "accumulated_operating_revenue": 8970493, 
        "long_term_average": 1920349, 
        "date": "2013-05-31", 
        "operating_revenue": 1961551, 
        "short_term_average": 1831731
    }, 
    {
        "accumulated_operating_revenue_yoy": 56.829500276482314, 
        "accumulated_operating_revenue": 10941897, 
        "long_term_average": 2003142, 
        "date": "2013-06-30", 
        "operating_revenue": 1971404, 
        "short_term_average": 1947795
    }, 
    {
        "accumulated_operating_revenue_yoy": 59.92693670218062, 
        "accumulated_operating_revenue": 13043110, 
        "long_term_average": 2080015, 
        "date": "2013-07-31", 
        "operating_revenue": 2101213, 
        "short_term_average": 2011389
    }, 
    {
        "accumulated_operating_revenue_yoy": 59.44052602463754, 
        "accumulated_operating_revenue": 15448639, 
        "long_term_average": 2152675, 
        "date": "2013-08-31", 
        "operating_revenue": 2405529, 
        "short_term_average": 2159382
    }, 
    {
        "accumulated_operating_revenue_yoy": 57.57504879063637, 
        "accumulated_operating_revenue": 18102001, 
        "long_term_average": 2223907, 
        "date": "2013-09-30", 
        "operating_revenue": 2653362, 
        "short_term_average": 2386701
    }, 
    {
        "accumulated_operating_revenue_yoy": 51.225089339433026, 
        "accumulated_operating_revenue": 21025482, 
        "long_term_average": 2266232, 
        "date": "2013-10-31", 
        "operating_revenue": 2923481, 
        "short_term_average": 2660790
    }, 
    {
        "accumulated_operating_revenue_yoy": 43.132273320271594, 
        "accumulated_operating_revenue": 24207240, 
        "long_term_average": 2280624, 
        "date": "2013-11-30", 
        "operating_revenue": 3181758, 
        "short_term_average": 2919533
    }, 
    {
        "accumulated_operating_revenue_yoy": 36.50183821368155, 
        "accumulated_operating_revenue": 27399670, 
        "long_term_average": 2283305, 
        "date": "2013-12-31", 
        "operating_revenue": 3192430, 
        "short_term_average": 3099223
    }, 
    {
        "accumulated_operating_revenue_yoy": 8.143821522174074, 
        "accumulated_operating_revenue": 2427473, 
        "long_term_average": 2298539, 
        "date": "2014-01-31", 
        "operating_revenue": 2427473, 
        "short_term_average": 2933887
    }, 
    {
        "accumulated_operating_revenue_yoy": 15.911412488943395, 
        "accumulated_operating_revenue": 4028267, 
        "long_term_average": 2329386, 
        "date": "2014-02-28", 
        "operating_revenue": 1600794, 
        "short_term_average": 2406899
    }, 
    {
        "accumulated_operating_revenue_yoy": 34.60942510655074, 
        "accumulated_operating_revenue": 6863075, 
        "long_term_average": 2430352, 
        "date": "2014-03-31", 
        "operating_revenue": 2834808, 
        "short_term_average": 2287691
    }, 
    {
        "accumulated_operating_revenue_yoy": 43.77311154807673, 
        "accumulated_operating_revenue": 10076974, 
        "long_term_average": 2538975, 
        "date": "2014-04-30", 
        "operating_revenue": 3213899, 
        "short_term_average": 2549833
    }, 
    {
        "accumulated_operating_revenue_yoy": 50.15413311174759, 
        "accumulated_operating_revenue": 13469566, 
        "long_term_average": 2658228, 
        "date": "2014-05-31", 
        "operating_revenue": 3392592, 
        "short_term_average": 3147099
    }, 
    {
        "accumulated_operating_revenue_yoy": 54.27424513317938, 
        "accumulated_operating_revenue": 16880529, 
        "long_term_average": 2778191, 
        "date": "2014-06-30", 
        "operating_revenue": 3410963, 
        "short_term_average": 3339151
    }, 
    {
        "accumulated_operating_revenue_yoy": 56.36247796729461, 
        "accumulated_operating_revenue": 20394530, 
        "long_term_average": 2895924, 
        "date": "2014-07-31", 
        "operating_revenue": 3514001, 
        "short_term_average": 3439185
    }, 
    {
        "accumulated_operating_revenue_yoy": 57.66656855662172, 
        "accumulated_operating_revenue": 24357339, 
        "long_term_average": 3025697, 
        "date": "2014-08-31", 
        "operating_revenue": 3962809, 
        "short_term_average": 3629257
    }, 
    {
        "accumulated_operating_revenue_yoy": 60.09961550659509, 
        "accumulated_operating_revenue": 28981234, 
        "long_term_average": 3189908, 
        "date": "2014-09-30", 
        "operating_revenue": 4623895, 
        "short_term_average": 4033568
    }, 
    {
        "accumulated_operating_revenue_yoy": 63.77773408476438, 
        "accumulated_operating_revenue": 34435058, 
        "long_term_average": 3400770, 
        "date": "2014-10-31", 
        "operating_revenue": 5453824, 
        "short_term_average": 4680176
    }, 
    {
        "accumulated_operating_revenue_yoy": 65.4666661709472, 
        "accumulated_operating_revenue": 40054913, 
        "long_term_average": 3603945, 
        "date": "2014-11-30", 
        "operating_revenue": 5619855, 
        "short_term_average": 5232524
    }, 
    {
        "accumulated_operating_revenue_yoy": 67.18708655980163, 
        "accumulated_operating_revenue": 45808710, 
        "long_term_average": 3817392, 
        "date": "2014-12-31", 
        "operating_revenue": 5753797, 
        "short_term_average": 5609158
    }, 
    {
        "accumulated_operating_revenue_yoy": 66.16394909438745, 
        "accumulated_operating_revenue": 4033585, 
        "long_term_average": 3951235, 
        "date": "2015-01-31", 
        "operating_revenue": 4033585, 
        "short_term_average": 5135745
    }, 
    {
        "accumulated_operating_revenue_yoy": 65.08451401061548, 
        "accumulated_operating_revenue": 6650045, 
        "long_term_average": 4035874, 
        "date": "2015-02-28", 
        "operating_revenue": 2616460, 
        "short_term_average": 4134614
    }, 
    {
        "accumulated_operating_revenue_yoy": 54.083206143018984, 
        "accumulated_operating_revenue": 10574846, 
        "long_term_average": 4126706, 
        "date": "2015-03-31", 
        "operating_revenue": 3924801, 
        "short_term_average": 3524948
    }, 
    {
        "accumulated_operating_revenue_yoy": 47.35653778604569, 
        "accumulated_operating_revenue": 14849080, 
        "long_term_average": 4215068, 
        "date": "2015-04-30", 
        "operating_revenue": 4274234, 
        "short_term_average": 3605165
    }, 
    {
        "accumulated_operating_revenue_yoy": 43.047118221923405, 
        "accumulated_operating_revenue": 19267826, 
        "long_term_average": 4300580, 
        "date": "2015-05-31", 
        "operating_revenue": 4418746, 
        "short_term_average": 4205927
    }, 
    {
        "accumulated_operating_revenue_yoy": 44.39501866321843, 
        "accumulated_operating_revenue": 24374643, 
        "long_term_average": 4441902, 
        "date": "2015-06-30", 
        "operating_revenue": 5106817, 
        "short_term_average": 4599932
    }, 
    {
        "accumulated_operating_revenue_yoy": 45.281117044619315, 
        "accumulated_operating_revenue": 29629401, 
        "long_term_average": 4586965, 
        "date": "2015-07-31", 
        "operating_revenue": 5254758, 
        "short_term_average": 4926773
    }, 
    {
        "accumulated_operating_revenue_yoy": 43.42239109124359, 
        "accumulated_operating_revenue": 34933878, 
        "long_term_average": 4698770, 
        "date": "2015-08-31", 
        "operating_revenue": 5304477, 
        "short_term_average": 5222017
    }, 
    {
        "accumulated_operating_revenue_yoy": 39.571596571767785, 
        "accumulated_operating_revenue": 40449571, 
        "long_term_average": 4773087, 
        "date": "2015-09-30", 
        "operating_revenue": 5515693, 
        "short_term_average": 5358309
    }, 
    {
        "accumulated_operating_revenue_yoy": 34.21869653885874, 
        "accumulated_operating_revenue": 46218286, 
        "long_term_average": 4799328, 
        "date": "2015-10-31", 
        "operating_revenue": 5768715, 
        "short_term_average": 5529628
    }
]