[
    {
        "date": "2011-09-30", 
        "operating_revenue": 2426082, 
        "accumulated_operating_revenue": 2426082, 
        "long_term_average": 2426082, 
        "short_term_average": 2426082
    }, 
    {
        "date": "2011-10-31", 
        "operating_revenue": 2338567, 
        "accumulated_operating_revenue": 4764649, 
        "long_term_average": 2382324, 
        "short_term_average": 2382324
    }, 
    {
        "date": "2011-11-30", 
        "operating_revenue": 2262255, 
        "accumulated_operating_revenue": 7026904, 
        "long_term_average": 2342301, 
        "short_term_average": 2342301
    }, 
    {
        "date": "2011-12-31", 
        "operating_revenue": 2415662, 
        "accumulated_operating_revenue": 9442566, 
        "long_term_average": 2360641, 
        "short_term_average": 2338828
    }, 
    {
        "date": "2012-01-31", 
        "operating_revenue": 2219506, 
        "accumulated_operating_revenue": 2219506, 
        "long_term_average": 2332414, 
        "short_term_average": 2299141
    }, 
    {
        "date": "2012-02-29", 
        "operating_revenue": 2592145, 
        "accumulated_operating_revenue": 4811651, 
        "long_term_average": 2375702, 
        "short_term_average": 2409104
    }, 
    {
        "date": "2012-03-31", 
        "operating_revenue": 2920532, 
        "accumulated_operating_revenue": 7732183, 
        "long_term_average": 2453535, 
        "short_term_average": 2577394
    }, 
    {
        "date": "2012-04-30", 
        "operating_revenue": 2771238, 
        "accumulated_operating_revenue": 10503421, 
        "long_term_average": 2493248, 
        "short_term_average": 2761305
    }, 
    {
        "date": "2012-05-31", 
        "operating_revenue": 2611167, 
        "accumulated_operating_revenue": 13114588, 
        "long_term_average": 2506350, 
        "short_term_average": 2767645
    }, 
    {
        "date": "2012-06-30", 
        "operating_revenue": 2902683, 
        "accumulated_operating_revenue": 16017271, 
        "long_term_average": 2545983, 
        "short_term_average": 2761696
    }, 
    {
        "date": "2012-07-31", 
        "operating_revenue": 2633519, 
        "accumulated_operating_revenue": 18650790, 
        "long_term_average": 2553941, 
        "short_term_average": 2715789
    }, 
    {
        "date": "2012-08-31", 
        "operating_revenue": 2575720, 
        "accumulated_operating_revenue": 21226510, 
        "long_term_average": 2555756, 
        "short_term_average": 2703974
    }, 
    {
        "accumulated_operating_revenue_yoy": 877.823667955164, 
        "accumulated_operating_revenue": 23722804, 
        "long_term_average": 2561607, 
        "date": "2012-09-30", 
        "operating_revenue": 2496294, 
        "short_term_average": 2568511
    }, 
    {
        "accumulated_operating_revenue_yoy": 452.9859807091771, 
        "accumulated_operating_revenue": 26347841, 
        "long_term_average": 2585479, 
        "date": "2012-10-31", 
        "operating_revenue": 2625037, 
        "short_term_average": 2565683
    }, 
    {
        "accumulated_operating_revenue_yoy": 311.5806762124543, 
        "accumulated_operating_revenue": 28921379, 
        "long_term_average": 2611420, 
        "date": "2012-11-30", 
        "operating_revenue": 2573538, 
        "short_term_average": 2564956
    }, 
    {
        "accumulated_operating_revenue_yoy": 234.07522912733677, 
        "accumulated_operating_revenue": 31545274, 
        "long_term_average": 2628772, 
        "date": "2012-12-31", 
        "operating_revenue": 2623895, 
        "short_term_average": 2607490
    }, 
    {
        "accumulated_operating_revenue_yoy": 27.068545883633565, 
        "accumulated_operating_revenue": 2820294, 
        "long_term_average": 2678838, 
        "date": "2013-01-31", 
        "operating_revenue": 2820294, 
        "short_term_average": 2672575
    }, 
    {
        "accumulated_operating_revenue_yoy": 0.6460152658619671, 
        "accumulated_operating_revenue": 4842735, 
        "long_term_average": 2631363, 
        "date": "2013-02-28", 
        "operating_revenue": 2022441, 
        "short_term_average": 2488876
    }, 
    {
        "accumulated_operating_revenue_yoy": -1.3801535737061577, 
        "accumulated_operating_revenue": 7625467, 
        "long_term_average": 2619879, 
        "date": "2013-03-31", 
        "operating_revenue": 2782732, 
        "short_term_average": 2541822
    }, 
    {
        "accumulated_operating_revenue_yoy": 1.2118147030381816, 
        "accumulated_operating_revenue": 10630703, 
        "long_term_average": 2639379, 
        "date": "2013-04-30", 
        "operating_revenue": 3005236, 
        "short_term_average": 2603469
    }, 
    {
        "accumulated_operating_revenue_yoy": 4.159543555619132, 
        "accumulated_operating_revenue": 13660095, 
        "long_term_average": 2674231, 
        "date": "2013-05-31", 
        "operating_revenue": 3029392, 
        "short_term_average": 2939120
    }, 
    {
        "accumulated_operating_revenue_yoy": 2.1603742610086325, 
        "accumulated_operating_revenue": 16363304, 
        "long_term_average": 2657608, 
        "date": "2013-06-30", 
        "operating_revenue": 2703209, 
        "short_term_average": 2912612
    }, 
    {
        "accumulated_operating_revenue_yoy": 3.8042088297600265, 
        "accumulated_operating_revenue": 19360305, 
        "long_term_average": 2687899, 
        "date": "2013-07-31", 
        "operating_revenue": 2997001, 
        "short_term_average": 2909867
    }, 
    {
        "accumulated_operating_revenue_yoy": 5.69426156254608, 
        "accumulated_operating_revenue": 22435203, 
        "long_term_average": 2729497, 
        "date": "2013-08-31", 
        "operating_revenue": 3074898, 
        "short_term_average": 2925036
    }, 
    {
        "accumulated_operating_revenue_yoy": 7.451754016936615, 
        "accumulated_operating_revenue": 25490569, 
        "long_term_average": 2776086, 
        "date": "2013-09-30", 
        "operating_revenue": 3055366, 
        "short_term_average": 3042421
    }, 
    {
        "accumulated_operating_revenue_yoy": 7.6991355762318445, 
        "accumulated_operating_revenue": 28376397, 
        "long_term_average": 2797819, 
        "date": "2013-10-31", 
        "operating_revenue": 2885828, 
        "short_term_average": 3005364
    }, 
    {
        "accumulated_operating_revenue_yoy": 8.376177360007626, 
        "accumulated_operating_revenue": 31343885, 
        "long_term_average": 2830648, 
        "date": "2013-11-30", 
        "operating_revenue": 2967488, 
        "short_term_average": 2969560
    }, 
    {
        "accumulated_operating_revenue_yoy": 9.044533897534064, 
        "accumulated_operating_revenue": 34398397, 
        "long_term_average": 2866533, 
        "date": "2013-12-31", 
        "operating_revenue": 3054512, 
        "short_term_average": 2969276
    }, 
    {
        "accumulated_operating_revenue_yoy": 13.252980008467203, 
        "accumulated_operating_revenue": 3194067, 
        "long_term_average": 2897680, 
        "date": "2014-01-31", 
        "operating_revenue": 3194067, 
        "short_term_average": 3072022
    }, 
    {
        "accumulated_operating_revenue_yoy": 21.10916661762413, 
        "accumulated_operating_revenue": 5864996, 
        "long_term_average": 2951721, 
        "date": "2014-02-28", 
        "operating_revenue": 2670929, 
        "short_term_average": 2973169
    }, 
    {
        "accumulated_operating_revenue_yoy": 16.332809518420312, 
        "accumulated_operating_revenue": 8870920, 
        "long_term_average": 2970320, 
        "date": "2014-03-31", 
        "operating_revenue": 3005924, 
        "short_term_average": 2956973
    }, 
    {
        "accumulated_operating_revenue_yoy": 17.152854331458606, 
        "accumulated_operating_revenue": 12454172, 
        "long_term_average": 3018488, 
        "date": "2014-04-30", 
        "operating_revenue": 3583252, 
        "short_term_average": 3086701
    }, 
    {
        "accumulated_operating_revenue_yoy": 15.448655371723257, 
        "accumulated_operating_revenue": 15770396, 
        "long_term_average": 3042391, 
        "date": "2014-05-31", 
        "operating_revenue": 3316224, 
        "short_term_average": 3301800
    }, 
    {
        "accumulated_operating_revenue_yoy": 16.119788521926868, 
        "accumulated_operating_revenue": 19001034, 
        "long_term_average": 3086343, 
        "date": "2014-06-30", 
        "operating_revenue": 3230638, 
        "short_term_average": 3376704
    }, 
    {
        "accumulated_operating_revenue_yoy": 16.075247781478648, 
        "accumulated_operating_revenue": 22472522, 
        "long_term_average": 3125884, 
        "date": "2014-07-31", 
        "operating_revenue": 3471488, 
        "short_term_average": 3339450
    }, 
    {
        "accumulated_operating_revenue_yoy": 15.575290314957257, 
        "accumulated_operating_revenue": 25929551, 
        "long_term_average": 3157728, 
        "date": "2014-08-31", 
        "operating_revenue": 3457029, 
        "short_term_average": 3386385
    }, 
    {
        "accumulated_operating_revenue_yoy": 16.820562145945036, 
        "accumulated_operating_revenue": 29778226, 
        "long_term_average": 3223837, 
        "date": "2014-09-30", 
        "operating_revenue": 3848675, 
        "short_term_average": 3592397
    }, 
    {
        "accumulated_operating_revenue_yoy": 17.69937177013699, 
        "accumulated_operating_revenue": 33398841, 
        "long_term_average": 3285070, 
        "date": "2014-10-31", 
        "operating_revenue": 3620615, 
        "short_term_average": 3642106
    }, 
    {
        "accumulated_operating_revenue_yoy": 16.32047207932265, 
        "accumulated_operating_revenue": 36459355, 
        "long_term_average": 3292822, 
        "date": "2014-11-30", 
        "operating_revenue": 3060514, 
        "short_term_average": 3509934
    }, 
    {
        "accumulated_operating_revenue_yoy": 15.995954695214431, 
        "accumulated_operating_revenue": 39900749, 
        "long_term_average": 3325062, 
        "date": "2014-12-31", 
        "operating_revenue": 3441394, 
        "short_term_average": 3374174
    }, 
    {
        "accumulated_operating_revenue_yoy": 2.322462240147123, 
        "accumulated_operating_revenue": 3268248, 
        "long_term_average": 3331244, 
        "date": "2015-01-31", 
        "operating_revenue": 3268248, 
        "short_term_average": 3256718
    }, 
    {
        "accumulated_operating_revenue_yoy": -0.6069057847609786, 
        "accumulated_operating_revenue": 5829401, 
        "long_term_average": 3322096, 
        "date": "2015-02-28", 
        "operating_revenue": 2561153, 
        "short_term_average": 3090265
    }, 
    {
        "accumulated_operating_revenue_yoy": 2.6077791255022027, 
        "accumulated_operating_revenue": 9102254, 
        "long_term_average": 3344340, 
        "date": "2015-03-31", 
        "operating_revenue": 3272853, 
        "short_term_average": 3034084
    }, 
    {
        "accumulated_operating_revenue_yoy": -0.7720625666644076, 
        "accumulated_operating_revenue": 12358018, 
        "long_term_average": 3317049, 
        "date": "2015-04-30", 
        "operating_revenue": 3255764, 
        "short_term_average": 3029923
    }, 
    {
        "accumulated_operating_revenue_yoy": -2.5096516282787062, 
        "accumulated_operating_revenue": 15374614, 
        "long_term_average": 3292080, 
        "date": "2015-05-31", 
        "operating_revenue": 3016596, 
        "short_term_average": 3181737
    }, 
    {
        "accumulated_operating_revenue_yoy": -2.573391532271349, 
        "accumulated_operating_revenue": 18512063, 
        "long_term_average": 3284314, 
        "date": "2015-06-30", 
        "operating_revenue": 3137449, 
        "short_term_average": 3136603
    }, 
    {
        "accumulated_operating_revenue_yoy": -1.914684965043087, 
        "accumulated_operating_revenue": 22042244, 
        "long_term_average": 3289205, 
        "date": "2015-07-31", 
        "operating_revenue": 3530181, 
        "short_term_average": 3228075
    }, 
    {
        "accumulated_operating_revenue_yoy": -1.844139144561354, 
        "accumulated_operating_revenue": 25451374, 
        "long_term_average": 3285214, 
        "date": "2015-08-31", 
        "operating_revenue": 3409130, 
        "short_term_average": 3358920
    }
]