[
    {
        "date": "2011-09-30", 
        "operating_revenue": 242580, 
        "accumulated_operating_revenue": 242580, 
        "long_term_average": 242580, 
        "short_term_average": 242580
    }, 
    {
        "date": "2011-10-31", 
        "operating_revenue": 241568, 
        "accumulated_operating_revenue": 484148, 
        "long_term_average": 242074, 
        "short_term_average": 242074
    }, 
    {
        "date": "2011-11-30", 
        "operating_revenue": 184472, 
        "accumulated_operating_revenue": 668620, 
        "long_term_average": 222873, 
        "short_term_average": 222873
    }, 
    {
        "date": "2011-12-31", 
        "operating_revenue": 182533, 
        "accumulated_operating_revenue": 851153, 
        "long_term_average": 212788, 
        "short_term_average": 202857
    }, 
    {
        "date": "2012-01-31", 
        "operating_revenue": 191515, 
        "accumulated_operating_revenue": 191515, 
        "long_term_average": 208533, 
        "short_term_average": 186173
    }, 
    {
        "date": "2012-02-29", 
        "operating_revenue": 203521, 
        "accumulated_operating_revenue": 395036, 
        "long_term_average": 207698, 
        "short_term_average": 192523
    }, 
    {
        "date": "2012-03-31", 
        "operating_revenue": 245374, 
        "accumulated_operating_revenue": 640410, 
        "long_term_average": 213080, 
        "short_term_average": 213470
    }, 
    {
        "date": "2012-04-30", 
        "operating_revenue": 237474, 
        "accumulated_operating_revenue": 877884, 
        "long_term_average": 216129, 
        "short_term_average": 228789
    }, 
    {
        "date": "2012-05-31", 
        "operating_revenue": 244251, 
        "accumulated_operating_revenue": 1122135, 
        "long_term_average": 219254, 
        "short_term_average": 242366
    }, 
    {
        "date": "2012-06-30", 
        "operating_revenue": 221422, 
        "accumulated_operating_revenue": 1343557, 
        "long_term_average": 219471, 
        "short_term_average": 234382
    }, 
    {
        "date": "2012-07-31", 
        "operating_revenue": 215182, 
        "accumulated_operating_revenue": 1558739, 
        "long_term_average": 219081, 
        "short_term_average": 226951
    }, 
    {
        "date": "2012-08-31", 
        "operating_revenue": 226627, 
        "accumulated_operating_revenue": 1785366, 
        "long_term_average": 219709, 
        "short_term_average": 221077
    }, 
    {
        "accumulated_operating_revenue_yoy": 729.489652898013, 
        "accumulated_operating_revenue": 2012176, 
        "long_term_average": 218395, 
        "date": "2012-09-30", 
        "operating_revenue": 226810, 
        "short_term_average": 222873
    }, 
    {
        "accumulated_operating_revenue_yoy": 368.8843081041334, 
        "accumulated_operating_revenue": 2270094, 
        "long_term_average": 219758, 
        "date": "2012-10-31", 
        "operating_revenue": 257918, 
        "short_term_average": 237118
    }, 
    {
        "accumulated_operating_revenue_yoy": 273.2297867248961, 
        "accumulated_operating_revenue": 2495489, 
        "long_term_average": 223168, 
        "date": "2012-11-30", 
        "operating_revenue": 225395, 
        "short_term_average": 236707
    }, 
    {
        "accumulated_operating_revenue_yoy": 215.16754332064858, 
        "accumulated_operating_revenue": 2682558, 
        "long_term_average": 223546, 
        "date": "2012-12-31", 
        "operating_revenue": 187069, 
        "short_term_average": 223460
    }, 
    {
        "accumulated_operating_revenue_yoy": 26.326919562436363, 
        "accumulated_operating_revenue": 241935, 
        "long_term_average": 227748, 
        "date": "2013-01-31", 
        "operating_revenue": 241935, 
        "short_term_average": 218133
    }, 
    {
        "accumulated_operating_revenue_yoy": -0.25111635395255116, 
        "accumulated_operating_revenue": 394044, 
        "long_term_average": 223463, 
        "date": "2013-02-28", 
        "operating_revenue": 152109, 
        "short_term_average": 193704
    }, 
    {
        "accumulated_operating_revenue_yoy": -8.384003997439141, 
        "accumulated_operating_revenue": 586718, 
        "long_term_average": 219072, 
        "date": "2013-03-31", 
        "operating_revenue": 192674, 
        "short_term_average": 195572
    }, 
    {
        "accumulated_operating_revenue_yoy": -7.280119013445968, 
        "accumulated_operating_revenue": 813973, 
        "long_term_average": 218220, 
        "date": "2013-04-30", 
        "operating_revenue": 227255, 
        "short_term_average": 190679
    }, 
    {
        "accumulated_operating_revenue_yoy": -7.4130118033926395, 
        "accumulated_operating_revenue": 1038951, 
        "long_term_average": 216614, 
        "date": "2013-05-31", 
        "operating_revenue": 224978, 
        "short_term_average": 214969
    }, 
    {
        "accumulated_operating_revenue_yoy": -8.3535718990709, 
        "accumulated_operating_revenue": 1231322, 
        "long_term_average": 214193, 
        "date": "2013-06-30", 
        "operating_revenue": 192371, 
        "short_term_average": 214868
    }, 
    {
        "accumulated_operating_revenue_yoy": -5.9771392131716725, 
        "accumulated_operating_revenue": 1465571, 
        "long_term_average": 215782, 
        "date": "2013-07-31", 
        "operating_revenue": 234249, 
        "short_term_average": 217199
    }, 
    {
        "accumulated_operating_revenue_yoy": -5.614255004296038, 
        "accumulated_operating_revenue": 1685131, 
        "long_term_average": 215193, 
        "date": "2013-08-31", 
        "operating_revenue": 219560, 
        "short_term_average": 215393
    }, 
    {
        "accumulated_operating_revenue_yoy": -6.387015847520297, 
        "accumulated_operating_revenue": 1883658, 
        "long_term_average": 212836, 
        "date": "2013-09-30", 
        "operating_revenue": 198527, 
        "short_term_average": 217445
    }, 
    {
        "accumulated_operating_revenue_yoy": -7.636688172384051, 
        "accumulated_operating_revenue": 2096734, 
        "long_term_average": 209099, 
        "date": "2013-10-31", 
        "operating_revenue": 213076, 
        "short_term_average": 210387
    }, 
    {
        "accumulated_operating_revenue_yoy": -7.604762032611645, 
        "accumulated_operating_revenue": 2305713, 
        "long_term_average": 207731, 
        "date": "2013-11-30", 
        "operating_revenue": 208979, 
        "short_term_average": 206860
    }, 
    {
        "accumulated_operating_revenue_yoy": -5.850274253156875, 
        "accumulated_operating_revenue": 2525621, 
        "long_term_average": 210468, 
        "date": "2013-12-31", 
        "operating_revenue": 219908, 
        "short_term_average": 213987
    }, 
    {
        "accumulated_operating_revenue_yoy": -11.794490255647178, 
        "accumulated_operating_revenue": 213400, 
        "long_term_average": 208090, 
        "date": "2014-01-31", 
        "operating_revenue": 213400, 
        "short_term_average": 214095
    }, 
    {
        "accumulated_operating_revenue_yoy": -4.433768817695486, 
        "accumulated_operating_revenue": 376573, 
        "long_term_average": 209012, 
        "date": "2014-02-28", 
        "operating_revenue": 163173, 
        "short_term_average": 198827
    }, 
    {
        "accumulated_operating_revenue_yoy": -4.403819211273559, 
        "accumulated_operating_revenue": 560880, 
        "long_term_average": 208315, 
        "date": "2014-03-31", 
        "operating_revenue": 184307, 
        "short_term_average": 186960
    }, 
    {
        "accumulated_operating_revenue_yoy": -7.639319731735574, 
        "accumulated_operating_revenue": 751791, 
        "long_term_average": 205286, 
        "date": "2014-04-30", 
        "operating_revenue": 190911, 
        "short_term_average": 179463
    }, 
    {
        "accumulated_operating_revenue_yoy": -7.1554866398896575, 
        "accumulated_operating_revenue": 964609, 
        "long_term_average": 204273, 
        "date": "2014-05-31", 
        "operating_revenue": 212818, 
        "short_term_average": 196012
    }, 
    {
        "accumulated_operating_revenue_yoy": -5.481182014127905, 
        "accumulated_operating_revenue": 1163831, 
        "long_term_average": 204844, 
        "date": "2014-06-30", 
        "operating_revenue": 199222, 
        "short_term_average": 200983
    }, 
    {
        "accumulated_operating_revenue_yoy": -5.734761400164167, 
        "accumulated_operating_revenue": 1381524, 
        "long_term_average": 203464, 
        "date": "2014-07-31", 
        "operating_revenue": 217693, 
        "short_term_average": 209911
    }, 
    {
        "accumulated_operating_revenue_yoy": -6.402232230016539, 
        "accumulated_operating_revenue": 1577245, 
        "long_term_average": 201477, 
        "date": "2014-08-31", 
        "operating_revenue": 195721, 
        "short_term_average": 204212
    }, 
    {
        "accumulated_operating_revenue_yoy": -5.876597556456639, 
        "accumulated_operating_revenue": 1772963, 
        "long_term_average": 201243, 
        "date": "2014-09-30", 
        "operating_revenue": 195718, 
        "short_term_average": 203044
    }, 
    {
        "accumulated_operating_revenue_yoy": -5.305012462238891, 
        "accumulated_operating_revenue": 1985502, 
        "long_term_average": 201199, 
        "date": "2014-10-31", 
        "operating_revenue": 212539, 
        "short_term_average": 201326
    }, 
    {
        "accumulated_operating_revenue_yoy": -5.90186202706061, 
        "accumulated_operating_revenue": 2169633, 
        "long_term_average": 199128, 
        "date": "2014-11-30", 
        "operating_revenue": 184131, 
        "short_term_average": 197462
    }, 
    {
        "accumulated_operating_revenue_yoy": -7.968099726760271, 
        "accumulated_operating_revenue": 2324377, 
        "long_term_average": 193698, 
        "date": "2014-12-31", 
        "operating_revenue": 154744, 
        "short_term_average": 183804
    }, 
    {
        "accumulated_operating_revenue_yoy": -8.737582005623242, 
        "accumulated_operating_revenue": 194754, 
        "long_term_average": 192144, 
        "date": "2015-01-31", 
        "operating_revenue": 194754, 
        "short_term_average": 177876
    }, 
    {
        "accumulated_operating_revenue_yoy": -9.418625339575595, 
        "accumulated_operating_revenue": 341105, 
        "long_term_average": 190742, 
        "date": "2015-02-28", 
        "operating_revenue": 146351, 
        "short_term_average": 165283
    }, 
    {
        "accumulated_operating_revenue_yoy": -12.466124661246612, 
        "accumulated_operating_revenue": 490960, 
        "long_term_average": 187871, 
        "date": "2015-03-31", 
        "operating_revenue": 149855, 
        "short_term_average": 163653
    }, 
    {
        "accumulated_operating_revenue_yoy": -13.856909699637265, 
        "accumulated_operating_revenue": 647616, 
        "long_term_average": 185016, 
        "date": "2015-04-30", 
        "operating_revenue": 156656, 
        "short_term_average": 150954
    }, 
    {
        "accumulated_operating_revenue_yoy": -13.968665023859408, 
        "accumulated_operating_revenue": 829866, 
        "long_term_average": 182469, 
        "date": "2015-05-31", 
        "operating_revenue": 182250, 
        "short_term_average": 162920
    }, 
    {
        "accumulated_operating_revenue_yoy": -14.007446098273718, 
        "accumulated_operating_revenue": 1000808, 
        "long_term_average": 180112, 
        "date": "2015-06-30", 
        "operating_revenue": 170942, 
        "short_term_average": 169949
    }, 
    {
        "accumulated_operating_revenue_yoy": -14.31411976918244, 
        "accumulated_operating_revenue": 1183771, 
        "long_term_average": 177218, 
        "date": "2015-07-31", 
        "operating_revenue": 182963, 
        "short_term_average": 178718
    }, 
    {
        "accumulated_operating_revenue_yoy": -13.581910229545821, 
        "accumulated_operating_revenue": 1363025, 
        "long_term_average": 175846, 
        "date": "2015-08-31", 
        "operating_revenue": 179254, 
        "short_term_average": 177719
    }, 
    {
        "accumulated_operating_revenue_yoy": -12.606467252841714, 
        "accumulated_operating_revenue": 1549455, 
        "long_term_average": 175072, 
        "date": "2015-09-30", 
        "operating_revenue": 186430, 
        "short_term_average": 182882
    }
]