[
    {
        "date": "2011-09-30", 
        "operating_revenue": 273822, 
        "accumulated_operating_revenue": 273822, 
        "long_term_average": 273822, 
        "short_term_average": 273822
    }, 
    {
        "date": "2011-10-31", 
        "operating_revenue": 202317, 
        "accumulated_operating_revenue": 476139, 
        "long_term_average": 238069, 
        "short_term_average": 238069
    }, 
    {
        "date": "2011-11-30", 
        "operating_revenue": 224213, 
        "accumulated_operating_revenue": 700352, 
        "long_term_average": 233450, 
        "short_term_average": 233450
    }, 
    {
        "date": "2011-12-31", 
        "operating_revenue": 214033, 
        "accumulated_operating_revenue": 914385, 
        "long_term_average": 228596, 
        "short_term_average": 213521
    }, 
    {
        "date": "2012-01-31", 
        "operating_revenue": 181529, 
        "accumulated_operating_revenue": 181529, 
        "long_term_average": 219182, 
        "short_term_average": 206591
    }, 
    {
        "date": "2012-02-29", 
        "operating_revenue": 250349, 
        "accumulated_operating_revenue": 431878, 
        "long_term_average": 224377, 
        "short_term_average": 215303
    }, 
    {
        "date": "2012-03-31", 
        "operating_revenue": 218911, 
        "accumulated_operating_revenue": 650789, 
        "long_term_average": 223596, 
        "short_term_average": 216929
    }, 
    {
        "date": "2012-04-30", 
        "operating_revenue": 188816, 
        "accumulated_operating_revenue": 839605, 
        "long_term_average": 219248, 
        "short_term_average": 219358
    }, 
    {
        "date": "2012-05-31", 
        "operating_revenue": 178469, 
        "accumulated_operating_revenue": 1018074, 
        "long_term_average": 214717, 
        "short_term_average": 195398
    }, 
    {
        "date": "2012-06-30", 
        "operating_revenue": 163742, 
        "accumulated_operating_revenue": 1181816, 
        "long_term_average": 209620, 
        "short_term_average": 177009
    }, 
    {
        "date": "2012-07-31", 
        "operating_revenue": 204707, 
        "accumulated_operating_revenue": 1386523, 
        "long_term_average": 209173, 
        "short_term_average": 182306
    }, 
    {
        "date": "2012-08-31", 
        "operating_revenue": 292050, 
        "accumulated_operating_revenue": 1678573, 
        "long_term_average": 216079, 
        "short_term_average": 220166
    }, 
    {
        "accumulated_operating_revenue_yoy": 652.0805486776081, 
        "accumulated_operating_revenue": 2059362, 
        "long_term_average": 224993, 
        "date": "2012-09-30", 
        "operating_revenue": 380789, 
        "short_term_average": 292515
    }, 
    {
        "accumulated_operating_revenue_yoy": 416.7003753105711, 
        "accumulated_operating_revenue": 2460212, 
        "long_term_average": 241538, 
        "date": "2012-10-31", 
        "operating_revenue": 400850, 
        "short_term_average": 357896
    }, 
    {
        "accumulated_operating_revenue_yoy": 301.8959037741022, 
        "accumulated_operating_revenue": 2814686, 
        "long_term_average": 252393, 
        "date": "2012-11-30", 
        "operating_revenue": 354474, 
        "short_term_average": 378704
    }, 
    {
        "accumulated_operating_revenue_yoy": 236.65162923713754, 
        "accumulated_operating_revenue": 3078292, 
        "long_term_average": 256524, 
        "date": "2012-12-31", 
        "operating_revenue": 263606, 
        "short_term_average": 339643
    }, 
    {
        "accumulated_operating_revenue_yoy": 33.01786491414595, 
        "accumulated_operating_revenue": 241466, 
        "long_term_average": 261519, 
        "date": "2013-01-31", 
        "operating_revenue": 241466, 
        "short_term_average": 286515
    }, 
    {
        "accumulated_operating_revenue_yoy": -11.124901013712206, 
        "accumulated_operating_revenue": 383832, 
        "long_term_average": 252520, 
        "date": "2013-02-28", 
        "operating_revenue": 142366, 
        "short_term_average": 215812
    }, 
    {
        "accumulated_operating_revenue_yoy": -19.9740622536644, 
        "accumulated_operating_revenue": 520800, 
        "long_term_average": 245691, 
        "date": "2013-03-31", 
        "operating_revenue": 136968, 
        "short_term_average": 173600
    }, 
    {
        "accumulated_operating_revenue_yoy": -14.851507554147487, 
        "accumulated_operating_revenue": 714911, 
        "long_term_average": 246133, 
        "date": "2013-04-30", 
        "operating_revenue": 194111, 
        "short_term_average": 157815
    }, 
    {
        "accumulated_operating_revenue_yoy": -12.152652950571373, 
        "accumulated_operating_revenue": 894351, 
        "long_term_average": 246214, 
        "date": "2013-05-31", 
        "operating_revenue": 179440, 
        "short_term_average": 170173
    }, 
    {
        "accumulated_operating_revenue_yoy": -11.70317545201622, 
        "accumulated_operating_revenue": 1043506, 
        "long_term_average": 244998, 
        "date": "2013-06-30", 
        "operating_revenue": 149155, 
        "short_term_average": 174235
    }, 
    {
        "accumulated_operating_revenue_yoy": -11.321196979783242, 
        "accumulated_operating_revenue": 1229552, 
        "long_term_average": 243443, 
        "date": "2013-07-31", 
        "operating_revenue": 186046, 
        "short_term_average": 171547
    }, 
    {
        "accumulated_operating_revenue_yoy": -12.53654145515268, 
        "accumulated_operating_revenue": 1468138, 
        "long_term_average": 238988, 
        "date": "2013-08-31", 
        "operating_revenue": 238586, 
        "short_term_average": 191262
    }, 
    {
        "accumulated_operating_revenue_yoy": -12.812511836190044, 
        "accumulated_operating_revenue": 1795506, 
        "long_term_average": 234536, 
        "date": "2013-09-30", 
        "operating_revenue": 327368, 
        "short_term_average": 250666
    }, 
    {
        "accumulated_operating_revenue_yoy": -16.160192698840586, 
        "accumulated_operating_revenue": 2062637, 
        "long_term_average": 223393, 
        "date": "2013-10-31", 
        "operating_revenue": 267131, 
        "short_term_average": 277695
    }, 
    {
        "accumulated_operating_revenue_yoy": -15.934281834634485, 
        "accumulated_operating_revenue": 2366186, 
        "long_term_average": 219149, 
        "date": "2013-11-30", 
        "operating_revenue": 303549, 
        "short_term_average": 299349
    }, 
    {
        "accumulated_operating_revenue_yoy": -13.66563016114131, 
        "accumulated_operating_revenue": 2657624, 
        "long_term_average": 221468, 
        "date": "2013-12-31", 
        "operating_revenue": 291438, 
        "short_term_average": 287372
    }, 
    {
        "accumulated_operating_revenue_yoy": 16.05567657558414, 
        "accumulated_operating_revenue": 280235, 
        "long_term_average": 224699, 
        "date": "2014-01-31", 
        "operating_revenue": 280235, 
        "short_term_average": 291740
    }, 
    {
        "accumulated_operating_revenue_yoy": 15.922330602972135, 
        "accumulated_operating_revenue": 444947, 
        "long_term_average": 226561, 
        "date": "2014-02-28", 
        "operating_revenue": 164712, 
        "short_term_average": 245461
    }, 
    {
        "accumulated_operating_revenue_yoy": 34.654761904761905, 
        "accumulated_operating_revenue": 701282, 
        "long_term_average": 236508, 
        "date": "2014-03-31", 
        "operating_revenue": 256335, 
        "short_term_average": 233760
    }, 
    {
        "accumulated_operating_revenue_yoy": 37.009501882052454, 
        "accumulated_operating_revenue": 979496, 
        "long_term_average": 243517, 
        "date": "2014-04-30", 
        "operating_revenue": 278214, 
        "short_term_average": 233087
    }, 
    {
        "accumulated_operating_revenue_yoy": 36.187022768465624, 
        "accumulated_operating_revenue": 1217990, 
        "long_term_average": 248438, 
        "date": "2014-05-31", 
        "operating_revenue": 238494, 
        "short_term_average": 257681
    }, 
    {
        "accumulated_operating_revenue_yoy": 38.12742811253601, 
        "accumulated_operating_revenue": 1441368, 
        "long_term_average": 254623, 
        "date": "2014-06-30", 
        "operating_revenue": 223378, 
        "short_term_average": 246695
    }, 
    {
        "accumulated_operating_revenue_yoy": 35.66502270745768, 
        "accumulated_operating_revenue": 1668072, 
        "long_term_average": 258012, 
        "date": "2014-07-31", 
        "operating_revenue": 226704, 
        "short_term_average": 229525
    }, 
    {
        "accumulated_operating_revenue_yoy": 31.43818905307267, 
        "accumulated_operating_revenue": 1929694, 
        "long_term_average": 259931, 
        "date": "2014-08-31", 
        "operating_revenue": 261622, 
        "short_term_average": 237234
    }, 
    {
        "accumulated_operating_revenue_yoy": 20.91928403469551, 
        "accumulated_operating_revenue": 2171113, 
        "long_term_average": 252769, 
        "date": "2014-09-30", 
        "operating_revenue": 241419, 
        "short_term_average": 243248
    }, 
    {
        "accumulated_operating_revenue_yoy": 17.415958309678338, 
        "accumulated_operating_revenue": 2421865, 
        "long_term_average": 251404, 
        "date": "2014-10-31", 
        "operating_revenue": 250752, 
        "short_term_average": 251264
    }, 
    {
        "accumulated_operating_revenue_yoy": 14.07945106597706, 
        "accumulated_operating_revenue": 2699332, 
        "long_term_average": 249230, 
        "date": "2014-11-30", 
        "operating_revenue": 277467, 
        "short_term_average": 256546
    }, 
    {
        "accumulated_operating_revenue_yoy": 13.17315767768503, 
        "accumulated_operating_revenue": 3007717, 
        "long_term_average": 250643, 
        "date": "2014-12-31", 
        "operating_revenue": 308385, 
        "short_term_average": 278868
    }, 
    {
        "accumulated_operating_revenue_yoy": 9.874212714329044, 
        "accumulated_operating_revenue": 307906, 
        "long_term_average": 252949, 
        "date": "2015-01-31", 
        "operating_revenue": 307906, 
        "short_term_average": 297919
    }, 
    {
        "accumulated_operating_revenue_yoy": 5.92991974325032, 
        "accumulated_operating_revenue": 471332, 
        "long_term_average": 252841, 
        "date": "2015-02-28", 
        "operating_revenue": 163426, 
        "short_term_average": 259905
    }, 
    {
        "accumulated_operating_revenue_yoy": 1.3660695697308645, 
        "accumulated_operating_revenue": 710862, 
        "long_term_average": 251441, 
        "date": "2015-03-31", 
        "operating_revenue": 239530, 
        "short_term_average": 236954
    }, 
    {
        "accumulated_operating_revenue_yoy": 3.870255723351601, 
        "accumulated_operating_revenue": 1017405, 
        "long_term_average": 253802, 
        "date": "2015-04-30", 
        "operating_revenue": 306543, 
        "short_term_average": 236499
    }, 
    {
        "accumulated_operating_revenue_yoy": 3.8799169122899206, 
        "accumulated_operating_revenue": 1265247, 
        "long_term_average": 254581, 
        "date": "2015-05-31", 
        "operating_revenue": 247842, 
        "short_term_average": 264638
    }, 
    {
        "accumulated_operating_revenue_yoy": 8.233220107564481, 
        "accumulated_operating_revenue": 1560039, 
        "long_term_average": 260532, 
        "date": "2015-06-30", 
        "operating_revenue": 294792, 
        "short_term_average": 283059
    }, 
    {
        "accumulated_operating_revenue_yoy": 10.9227299541027, 
        "accumulated_operating_revenue": 1850271, 
        "long_term_average": 265826, 
        "date": "2015-07-31", 
        "operating_revenue": 290232, 
        "short_term_average": 277622
    }, 
    {
        "accumulated_operating_revenue_yoy": 8.19290519636792, 
        "accumulated_operating_revenue": 2087792, 
        "long_term_average": 263817, 
        "date": "2015-08-31", 
        "operating_revenue": 237521, 
        "short_term_average": 274181
    }
]