[
    {
        "date": "2012-01-31", 
        "operating_revenue": 259752, 
        "accumulated_operating_revenue": 259752, 
        "long_term_average": 259752, 
        "short_term_average": 259752
    }, 
    {
        "date": "2012-02-29", 
        "operating_revenue": 305100, 
        "accumulated_operating_revenue": 564852, 
        "long_term_average": 282426, 
        "short_term_average": 282426
    }, 
    {
        "date": "2012-03-31", 
        "operating_revenue": 348519, 
        "accumulated_operating_revenue": 913371, 
        "long_term_average": 304457, 
        "short_term_average": 304457
    }, 
    {
        "date": "2012-04-30", 
        "operating_revenue": 339628, 
        "accumulated_operating_revenue": 1252999, 
        "long_term_average": 313249, 
        "short_term_average": 331082
    }, 
    {
        "date": "2012-05-31", 
        "operating_revenue": 333899, 
        "accumulated_operating_revenue": 1586898, 
        "long_term_average": 317379, 
        "short_term_average": 340682
    }, 
    {
        "date": "2012-06-30", 
        "operating_revenue": 302696, 
        "accumulated_operating_revenue": 1889594, 
        "long_term_average": 314932, 
        "short_term_average": 325407
    }, 
    {
        "date": "2012-07-31", 
        "operating_revenue": 303508, 
        "accumulated_operating_revenue": 2193102, 
        "long_term_average": 313300, 
        "short_term_average": 313367
    }, 
    {
        "date": "2012-08-31", 
        "operating_revenue": 320563, 
        "accumulated_operating_revenue": 2513665, 
        "long_term_average": 314208, 
        "short_term_average": 308922
    }, 
    {
        "date": "2012-09-30", 
        "operating_revenue": 334684, 
        "accumulated_operating_revenue": 2848349, 
        "long_term_average": 316483, 
        "short_term_average": 319585
    }, 
    {
        "date": "2012-10-31", 
        "operating_revenue": 276400, 
        "accumulated_operating_revenue": 3124749, 
        "long_term_average": 312474, 
        "short_term_average": 310549
    }, 
    {
        "date": "2012-11-30", 
        "operating_revenue": 260516, 
        "accumulated_operating_revenue": 3385265, 
        "long_term_average": 307751, 
        "short_term_average": 290533
    }, 
    {
        "date": "2012-12-31", 
        "operating_revenue": 271537, 
        "accumulated_operating_revenue": 3656802, 
        "long_term_average": 304733, 
        "short_term_average": 269484
    }, 
    {
        "accumulated_operating_revenue_yoy": 20.46490498629462, 
        "accumulated_operating_revenue": 312910, 
        "long_term_average": 309163, 
        "date": "2013-01-31", 
        "operating_revenue": 312910, 
        "short_term_average": 281654
    }, 
    {
        "accumulated_operating_revenue_yoy": -7.467619836700587, 
        "accumulated_operating_revenue": 522671, 
        "long_term_average": 301218, 
        "date": "2013-02-28", 
        "operating_revenue": 209761, 
        "short_term_average": 264736
    }, 
    {
        "accumulated_operating_revenue_yoy": -10.90126575071904, 
        "accumulated_operating_revenue": 813802, 
        "long_term_average": 296436, 
        "date": "2013-03-31", 
        "operating_revenue": 291131, 
        "short_term_average": 271267
    }, 
    {
        "accumulated_operating_revenue_yoy": -9.656033245038504, 
        "accumulated_operating_revenue": 1132009, 
        "long_term_average": 294651, 
        "date": "2013-04-30", 
        "operating_revenue": 318207, 
        "short_term_average": 273033
    }, 
    {
        "accumulated_operating_revenue_yoy": -8.929244349668346, 
        "accumulated_operating_revenue": 1445200, 
        "long_term_average": 292925, 
        "date": "2013-05-31", 
        "operating_revenue": 313191, 
        "short_term_average": 307509
    }, 
    {
        "accumulated_operating_revenue_yoy": -9.655936672110517, 
        "accumulated_operating_revenue": 1707136, 
        "long_term_average": 289528, 
        "date": "2013-06-30", 
        "operating_revenue": 261936, 
        "short_term_average": 297778
    }, 
    {
        "accumulated_operating_revenue_yoy": -9.007834564922197, 
        "accumulated_operating_revenue": 1995551, 
        "long_term_average": 288270, 
        "date": "2013-07-31", 
        "operating_revenue": 288415, 
        "short_term_average": 287847
    }, 
    {
        "accumulated_operating_revenue_yoy": -8.089343647622098, 
        "accumulated_operating_revenue": 2310326, 
        "long_term_average": 287788, 
        "date": "2013-08-31", 
        "operating_revenue": 314775, 
        "short_term_average": 288375
    }, 
    {
        "accumulated_operating_revenue_yoy": -6.75938938662362, 
        "accumulated_operating_revenue": 2655818, 
        "long_term_average": 288689, 
        "date": "2013-09-30", 
        "operating_revenue": 345492, 
        "short_term_average": 316227
    }, 
    {
        "accumulated_operating_revenue_yoy": -5.146429361206292, 
        "accumulated_operating_revenue": 2963936, 
        "long_term_average": 291332, 
        "date": "2013-10-31", 
        "operating_revenue": 308118, 
        "short_term_average": 322795
    }, 
    {
        "accumulated_operating_revenue_yoy": -3.226128530558169, 
        "accumulated_operating_revenue": 3276052, 
        "long_term_average": 295632, 
        "date": "2013-11-30", 
        "operating_revenue": 312116, 
        "short_term_average": 321908
    }, 
    {
        "accumulated_operating_revenue_yoy": -2.6167946746911643, 
        "accumulated_operating_revenue": 3561111, 
        "long_term_average": 296759, 
        "date": "2013-12-31", 
        "operating_revenue": 285059, 
        "short_term_average": 301764
    }, 
    {
        "accumulated_operating_revenue_yoy": 4.761432999904126, 
        "accumulated_operating_revenue": 327809, 
        "long_term_average": 298000, 
        "date": "2014-01-31", 
        "operating_revenue": 327809, 
        "short_term_average": 308328
    }, 
    {
        "accumulated_operating_revenue_yoy": 6.982021194977338, 
        "accumulated_operating_revenue": 559164, 
        "long_term_average": 299800, 
        "date": "2014-02-28", 
        "operating_revenue": 231355, 
        "short_term_average": 281407
    }, 
    {
        "accumulated_operating_revenue_yoy": 3.3065782585936137, 
        "accumulated_operating_revenue": 840711, 
        "long_term_average": 299001, 
        "date": "2014-03-31", 
        "operating_revenue": 281547, 
        "short_term_average": 280237
    }, 
    {
        "accumulated_operating_revenue_yoy": 2.157049988118469, 
        "accumulated_operating_revenue": 1156427, 
        "long_term_average": 298794, 
        "date": "2014-04-30", 
        "operating_revenue": 315716, 
        "short_term_average": 276206
    }, 
    {
        "accumulated_operating_revenue_yoy": 0.9060337669526708, 
        "accumulated_operating_revenue": 1458294, 
        "long_term_average": 297850, 
        "date": "2014-05-31", 
        "operating_revenue": 301867, 
        "short_term_average": 299710
    }, 
    {
        "accumulated_operating_revenue_yoy": 3.6118387755867136, 
        "accumulated_operating_revenue": 1768795, 
        "long_term_average": 301897, 
        "date": "2014-06-30", 
        "operating_revenue": 310501, 
        "short_term_average": 309361
    }, 
    {
        "accumulated_operating_revenue_yoy": 5.9022295095439805, 
        "accumulated_operating_revenue": 2113333, 
        "long_term_average": 306574, 
        "date": "2014-07-31", 
        "operating_revenue": 344538, 
        "short_term_average": 318968
    }, 
    {
        "accumulated_operating_revenue_yoy": 4.687477005409626, 
        "accumulated_operating_revenue": 2418622, 
        "long_term_average": 305783, 
        "date": "2014-08-31", 
        "operating_revenue": 305289, 
        "short_term_average": 320109
    }, 
    {
        "accumulated_operating_revenue_yoy": 2.0504793626671707, 
        "accumulated_operating_revenue": 2710275, 
        "long_term_average": 301297, 
        "date": "2014-09-30", 
        "operating_revenue": 291653, 
        "short_term_average": 313826
    }, 
    {
        "accumulated_operating_revenue_yoy": -0.2665037301750105, 
        "accumulated_operating_revenue": 2956037, 
        "long_term_average": 296101, 
        "date": "2014-10-31", 
        "operating_revenue": 245762, 
        "short_term_average": 280901
    }, 
    {
        "accumulated_operating_revenue_yoy": -2.291752389766707, 
        "accumulated_operating_revenue": 3200973, 
        "long_term_average": 290502, 
        "date": "2014-11-30", 
        "operating_revenue": 244936, 
        "short_term_average": 260783
    }, 
    {
        "accumulated_operating_revenue_yoy": -3.373862819777311, 
        "accumulated_operating_revenue": 3440964, 
        "long_term_average": 286747, 
        "date": "2014-12-31", 
        "operating_revenue": 239991, 
        "short_term_average": 243563
    }, 
    {
        "accumulated_operating_revenue_yoy": -1.4584712439255787, 
        "accumulated_operating_revenue": 323028, 
        "long_term_average": 286348, 
        "date": "2015-01-31", 
        "operating_revenue": 323028, 
        "short_term_average": 269318
    }, 
    {
        "accumulated_operating_revenue_yoy": -5.1249722800466415, 
        "accumulated_operating_revenue": 530507, 
        "long_term_average": 284358, 
        "date": "2015-02-28", 
        "operating_revenue": 207479, 
        "short_term_average": 256832
    }, 
    {
        "accumulated_operating_revenue_yoy": -5.728008792557728, 
        "accumulated_operating_revenue": 792555, 
        "long_term_average": 282734, 
        "date": "2015-03-31", 
        "operating_revenue": 262048, 
        "short_term_average": 264185
    }, 
    {
        "accumulated_operating_revenue_yoy": -9.594293457347502, 
        "accumulated_operating_revenue": 1045476, 
        "long_term_average": 277501, 
        "date": "2015-04-30", 
        "operating_revenue": 252921, 
        "short_term_average": 240816
    }, 
    {
        "accumulated_operating_revenue_yoy": -11.906789714556872, 
        "accumulated_operating_revenue": 1284658, 
        "long_term_average": 272277, 
        "date": "2015-05-31", 
        "operating_revenue": 239182, 
        "short_term_average": 251383
    }, 
    {
        "accumulated_operating_revenue_yoy": -15.968894077606507, 
        "accumulated_operating_revenue": 1486338, 
        "long_term_average": 263208, 
        "date": "2015-06-30", 
        "operating_revenue": 201680, 
        "short_term_average": 231261
    }, 
    {
        "accumulated_operating_revenue_yoy": -18.390097537870272, 
        "accumulated_operating_revenue": 1724689, 
        "long_term_average": 254360, 
        "date": "2015-07-31", 
        "operating_revenue": 238351, 
        "short_term_average": 226404
    }, 
    {
        "accumulated_operating_revenue_yoy": -17.5898920955817, 
        "accumulated_operating_revenue": 1993189, 
        "long_term_average": 251294, 
        "date": "2015-08-31", 
        "operating_revenue": 268500, 
        "short_term_average": 236177
    }
]