[
    {
        "date": "2012-01-31", 
        "operating_revenue": 1303654, 
        "accumulated_operating_revenue": 1303654, 
        "long_term_average": 1303654, 
        "short_term_average": 1303654
    }, 
    {
        "date": "2012-02-29", 
        "operating_revenue": 1327664, 
        "accumulated_operating_revenue": 2631318, 
        "long_term_average": 1315659, 
        "short_term_average": 1315659
    }, 
    {
        "date": "2012-03-31", 
        "operating_revenue": 1601846, 
        "accumulated_operating_revenue": 4233164, 
        "long_term_average": 1411054, 
        "short_term_average": 1411054
    }, 
    {
        "date": "2012-04-30", 
        "operating_revenue": 1476744, 
        "accumulated_operating_revenue": 5709908, 
        "long_term_average": 1427477, 
        "short_term_average": 1468751
    }, 
    {
        "date": "2012-05-31", 
        "operating_revenue": 1488457, 
        "accumulated_operating_revenue": 7198365, 
        "long_term_average": 1439673, 
        "short_term_average": 1522349
    }, 
    {
        "date": "2012-06-30", 
        "operating_revenue": 1218688, 
        "accumulated_operating_revenue": 8417053, 
        "long_term_average": 1402842, 
        "short_term_average": 1394629
    }, 
    {
        "date": "2012-07-31", 
        "operating_revenue": 1583656, 
        "accumulated_operating_revenue": 10000709, 
        "long_term_average": 1428672, 
        "short_term_average": 1430267
    }, 
    {
        "date": "2012-08-31", 
        "operating_revenue": 1552076, 
        "accumulated_operating_revenue": 11552785, 
        "long_term_average": 1444098, 
        "short_term_average": 1451473
    }, 
    {
        "date": "2012-09-30", 
        "operating_revenue": 1452001, 
        "accumulated_operating_revenue": 13004786, 
        "long_term_average": 1444976, 
        "short_term_average": 1529244
    }, 
    {
        "date": "2012-10-31", 
        "operating_revenue": 1195152, 
        "accumulated_operating_revenue": 14199938, 
        "long_term_average": 1419993, 
        "short_term_average": 1399743
    }, 
    {
        "date": "2012-11-30", 
        "operating_revenue": 1192566, 
        "accumulated_operating_revenue": 15392504, 
        "long_term_average": 1399318, 
        "short_term_average": 1279906
    }, 
    {
        "date": "2012-12-31", 
        "operating_revenue": 1119419, 
        "accumulated_operating_revenue": 16511923, 
        "long_term_average": 1375993, 
        "short_term_average": 1169045
    }, 
    {
        "accumulated_operating_revenue_yoy": 10.389643264240359, 
        "accumulated_operating_revenue": 1439099, 
        "long_term_average": 1387280, 
        "date": "2013-01-31", 
        "operating_revenue": 1439099, 
        "short_term_average": 1250361
    }, 
    {
        "accumulated_operating_revenue_yoy": -12.368326443250114, 
        "accumulated_operating_revenue": 2305868, 
        "long_term_average": 1348872, 
        "date": "2013-02-28", 
        "operating_revenue": 866769, 
        "short_term_average": 1141762
    }, 
    {
        "accumulated_operating_revenue_yoy": -14.50952526290028, 
        "accumulated_operating_revenue": 3618952, 
        "long_term_average": 1324809, 
        "date": "2013-03-31", 
        "operating_revenue": 1313084, 
        "short_term_average": 1206317
    }, 
    {
        "accumulated_operating_revenue_yoy": -13.750169004474328, 
        "accumulated_operating_revenue": 4924786, 
        "long_term_average": 1310566, 
        "date": "2013-04-30", 
        "operating_revenue": 1305834, 
        "short_term_average": 1161895
    }, 
    {
        "accumulated_operating_revenue_yoy": -11.173717920666707, 
        "accumulated_operating_revenue": 6394040, 
        "long_term_average": 1308966, 
        "date": "2013-05-31", 
        "operating_revenue": 1469254, 
        "short_term_average": 1362724
    }, 
    {
        "accumulated_operating_revenue_yoy": -9.405322741819495, 
        "accumulated_operating_revenue": 7625402, 
        "long_term_average": 1310022, 
        "date": "2013-06-30", 
        "operating_revenue": 1231362, 
        "short_term_average": 1335483
    }, 
    {
        "accumulated_operating_revenue_yoy": -10.188767616376, 
        "accumulated_operating_revenue": 8981760, 
        "long_term_average": 1291081, 
        "date": "2013-07-31", 
        "operating_revenue": 1356358, 
        "short_term_average": 1352324
    }, 
    {
        "accumulated_operating_revenue_yoy": -11.13143713831773, 
        "accumulated_operating_revenue": 10266794, 
        "long_term_average": 1268827, 
        "date": "2013-08-31", 
        "operating_revenue": 1285034, 
        "short_term_average": 1290918
    }, 
    {
        "accumulated_operating_revenue_yoy": -10.708819045542157, 
        "accumulated_operating_revenue": 11612127, 
        "long_term_average": 1259938, 
        "date": "2013-09-30", 
        "operating_revenue": 1345333, 
        "short_term_average": 1328908
    }, 
    {
        "accumulated_operating_revenue_yoy": -9.36853386261264, 
        "accumulated_operating_revenue": 12869612, 
        "long_term_average": 1265133, 
        "date": "2013-10-31", 
        "operating_revenue": 1257485, 
        "short_term_average": 1295950
    }, 
    {
        "accumulated_operating_revenue_yoy": -8.64437001283222, 
        "accumulated_operating_revenue": 14061919, 
        "long_term_average": 1265111, 
        "date": "2013-11-30", 
        "operating_revenue": 1192307, 
        "short_term_average": 1265041
    }, 
    {
        "accumulated_operating_revenue_yoy": -6.8698237025451245, 
        "accumulated_operating_revenue": 15377583, 
        "long_term_average": 1281465, 
        "date": "2013-12-31", 
        "operating_revenue": 1315664, 
        "short_term_average": 1255152
    }, 
    {
        "accumulated_operating_revenue_yoy": -13.788071564221779, 
        "accumulated_operating_revenue": 1240675, 
        "long_term_average": 1264929, 
        "date": "2014-01-31", 
        "operating_revenue": 1240675, 
        "short_term_average": 1249548
    }, 
    {
        "accumulated_operating_revenue_yoy": -5.360107343525302, 
        "accumulated_operating_revenue": 2182271, 
        "long_term_average": 1271165, 
        "date": "2014-02-28", 
        "operating_revenue": 941596, 
        "short_term_average": 1165978
    }, 
    {
        "accumulated_operating_revenue_yoy": -3.7788287880027145, 
        "accumulated_operating_revenue": 3482198, 
        "long_term_average": 1270069, 
        "date": "2014-03-31", 
        "operating_revenue": 1299927, 
        "short_term_average": 1160732
    }, 
    {
        "accumulated_operating_revenue_yoy": -1.1668324268303232, 
        "accumulated_operating_revenue": 4867322, 
        "long_term_average": 1276676, 
        "date": "2014-04-30", 
        "operating_revenue": 1385124, 
        "short_term_average": 1208882
    }, 
    {
        "accumulated_operating_revenue_yoy": -2.652673427129014, 
        "accumulated_operating_revenue": 6224427, 
        "long_term_average": 1267330, 
        "date": "2014-05-31", 
        "operating_revenue": 1357105, 
        "short_term_average": 1347385
    }, 
    {
        "accumulated_operating_revenue_yoy": -0.6987041470075939, 
        "accumulated_operating_revenue": 7572123, 
        "long_term_average": 1277025, 
        "date": "2014-06-30", 
        "operating_revenue": 1347696, 
        "short_term_average": 1363308
    }, 
    {
        "accumulated_operating_revenue_yoy": 1.626596569046601, 
        "accumulated_operating_revenue": 9127857, 
        "long_term_average": 1293640, 
        "date": "2014-07-31", 
        "operating_revenue": 1555734, 
        "short_term_average": 1420178
    }, 
    {
        "accumulated_operating_revenue_yoy": 3.2705828129014765, 
        "accumulated_operating_revenue": 10602578, 
        "long_term_average": 1309447, 
        "date": "2014-08-31", 
        "operating_revenue": 1474721, 
        "short_term_average": 1459383
    }, 
    {
        "accumulated_operating_revenue_yoy": 3.4231110286685635, 
        "accumulated_operating_revenue": 12009623, 
        "long_term_average": 1314589, 
        "date": "2014-09-30", 
        "operating_revenue": 1407045, 
        "short_term_average": 1479166
    }, 
    {
        "accumulated_operating_revenue_yoy": 3.348958772028247, 
        "accumulated_operating_revenue": 13300610, 
        "long_term_average": 1317381, 
        "date": "2014-10-31", 
        "operating_revenue": 1290987, 
        "short_term_average": 1390917
    }, 
    {
        "accumulated_operating_revenue_yoy": 3.315066741601911, 
        "accumulated_operating_revenue": 14528081, 
        "long_term_average": 1320312, 
        "date": "2014-11-30", 
        "operating_revenue": 1227471, 
        "short_term_average": 1308501
    }, 
    {
        "accumulated_operating_revenue_yoy": 2.4484146825934867, 
        "accumulated_operating_revenue": 15754090, 
        "long_term_average": 1312840, 
        "date": "2014-12-31", 
        "operating_revenue": 1226009, 
        "short_term_average": 1248155
    }, 
    {
        "accumulated_operating_revenue_yoy": 8.897978922763818, 
        "accumulated_operating_revenue": 1351070, 
        "long_term_average": 1322040, 
        "date": "2015-01-31", 
        "operating_revenue": 1351070, 
        "short_term_average": 1268183
    }, 
    {
        "accumulated_operating_revenue_yoy": 0.019246005651910328, 
        "accumulated_operating_revenue": 2182691, 
        "long_term_average": 1312875, 
        "date": "2015-02-28", 
        "operating_revenue": 831621, 
        "short_term_average": 1136233
    }, 
    {
        "accumulated_operating_revenue_yoy": -2.48357502933492, 
        "accumulated_operating_revenue": 3395715, 
        "long_term_average": 1305633, 
        "date": "2015-03-31", 
        "operating_revenue": 1213024, 
        "short_term_average": 1131905
    }, 
    {
        "accumulated_operating_revenue_yoy": -6.4867497979381685, 
        "accumulated_operating_revenue": 4551591, 
        "long_term_average": 1286529, 
        "date": "2015-04-30", 
        "operating_revenue": 1155876, 
        "short_term_average": 1066840
    }, 
    {
        "accumulated_operating_revenue_yoy": -9.581363874939813, 
        "accumulated_operating_revenue": 5628042, 
        "long_term_average": 1263142, 
        "date": "2015-05-31", 
        "operating_revenue": 1076451, 
        "short_term_average": 1148450
    }, 
    {
        "accumulated_operating_revenue_yoy": -10.464647761268537, 
        "accumulated_operating_revenue": 6779727, 
        "long_term_average": 1246807, 
        "date": "2015-06-30", 
        "operating_revenue": 1151685, 
        "short_term_average": 1128004
    }, 
    {
        "accumulated_operating_revenue_yoy": -13.358469572869074, 
        "accumulated_operating_revenue": 7908515, 
        "long_term_average": 1211229, 
        "date": "2015-07-31", 
        "operating_revenue": 1128788, 
        "short_term_average": 1118974
    }, 
    {
        "accumulated_operating_revenue_yoy": -14.779226335330897, 
        "accumulated_operating_revenue": 9035599, 
        "long_term_average": 1182259, 
        "date": "2015-08-31", 
        "operating_revenue": 1127084, 
        "short_term_average": 1135852
    }, 
    {
        "accumulated_operating_revenue_yoy": -14.604246944304581, 
        "accumulated_operating_revenue": 10255708, 
        "long_term_average": 1166681, 
        "date": "2015-09-30", 
        "operating_revenue": 1220109, 
        "short_term_average": 1158660
    }, 
    {
        "accumulated_operating_revenue_yoy": -13.87970927649183, 
        "accumulated_operating_revenue": 11454524, 
        "long_term_average": 1159000, 
        "date": "2015-10-31", 
        "operating_revenue": 1198816, 
        "short_term_average": 1182003
    }
]