[
    {
        "date": "2012-01-31", 
        "operating_revenue": 49681, 
        "accumulated_operating_revenue": 49681, 
        "long_term_average": 49681, 
        "short_term_average": 49681
    }, 
    {
        "date": "2012-02-29", 
        "operating_revenue": 44330, 
        "accumulated_operating_revenue": 94011, 
        "long_term_average": 47005, 
        "short_term_average": 47005
    }, 
    {
        "date": "2012-03-31", 
        "operating_revenue": 34944, 
        "accumulated_operating_revenue": 128955, 
        "long_term_average": 42985, 
        "short_term_average": 42985
    }, 
    {
        "date": "2012-04-30", 
        "operating_revenue": 50748, 
        "accumulated_operating_revenue": 179703, 
        "long_term_average": 44925, 
        "short_term_average": 43340
    }, 
    {
        "date": "2012-05-31", 
        "operating_revenue": 61271, 
        "accumulated_operating_revenue": 240974, 
        "long_term_average": 48194, 
        "short_term_average": 48987
    }, 
    {
        "date": "2012-06-30", 
        "operating_revenue": 64691, 
        "accumulated_operating_revenue": 305665, 
        "long_term_average": 50944, 
        "short_term_average": 58903
    }, 
    {
        "date": "2012-07-31", 
        "operating_revenue": 72292, 
        "accumulated_operating_revenue": 377957, 
        "long_term_average": 53993, 
        "short_term_average": 66084
    }, 
    {
        "date": "2012-08-31", 
        "operating_revenue": 86110, 
        "accumulated_operating_revenue": 464067, 
        "long_term_average": 58008, 
        "short_term_average": 74364
    }, 
    {
        "date": "2012-09-30", 
        "operating_revenue": 87042, 
        "accumulated_operating_revenue": 551109, 
        "long_term_average": 61234, 
        "short_term_average": 81814
    }, 
    {
        "date": "2012-10-31", 
        "operating_revenue": 64951, 
        "accumulated_operating_revenue": 616060, 
        "long_term_average": 61606, 
        "short_term_average": 79367
    }, 
    {
        "date": "2012-11-30", 
        "operating_revenue": 68625, 
        "accumulated_operating_revenue": 684685, 
        "long_term_average": 62244, 
        "short_term_average": 73539
    }, 
    {
        "date": "2012-12-31", 
        "operating_revenue": 63591, 
        "accumulated_operating_revenue": 748276, 
        "long_term_average": 62356, 
        "short_term_average": 65722
    }, 
    {
        "accumulated_operating_revenue_yoy": 47.46079990338359, 
        "accumulated_operating_revenue": 73260, 
        "long_term_average": 64321, 
        "date": "2013-01-31", 
        "operating_revenue": 73260, 
        "short_term_average": 68492
    }, 
    {
        "accumulated_operating_revenue_yoy": 42.182297816213, 
        "accumulated_operating_revenue": 133667, 
        "long_term_average": 65661, 
        "date": "2013-02-28", 
        "operating_revenue": 60407, 
        "short_term_average": 65752
    }, 
    {
        "accumulated_operating_revenue_yoy": 58.67007870962739, 
        "accumulated_operating_revenue": 204613, 
        "long_term_average": 68661, 
        "date": "2013-03-31", 
        "operating_revenue": 70946, 
        "short_term_average": 68204
    }, 
    {
        "accumulated_operating_revenue_yoy": 53.56004073387757, 
        "accumulated_operating_revenue": 275952, 
        "long_term_average": 70377, 
        "date": "2013-04-30", 
        "operating_revenue": 71339, 
        "short_term_average": 67564
    }, 
    {
        "accumulated_operating_revenue_yoy": 47.84458074315071, 
        "accumulated_operating_revenue": 356267, 
        "long_term_average": 71964, 
        "date": "2013-05-31", 
        "operating_revenue": 80315, 
        "short_term_average": 74200
    }, 
    {
        "accumulated_operating_revenue_yoy": 43.15476093108469, 
        "accumulated_operating_revenue": 437574, 
        "long_term_average": 73348, 
        "date": "2013-06-30", 
        "operating_revenue": 81307, 
        "short_term_average": 77653
    }, 
    {
        "accumulated_operating_revenue_yoy": 36.61104305516236, 
        "accumulated_operating_revenue": 516331, 
        "long_term_average": 73887, 
        "date": "2013-07-31", 
        "operating_revenue": 78757, 
        "short_term_average": 80126
    }, 
    {
        "accumulated_operating_revenue_yoy": 29.077266860173207, 
        "accumulated_operating_revenue": 599005, 
        "long_term_average": 73601, 
        "date": "2013-08-31", 
        "operating_revenue": 82674, 
        "short_term_average": 80912
    }, 
    {
        "accumulated_operating_revenue_yoy": 17.240509590661738, 
        "accumulated_operating_revenue": 646123, 
        "long_term_average": 70274, 
        "date": "2013-09-30", 
        "operating_revenue": 47118, 
        "short_term_average": 69516
    }, 
    {
        "accumulated_operating_revenue_yoy": 15.482420543453559, 
        "accumulated_operating_revenue": 711441, 
        "long_term_average": 70304, 
        "date": "2013-10-31", 
        "operating_revenue": 65318, 
        "short_term_average": 65036
    }, 
    {
        "accumulated_operating_revenue_yoy": 11.606213076086084, 
        "accumulated_operating_revenue": 764151, 
        "long_term_average": 68978, 
        "date": "2013-11-30", 
        "operating_revenue": 52710, 
        "short_term_average": 55048
    }, 
    {
        "accumulated_operating_revenue_yoy": 10.046827641137762, 
        "accumulated_operating_revenue": 823454, 
        "long_term_average": 68621, 
        "date": "2013-12-31", 
        "operating_revenue": 59303, 
        "short_term_average": 59110
    }, 
    {
        "accumulated_operating_revenue_yoy": -30.944580944580945, 
        "accumulated_operating_revenue": 50590, 
        "long_term_average": 66732, 
        "date": "2014-01-31", 
        "operating_revenue": 50590, 
        "short_term_average": 54201
    }, 
    {
        "accumulated_operating_revenue_yoy": -15.570035984947669, 
        "accumulated_operating_revenue": 112855, 
        "long_term_average": 66886, 
        "date": "2014-02-28", 
        "operating_revenue": 62265, 
        "short_term_average": 57386
    }, 
    {
        "accumulated_operating_revenue_yoy": -3.480717256479305, 
        "accumulated_operating_revenue": 197491, 
        "long_term_average": 68027, 
        "date": "2014-03-31", 
        "operating_revenue": 84636, 
        "short_term_average": 65830
    }, 
    {
        "accumulated_operating_revenue_yoy": -0.8436249782570882, 
        "accumulated_operating_revenue": 273624, 
        "long_term_average": 68427, 
        "date": "2014-04-30", 
        "operating_revenue": 76133, 
        "short_term_average": 74344
    }, 
    {
        "accumulated_operating_revenue_yoy": 1.695919071932006, 
        "accumulated_operating_revenue": 362309, 
        "long_term_average": 69124, 
        "date": "2014-05-31", 
        "operating_revenue": 88685, 
        "short_term_average": 83151
    }, 
    {
        "accumulated_operating_revenue_yoy": 2.4599267780992475, 
        "accumulated_operating_revenue": 448338, 
        "long_term_average": 69518, 
        "date": "2014-06-30", 
        "operating_revenue": 86029, 
        "short_term_average": 83615
    }, 
    {
        "accumulated_operating_revenue_yoy": 0.3474515378700872, 
        "accumulated_operating_revenue": 518125, 
        "long_term_average": 68770, 
        "date": "2014-07-31", 
        "operating_revenue": 69787, 
        "short_term_average": 81500
    }, 
    {
        "accumulated_operating_revenue_yoy": -2.265757380990142, 
        "accumulated_operating_revenue": 585433, 
        "long_term_average": 67490, 
        "date": "2014-08-31", 
        "operating_revenue": 67308, 
        "short_term_average": 74374
    }, 
    {
        "accumulated_operating_revenue_yoy": 4.190688150708147, 
        "accumulated_operating_revenue": 673200, 
        "long_term_average": 70877, 
        "date": "2014-09-30", 
        "operating_revenue": 87767, 
        "short_term_average": 74954
    }, 
    {
        "accumulated_operating_revenue_yoy": 6.1908155419774795, 
        "accumulated_operating_revenue": 755485, 
        "long_term_average": 72291, 
        "date": "2014-10-31", 
        "operating_revenue": 82285, 
        "short_term_average": 79120
    }, 
    {
        "accumulated_operating_revenue_yoy": 7.428636486767667, 
        "accumulated_operating_revenue": 820917, 
        "long_term_average": 73351, 
        "date": "2014-11-30", 
        "operating_revenue": 65432, 
        "short_term_average": 78494
    }, 
    {
        "accumulated_operating_revenue_yoy": 7.052488663604767, 
        "accumulated_operating_revenue": 881528, 
        "long_term_average": 73460, 
        "date": "2014-12-31", 
        "operating_revenue": 60611, 
        "short_term_average": 69442
    }, 
    {
        "accumulated_operating_revenue_yoy": 39.70745206562562, 
        "accumulated_operating_revenue": 70678, 
        "long_term_average": 75134, 
        "date": "2015-01-31", 
        "operating_revenue": 70678, 
        "short_term_average": 65573
    }, 
    {
        "accumulated_operating_revenue_yoy": 12.782774356475123, 
        "accumulated_operating_revenue": 127281, 
        "long_term_average": 74662, 
        "date": "2015-02-28", 
        "operating_revenue": 56603, 
        "short_term_average": 62630
    }, 
    {
        "accumulated_operating_revenue_yoy": -3.05988627329853, 
        "accumulated_operating_revenue": 191448, 
        "long_term_average": 72957, 
        "date": "2015-03-31", 
        "operating_revenue": 64167, 
        "short_term_average": 63816
    }, 
    {
        "accumulated_operating_revenue_yoy": -3.6414934362482825, 
        "accumulated_operating_revenue": 263660, 
        "long_term_average": 72630, 
        "date": "2015-04-30", 
        "operating_revenue": 72212, 
        "short_term_average": 64327
    }, 
    {
        "accumulated_operating_revenue_yoy": -8.645658816093444, 
        "accumulated_operating_revenue": 330985, 
        "long_term_average": 70850, 
        "date": "2015-05-31", 
        "operating_revenue": 67325, 
        "short_term_average": 67901
    }, 
    {
        "accumulated_operating_revenue_yoy": -7.886460661376016, 
        "accumulated_operating_revenue": 412980, 
        "long_term_average": 70514, 
        "date": "2015-06-30", 
        "operating_revenue": 81995, 
        "short_term_average": 73844
    }, 
    {
        "accumulated_operating_revenue_yoy": -4.062340168878166, 
        "accumulated_operating_revenue": 497077, 
        "long_term_average": 71706, 
        "date": "2015-07-31", 
        "operating_revenue": 84097, 
        "short_term_average": 77805
    }, 
    {
        "accumulated_operating_revenue_yoy": -2.6337770504908335, 
        "accumulated_operating_revenue": 570014, 
        "long_term_average": 72175, 
        "date": "2015-08-31", 
        "operating_revenue": 72937, 
        "short_term_average": 79676
    }
]