[
    {
        "date": "2011-09-30", 
        "operating_revenue": 1573653, 
        "accumulated_operating_revenue": 1573653, 
        "long_term_average": 1573653, 
        "short_term_average": 1573653
    }, 
    {
        "date": "2011-10-31", 
        "operating_revenue": 1452908, 
        "accumulated_operating_revenue": 3026561, 
        "long_term_average": 1513280, 
        "short_term_average": 1513280
    }, 
    {
        "date": "2011-11-30", 
        "operating_revenue": 1565523, 
        "accumulated_operating_revenue": 4592084, 
        "long_term_average": 1530694, 
        "short_term_average": 1530694
    }, 
    {
        "date": "2011-12-31", 
        "operating_revenue": 1543393, 
        "accumulated_operating_revenue": 6135477, 
        "long_term_average": 1533869, 
        "short_term_average": 1520608
    }, 
    {
        "date": "2012-01-31", 
        "operating_revenue": 1154630, 
        "accumulated_operating_revenue": 1154630, 
        "long_term_average": 1458021, 
        "short_term_average": 1421182
    }, 
    {
        "date": "2012-02-29", 
        "operating_revenue": 1409616, 
        "accumulated_operating_revenue": 2564246, 
        "long_term_average": 1449953, 
        "short_term_average": 1369213
    }, 
    {
        "date": "2012-03-31", 
        "operating_revenue": 1470877, 
        "accumulated_operating_revenue": 4035123, 
        "long_term_average": 1452942, 
        "short_term_average": 1345041
    }, 
    {
        "date": "2012-04-30", 
        "operating_revenue": 1443440, 
        "accumulated_operating_revenue": 5478563, 
        "long_term_average": 1451755, 
        "short_term_average": 1441311
    }, 
    {
        "date": "2012-05-31", 
        "operating_revenue": 1536451, 
        "accumulated_operating_revenue": 7015014, 
        "long_term_average": 1461165, 
        "short_term_average": 1483589
    }, 
    {
        "date": "2012-06-30", 
        "operating_revenue": 1488303, 
        "accumulated_operating_revenue": 8503317, 
        "long_term_average": 1463879, 
        "short_term_average": 1489398
    }, 
    {
        "date": "2012-07-31", 
        "operating_revenue": 1524307, 
        "accumulated_operating_revenue": 10027624, 
        "long_term_average": 1469372, 
        "short_term_average": 1516353
    }, 
    {
        "date": "2012-08-31", 
        "operating_revenue": 1529552, 
        "accumulated_operating_revenue": 11557176, 
        "long_term_average": 1474387, 
        "short_term_average": 1514054
    }, 
    {
        "accumulated_operating_revenue_yoy": 732.8399589998558, 
        "accumulated_operating_revenue": 13106011, 
        "long_term_average": 1472319, 
        "date": "2012-09-30", 
        "operating_revenue": 1548835, 
        "short_term_average": 1534231
    }, 
    {
        "accumulated_operating_revenue_yoy": 382.8838738092508, 
        "accumulated_operating_revenue": 14614775, 
        "long_term_average": 1476974, 
        "date": "2012-10-31", 
        "operating_revenue": 1508764, 
        "short_term_average": 1529050
    }, 
    {
        "accumulated_operating_revenue_yoy": 252.76989706634288, 
        "accumulated_operating_revenue": 16199490, 
        "long_term_average": 1478573, 
        "date": "2012-11-30", 
        "operating_revenue": 1584715, 
        "short_term_average": 1547438
    }, 
    {
        "accumulated_operating_revenue_yoy": 189.8266426554936, 
        "accumulated_operating_revenue": 17782247, 
        "long_term_average": 1481853, 
        "date": "2012-12-31", 
        "operating_revenue": 1582757, 
        "short_term_average": 1558745
    }, 
    {
        "accumulated_operating_revenue_yoy": 24.94721252695669, 
        "accumulated_operating_revenue": 1442678, 
        "long_term_average": 1505857, 
        "date": "2013-01-31", 
        "operating_revenue": 1442678, 
        "short_term_average": 1536716
    }, 
    {
        "accumulated_operating_revenue_yoy": 3.6795611653484106, 
        "accumulated_operating_revenue": 2658599, 
        "long_term_average": 1489716, 
        "date": "2013-02-28", 
        "operating_revenue": 1215921, 
        "short_term_average": 1413785
    }, 
    {
        "accumulated_operating_revenue_yoy": 3.872893093965166, 
        "accumulated_operating_revenue": 4191399, 
        "long_term_average": 1494876, 
        "date": "2013-03-31", 
        "operating_revenue": 1532800, 
        "short_term_average": 1397133
    }, 
    {
        "accumulated_operating_revenue_yoy": 5.039551429818367, 
        "accumulated_operating_revenue": 5754658, 
        "long_term_average": 1504861, 
        "date": "2013-04-30", 
        "operating_revenue": 1563259, 
        "short_term_average": 1437326
    }, 
    {
        "accumulated_operating_revenue_yoy": 5.729297190283583, 
        "accumulated_operating_revenue": 7416925, 
        "long_term_average": 1515346, 
        "date": "2013-05-31", 
        "operating_revenue": 1662267, 
        "short_term_average": 1586108
    }, 
    {
        "accumulated_operating_revenue_yoy": 6.569706856747784, 
        "accumulated_operating_revenue": 9061960, 
        "long_term_average": 1528407, 
        "date": "2013-06-30", 
        "operating_revenue": 1645035, 
        "short_term_average": 1623520
    }, 
    {
        "accumulated_operating_revenue_yoy": 7.697476490941424, 
        "accumulated_operating_revenue": 10799498, 
        "long_term_average": 1546176, 
        "date": "2013-07-31", 
        "operating_revenue": 1737538, 
        "short_term_average": 1681613
    }, 
    {
        "accumulated_operating_revenue_yoy": 8.478083227252055, 
        "accumulated_operating_revenue": 12537003, 
        "long_term_average": 1563506, 
        "date": "2013-08-31", 
        "operating_revenue": 1737505, 
        "short_term_average": 1706692
    }, 
    {
        "accumulated_operating_revenue_yoy": 8.507279598651337, 
        "accumulated_operating_revenue": 14220976, 
        "long_term_average": 1574767, 
        "date": "2013-09-30", 
        "operating_revenue": 1683973, 
        "short_term_average": 1719672
    }, 
    {
        "accumulated_operating_revenue_yoy": 9.724775099171898, 
        "accumulated_operating_revenue": 16036029, 
        "long_term_average": 1600291, 
        "date": "2013-10-31", 
        "operating_revenue": 1815053, 
        "short_term_average": 1745510
    }, 
    {
        "accumulated_operating_revenue_yoy": 10.841112899233247, 
        "accumulated_operating_revenue": 17955695, 
        "long_term_average": 1628204, 
        "date": "2013-11-30", 
        "operating_revenue": 1919666, 
        "short_term_average": 1806230
    }, 
    {
        "accumulated_operating_revenue_yoy": 12.413419968803717, 
        "accumulated_operating_revenue": 19989632, 
        "long_term_average": 1665802, 
        "date": "2013-12-31", 
        "operating_revenue": 2033937, 
        "short_term_average": 1922885
    }, 
    {
        "accumulated_operating_revenue_yoy": 19.184322489148652, 
        "accumulated_operating_revenue": 1719446, 
        "long_term_average": 1688866, 
        "date": "2014-01-31", 
        "operating_revenue": 1719446, 
        "short_term_average": 1891016
    }, 
    {
        "accumulated_operating_revenue_yoy": 30.042101121681004, 
        "accumulated_operating_revenue": 3457298, 
        "long_term_average": 1732360, 
        "date": "2014-02-28", 
        "operating_revenue": 1737852, 
        "short_term_average": 1830411
    }, 
    {
        "accumulated_operating_revenue_yoy": 33.56919730142609, 
        "accumulated_operating_revenue": 5598418, 
        "long_term_average": 1783054, 
        "date": "2014-03-31", 
        "operating_revenue": 2141120, 
        "short_term_average": 1866139
    }, 
    {
        "accumulated_operating_revenue_yoy": 35.537559312821024, 
        "accumulated_operating_revenue": 7799723, 
        "long_term_average": 1836224, 
        "date": "2014-04-30", 
        "operating_revenue": 2201305, 
        "short_term_average": 2026759
    }, 
    {
        "accumulated_operating_revenue_yoy": 32.751025526077186, 
        "accumulated_operating_revenue": 9846044, 
        "long_term_average": 1868229, 
        "date": "2014-05-31", 
        "operating_revenue": 2046321, 
        "short_term_average": 2129582
    }, 
    {
        "accumulated_operating_revenue_yoy": 30.643216257851503, 
        "accumulated_operating_revenue": 11838836, 
        "long_term_average": 1897209, 
        "date": "2014-06-30", 
        "operating_revenue": 1992792, 
        "short_term_average": 2080139
    }, 
    {
        "accumulated_operating_revenue_yoy": 28.884018497896847, 
        "accumulated_operating_revenue": 13918827, 
        "long_term_average": 1925746, 
        "date": "2014-07-31", 
        "operating_revenue": 2079991, 
        "short_term_average": 2039701
    }, 
    {
        "accumulated_operating_revenue_yoy": 27.120787958653274, 
        "accumulated_operating_revenue": 15937137, 
        "long_term_average": 1949147, 
        "date": "2014-08-31", 
        "operating_revenue": 2018310, 
        "short_term_average": 2030364
    }, 
    {
        "accumulated_operating_revenue_yoy": 26.364104685923106, 
        "accumulated_operating_revenue": 17970209, 
        "long_term_average": 1978238, 
        "date": "2014-09-30", 
        "operating_revenue": 2033072, 
        "short_term_average": 2043791
    }, 
    {
        "accumulated_operating_revenue_yoy": 24.54504790431596, 
        "accumulated_operating_revenue": 19972080, 
        "long_term_average": 1993806, 
        "date": "2014-10-31", 
        "operating_revenue": 2001871, 
        "short_term_average": 2017751
    }, 
    {
        "accumulated_operating_revenue_yoy": 22.314702939652296, 
        "accumulated_operating_revenue": 21962455, 
        "long_term_average": 1999699, 
        "date": "2014-11-30", 
        "operating_revenue": 1990375, 
        "short_term_average": 2008439
    }, 
    {
        "accumulated_operating_revenue_yoy": 20.295926408250036, 
        "accumulated_operating_revenue": 24046713, 
        "long_term_average": 2003892, 
        "date": "2014-12-31", 
        "operating_revenue": 2084258, 
        "short_term_average": 2025501
    }, 
    {
        "accumulated_operating_revenue_yoy": 23.17525528571412, 
        "accumulated_operating_revenue": 2117932, 
        "long_term_average": 2037099, 
        "date": "2015-01-31", 
        "operating_revenue": 2117932, 
        "short_term_average": 2064188
    }, 
    {
        "accumulated_operating_revenue_yoy": 12.02762966918096, 
        "accumulated_operating_revenue": 3873129, 
        "long_term_average": 2038545, 
        "date": "2015-02-28", 
        "operating_revenue": 1755197, 
        "short_term_average": 1985795
    }, 
    {
        "accumulated_operating_revenue_yoy": 5.163029984542062, 
        "accumulated_operating_revenue": 5887466, 
        "long_term_average": 2027980, 
        "date": "2015-03-31", 
        "operating_revenue": 2014337, 
        "short_term_average": 1962488
    }, 
    {
        "accumulated_operating_revenue_yoy": 3.0752886993550925, 
        "accumulated_operating_revenue": 8039587, 
        "long_term_average": 2023881, 
        "date": "2015-04-30", 
        "operating_revenue": 2152121, 
        "short_term_average": 1973885
    }, 
    {
        "accumulated_operating_revenue_yoy": 2.0220405271396307, 
        "accumulated_operating_revenue": 10045135, 
        "long_term_average": 2020483, 
        "date": "2015-05-31", 
        "operating_revenue": 2005548, 
        "short_term_average": 2057335
    }, 
    {
        "accumulated_operating_revenue_yoy": 2.284717855708112, 
        "accumulated_operating_revenue": 12109320, 
        "long_term_average": 2026433, 
        "date": "2015-06-30", 
        "operating_revenue": 2064185, 
        "short_term_average": 2073951
    }, 
    {
        "accumulated_operating_revenue_yoy": 2.8742939329585746, 
        "accumulated_operating_revenue": 14318895, 
        "long_term_average": 2037231, 
        "date": "2015-07-31", 
        "operating_revenue": 2209575, 
        "short_term_average": 2093102
    }, 
    {
        "accumulated_operating_revenue_yoy": 3.859018090890478, 
        "accumulated_operating_revenue": 16552154, 
        "long_term_average": 2055144, 
        "date": "2015-08-31", 
        "operating_revenue": 2233259, 
        "short_term_average": 2169006
    }
]