[
    {
        "date": "2012-01-31", 
        "operating_revenue": 153078, 
        "accumulated_operating_revenue": 153078, 
        "long_term_average": 153078, 
        "short_term_average": 153078
    }, 
    {
        "date": "2012-02-29", 
        "operating_revenue": 51078, 
        "accumulated_operating_revenue": 204156, 
        "long_term_average": 102078, 
        "short_term_average": 102078
    }, 
    {
        "date": "2012-03-31", 
        "operating_revenue": 11267, 
        "accumulated_operating_revenue": 215423, 
        "long_term_average": 71807, 
        "short_term_average": 71807
    }, 
    {
        "date": "2012-04-30", 
        "operating_revenue": 32516, 
        "accumulated_operating_revenue": 247939, 
        "long_term_average": 61984, 
        "short_term_average": 31620
    }, 
    {
        "date": "2012-05-31", 
        "operating_revenue": 22371, 
        "accumulated_operating_revenue": 270310, 
        "long_term_average": 54062, 
        "short_term_average": 22051
    }, 
    {
        "date": "2012-06-30", 
        "operating_revenue": 13125, 
        "accumulated_operating_revenue": 283435, 
        "long_term_average": 47239, 
        "short_term_average": 22670
    }, 
    {
        "date": "2012-07-31", 
        "operating_revenue": 33734, 
        "accumulated_operating_revenue": 317169, 
        "long_term_average": 45309, 
        "short_term_average": 23076
    }, 
    {
        "date": "2012-08-31", 
        "operating_revenue": 19869, 
        "accumulated_operating_revenue": 337038, 
        "long_term_average": 42129, 
        "short_term_average": 22242
    }, 
    {
        "date": "2012-09-30", 
        "operating_revenue": 33161, 
        "accumulated_operating_revenue": 370199, 
        "long_term_average": 41133, 
        "short_term_average": 28921
    }, 
    {
        "date": "2012-10-31", 
        "operating_revenue": 16920, 
        "accumulated_operating_revenue": 387119, 
        "long_term_average": 38711, 
        "short_term_average": 23316
    }, 
    {
        "date": "2012-11-30", 
        "operating_revenue": 87951, 
        "accumulated_operating_revenue": 475070, 
        "long_term_average": 43188, 
        "short_term_average": 46010
    }, 
    {
        "date": "2012-12-31", 
        "operating_revenue": 25055, 
        "accumulated_operating_revenue": 500125, 
        "long_term_average": 41677, 
        "short_term_average": 43308
    }, 
    {
        "accumulated_operating_revenue_yoy": -92.10206561360876, 
        "accumulated_operating_revenue": 12090, 
        "long_term_average": 29928, 
        "date": "2013-01-31", 
        "operating_revenue": 12090, 
        "short_term_average": 41698
    }, 
    {
        "accumulated_operating_revenue_yoy": -87.75250298791121, 
        "accumulated_operating_revenue": 25004, 
        "long_term_average": 26747, 
        "date": "2013-02-28", 
        "operating_revenue": 12914, 
        "short_term_average": 16686
    }, 
    {
        "accumulated_operating_revenue_yoy": -82.61745496070522, 
        "accumulated_operating_revenue": 37446, 
        "long_term_average": 26845, 
        "date": "2013-03-31", 
        "operating_revenue": 12442, 
        "short_term_average": 12482
    }, 
    {
        "accumulated_operating_revenue_yoy": -78.58303856997084, 
        "accumulated_operating_revenue": 53101, 
        "long_term_average": 25440, 
        "date": "2013-04-30", 
        "operating_revenue": 15655, 
        "short_term_average": 13670
    }, 
    {
        "accumulated_operating_revenue_yoy": -71.49753986164033, 
        "accumulated_operating_revenue": 77045, 
        "long_term_average": 25571, 
        "date": "2013-05-31", 
        "operating_revenue": 23944, 
        "short_term_average": 17347
    }, 
    {
        "accumulated_operating_revenue_yoy": -66.76839487007604, 
        "accumulated_operating_revenue": 94190, 
        "long_term_average": 25906, 
        "date": "2013-06-30", 
        "operating_revenue": 17145, 
        "short_term_average": 18914
    }, 
    {
        "accumulated_operating_revenue_yoy": -64.3038884632483, 
        "accumulated_operating_revenue": 113217, 
        "long_term_average": 24681, 
        "date": "2013-07-31", 
        "operating_revenue": 19027, 
        "short_term_average": 20038
    }, 
    {
        "accumulated_operating_revenue_yoy": -56.59302511882933, 
        "accumulated_operating_revenue": 146298, 
        "long_term_average": 25782, 
        "date": "2013-08-31", 
        "operating_revenue": 33081, 
        "short_term_average": 23084
    }, 
    {
        "accumulated_operating_revenue_yoy": -49.46123571376476, 
        "accumulated_operating_revenue": 187094, 
        "long_term_average": 26418, 
        "date": "2013-09-30", 
        "operating_revenue": 40796, 
        "short_term_average": 30968
    }, 
    {
        "accumulated_operating_revenue_yoy": -38.660463578382874, 
        "accumulated_operating_revenue": 237457, 
        "long_term_average": 29205, 
        "date": "2013-10-31", 
        "operating_revenue": 50363, 
        "short_term_average": 41413
    }, 
    {
        "accumulated_operating_revenue_yoy": -28.305933862378176, 
        "accumulated_operating_revenue": 340597, 
        "long_term_average": 30471, 
        "date": "2013-11-30", 
        "operating_revenue": 103140, 
        "short_term_average": 64766
    }, 
    {
        "accumulated_operating_revenue_yoy": 32.68662834291427, 
        "accumulated_operating_revenue": 663599, 
        "long_term_average": 55299, 
        "date": "2013-12-31", 
        "operating_revenue": 323002, 
        "short_term_average": 158835
    }, 
    {
        "accumulated_operating_revenue_yoy": 381.9933829611249, 
        "accumulated_operating_revenue": 58273, 
        "long_term_average": 59148, 
        "date": "2014-01-31", 
        "operating_revenue": 58273, 
        "short_term_average": 161471
    }, 
    {
        "accumulated_operating_revenue_yoy": 526.7517197248441, 
        "accumulated_operating_revenue": 156713, 
        "long_term_average": 66275, 
        "date": "2014-02-28", 
        "operating_revenue": 98440, 
        "short_term_average": 159905
    }, 
    {
        "accumulated_operating_revenue_yoy": 605.6988730438497, 
        "accumulated_operating_revenue": 264256, 
        "long_term_average": 74200, 
        "date": "2014-03-31", 
        "operating_revenue": 107543, 
        "short_term_average": 88085
    }, 
    {
        "accumulated_operating_revenue_yoy": 636.7149394550008, 
        "accumulated_operating_revenue": 391203, 
        "long_term_average": 83475, 
        "date": "2014-04-30", 
        "operating_revenue": 126947, 
        "short_term_average": 110976
    }, 
    {
        "accumulated_operating_revenue_yoy": 579.0005840742423, 
        "accumulated_operating_revenue": 523136, 
        "long_term_average": 92474, 
        "date": "2014-05-31", 
        "operating_revenue": 131933, 
        "short_term_average": 122141
    }, 
    {
        "accumulated_operating_revenue_yoy": 609.5424142690307, 
        "accumulated_operating_revenue": 668318, 
        "long_term_average": 103143, 
        "date": "2014-06-30", 
        "operating_revenue": 145182, 
        "short_term_average": 134687
    }, 
    {
        "accumulated_operating_revenue_yoy": 594.8532464205906, 
        "accumulated_operating_revenue": 786692, 
        "long_term_average": 111422, 
        "date": "2014-07-31", 
        "operating_revenue": 118374, 
        "short_term_average": 131829
    }, 
    {
        "accumulated_operating_revenue_yoy": 524.5280181547253, 
        "accumulated_operating_revenue": 913672, 
        "long_term_average": 119247, 
        "date": "2014-08-31", 
        "operating_revenue": 126980, 
        "short_term_average": 130178
    }, 
    {
        "accumulated_operating_revenue_yoy": 445.39536275882716, 
        "accumulated_operating_revenue": 1020402, 
        "long_term_average": 124742, 
        "date": "2014-09-30", 
        "operating_revenue": 106730, 
        "short_term_average": 117361
    }, 
    {
        "accumulated_operating_revenue_yoy": 383.84296946394505, 
        "accumulated_operating_revenue": 1148919, 
        "long_term_average": 131255, 
        "date": "2014-10-31", 
        "operating_revenue": 128517, 
        "short_term_average": 120742
    }, 
    {
        "accumulated_operating_revenue_yoy": 282.8586276449881, 
        "accumulated_operating_revenue": 1304005, 
        "long_term_average": 135583, 
        "date": "2014-11-30", 
        "operating_revenue": 155086, 
        "short_term_average": 130111
    }, 
    {
        "accumulated_operating_revenue_yoy": 118.79161963776316, 
        "accumulated_operating_revenue": 1451899, 
        "long_term_average": 120991, 
        "date": "2014-12-31", 
        "operating_revenue": 147894, 
        "short_term_average": 143832
    }, 
    {
        "accumulated_operating_revenue_yoy": 88.22954026736224, 
        "accumulated_operating_revenue": 109687, 
        "long_term_average": 125276, 
        "date": "2015-01-31", 
        "operating_revenue": 109687, 
        "short_term_average": 137555
    }, 
    {
        "accumulated_operating_revenue_yoy": 25.662835884706436, 
        "accumulated_operating_revenue": 196930, 
        "long_term_average": 124343, 
        "date": "2015-02-28", 
        "operating_revenue": 87243, 
        "short_term_average": 114941
    }, 
    {
        "accumulated_operating_revenue_yoy": 5.994187454589489, 
        "accumulated_operating_revenue": 280096, 
        "long_term_average": 122311, 
        "date": "2015-03-31", 
        "operating_revenue": 83166, 
        "short_term_average": 93365
    }, 
    {
        "accumulated_operating_revenue_yoy": -6.941920179548726, 
        "accumulated_operating_revenue": 364046, 
        "long_term_average": 118728, 
        "date": "2015-04-30", 
        "operating_revenue": 83950, 
        "short_term_average": 84786
    }, 
    {
        "accumulated_operating_revenue_yoy": -11.054677942255934, 
        "accumulated_operating_revenue": 465305, 
        "long_term_average": 116172, 
        "date": "2015-05-31", 
        "operating_revenue": 101259, 
        "short_term_average": 89458
    }, 
    {
        "accumulated_operating_revenue_yoy": -17.119993775418287, 
        "accumulated_operating_revenue": 553902, 
        "long_term_average": 111456, 
        "date": "2015-06-30", 
        "operating_revenue": 88597, 
        "short_term_average": 91268
    }, 
    {
        "accumulated_operating_revenue_yoy": -18.048105230509528, 
        "accumulated_operating_revenue": 644709, 
        "long_term_average": 109159, 
        "date": "2015-07-31", 
        "operating_revenue": 90807, 
        "short_term_average": 93554
    }, 
    {
        "accumulated_operating_revenue_yoy": -16.308040522200525, 
        "accumulated_operating_revenue": 764670, 
        "long_term_average": 108574, 
        "date": "2015-08-31", 
        "operating_revenue": 119961, 
        "short_term_average": 99788
    }
]