[
    {
        "date": "2011-09-30", 
        "operating_revenue": 2709229, 
        "accumulated_operating_revenue": 2709229, 
        "long_term_average": 2709229, 
        "short_term_average": 2709229
    }, 
    {
        "date": "2011-10-31", 
        "operating_revenue": 2126994, 
        "accumulated_operating_revenue": 4836223, 
        "long_term_average": 2418111, 
        "short_term_average": 2418111
    }, 
    {
        "date": "2011-11-30", 
        "operating_revenue": 2027400, 
        "accumulated_operating_revenue": 6863623, 
        "long_term_average": 2287874, 
        "short_term_average": 2287874
    }, 
    {
        "date": "2011-12-31", 
        "operating_revenue": 1982924, 
        "accumulated_operating_revenue": 8846547, 
        "long_term_average": 2211636, 
        "short_term_average": 2045772
    }, 
    {
        "date": "2012-01-31", 
        "operating_revenue": 1268865, 
        "accumulated_operating_revenue": 1268865, 
        "long_term_average": 2023082, 
        "short_term_average": 1759729
    }, 
    {
        "date": "2012-02-29", 
        "operating_revenue": 1724974, 
        "accumulated_operating_revenue": 2993839, 
        "long_term_average": 1973397, 
        "short_term_average": 1658921
    }, 
    {
        "date": "2012-03-31", 
        "operating_revenue": 1980318, 
        "accumulated_operating_revenue": 4974157, 
        "long_term_average": 1974386, 
        "short_term_average": 1658052
    }, 
    {
        "date": "2012-04-30", 
        "operating_revenue": 1585725, 
        "accumulated_operating_revenue": 6559882, 
        "long_term_average": 1925803, 
        "short_term_average": 1763672
    }, 
    {
        "date": "2012-05-31", 
        "operating_revenue": 1829379, 
        "accumulated_operating_revenue": 8389261, 
        "long_term_average": 1915089, 
        "short_term_average": 1798474
    }, 
    {
        "date": "2012-06-30", 
        "operating_revenue": 1818839, 
        "accumulated_operating_revenue": 10208100, 
        "long_term_average": 1905464, 
        "short_term_average": 1744647
    }, 
    {
        "date": "2012-07-31", 
        "operating_revenue": 1802578, 
        "accumulated_operating_revenue": 12010678, 
        "long_term_average": 1896111, 
        "short_term_average": 1816932
    }, 
    {
        "date": "2012-08-31", 
        "operating_revenue": 1864659, 
        "accumulated_operating_revenue": 13875337, 
        "long_term_average": 1893490, 
        "short_term_average": 1828692
    }, 
    {
        "accumulated_operating_revenue_yoy": 480.6787096993277, 
        "accumulated_operating_revenue": 15731916, 
        "long_term_average": 1822436, 
        "date": "2012-09-30", 
        "operating_revenue": 1856579, 
        "short_term_average": 1841272
    }, 
    {
        "accumulated_operating_revenue_yoy": 266.25391343616707, 
        "accumulated_operating_revenue": 17712856, 
        "long_term_average": 1810265, 
        "date": "2012-10-31", 
        "operating_revenue": 1980940, 
        "short_term_average": 1900726
    }, 
    {
        "accumulated_operating_revenue_yoy": 182.36869944634196, 
        "accumulated_operating_revenue": 19380723, 
        "long_term_average": 1780303, 
        "date": "2012-11-30", 
        "operating_revenue": 1667867, 
        "short_term_average": 1835128
    }, 
    {
        "accumulated_operating_revenue_yoy": 133.6289175878453, 
        "accumulated_operating_revenue": 20668092, 
        "long_term_average": 1722341, 
        "date": "2012-12-31", 
        "operating_revenue": 1287369, 
        "short_term_average": 1645392
    }, 
    {
        "accumulated_operating_revenue_yoy": 12.860706221702072, 
        "accumulated_operating_revenue": 1432050, 
        "long_term_average": 1735939, 
        "date": "2013-01-31", 
        "operating_revenue": 1432050, 
        "short_term_average": 1462428
    }, 
    {
        "accumulated_operating_revenue_yoy": -25.09082819750828, 
        "accumulated_operating_revenue": 2242660, 
        "long_term_average": 1659742, 
        "date": "2013-02-28", 
        "operating_revenue": 810610, 
        "short_term_average": 1176676
    }, 
    {
        "accumulated_operating_revenue_yoy": -27.664667600962332, 
        "accumulated_operating_revenue": 3598073, 
        "long_term_average": 1607667, 
        "date": "2013-03-31", 
        "operating_revenue": 1355413, 
        "short_term_average": 1199357
    }, 
    {
        "accumulated_operating_revenue_yoy": -24.655748380839775, 
        "accumulated_operating_revenue": 4942494, 
        "long_term_average": 1587558, 
        "date": "2013-04-30", 
        "operating_revenue": 1344421, 
        "short_term_average": 1170148
    }, 
    {
        "accumulated_operating_revenue_yoy": -24.69482115290012, 
        "accumulated_operating_revenue": 6317548, 
        "long_term_average": 1549698, 
        "date": "2013-05-31", 
        "operating_revenue": 1375054, 
        "short_term_average": 1358296
    }, 
    {
        "accumulated_operating_revenue_yoy": -23.561701002145355, 
        "accumulated_operating_revenue": 7802898, 
        "long_term_average": 1521907, 
        "date": "2013-06-30", 
        "operating_revenue": 1485350, 
        "short_term_average": 1401608
    }, 
    {
        "accumulated_operating_revenue_yoy": -20.52492790165551, 
        "accumulated_operating_revenue": 9545495, 
        "long_term_average": 1516909, 
        "date": "2013-07-31", 
        "operating_revenue": 1742597, 
        "short_term_average": 1534333
    }, 
    {
        "accumulated_operating_revenue_yoy": -18.887094417959002, 
        "accumulated_operating_revenue": 11254689, 
        "long_term_average": 1503953, 
        "date": "2013-08-31", 
        "operating_revenue": 1709194, 
        "short_term_average": 1645713
    }, 
    {
        "accumulated_operating_revenue_yoy": -18.199429745238916, 
        "accumulated_operating_revenue": 12868797, 
        "long_term_average": 1483747, 
        "date": "2013-09-30", 
        "operating_revenue": 1614108, 
        "short_term_average": 1688633
    }, 
    {
        "accumulated_operating_revenue_yoy": -18.376737212790527, 
        "accumulated_operating_revenue": 14457811, 
        "long_term_average": 1451087, 
        "date": "2013-10-31", 
        "operating_revenue": 1589014, 
        "short_term_average": 1637438
    }, 
    {
        "accumulated_operating_revenue_yoy": -17.39944892664737, 
        "accumulated_operating_revenue": 16008584, 
        "long_term_average": 1441329, 
        "date": "2013-11-30", 
        "operating_revenue": 1550773, 
        "short_term_average": 1584631
    }, 
    {
        "accumulated_operating_revenue_yoy": -15.898177732129312, 
        "accumulated_operating_revenue": 17382242, 
        "long_term_average": 1448520, 
        "date": "2013-12-31", 
        "operating_revenue": 1373658, 
        "short_term_average": 1504481
    }, 
    {
        "accumulated_operating_revenue_yoy": 2.348730840403617, 
        "accumulated_operating_revenue": 1465685, 
        "long_term_average": 1451323, 
        "date": "2014-01-31", 
        "operating_revenue": 1465685, 
        "short_term_average": 1463372
    }, 
    {
        "accumulated_operating_revenue_yoy": 18.78768961857794, 
        "accumulated_operating_revenue": 2664004, 
        "long_term_average": 1483632, 
        "date": "2014-02-28", 
        "operating_revenue": 1198319, 
        "short_term_average": 1345887
    }, 
    {
        "accumulated_operating_revenue_yoy": 15.19477231284635, 
        "accumulated_operating_revenue": 4144792, 
        "long_term_average": 1494080, 
        "date": "2014-03-31", 
        "operating_revenue": 1480788, 
        "short_term_average": 1381597
    }, 
    {
        "accumulated_operating_revenue_yoy": 12.518295419276178, 
        "accumulated_operating_revenue": 5561210, 
        "long_term_average": 1500079, 
        "date": "2014-04-30", 
        "operating_revenue": 1416418, 
        "short_term_average": 1365175
    }, 
    {
        "accumulated_operating_revenue_yoy": 12.909438915224705, 
        "accumulated_operating_revenue": 7133108, 
        "long_term_average": 1516483, 
        "date": "2014-05-31", 
        "operating_revenue": 1571898, 
        "short_term_average": 1489701
    }, 
    {
        "accumulated_operating_revenue_yoy": 9.337030933891485, 
        "accumulated_operating_revenue": 8531457, 
        "long_term_average": 1509233, 
        "date": "2014-06-30", 
        "operating_revenue": 1398349, 
        "short_term_average": 1462221
    }, 
    {
        "accumulated_operating_revenue_yoy": 6.320080833943133, 
        "accumulated_operating_revenue": 10148778, 
        "long_term_average": 1498793, 
        "date": "2014-07-31", 
        "operating_revenue": 1617321, 
        "short_term_average": 1529189
    }, 
    {
        "accumulated_operating_revenue_yoy": 3.551524169170734, 
        "accumulated_operating_revenue": 11654402, 
        "long_term_average": 1481829, 
        "date": "2014-08-31", 
        "operating_revenue": 1505624, 
        "short_term_average": 1507098
    }, 
    {
        "accumulated_operating_revenue_yoy": 3.5014306310061456, 
        "accumulated_operating_revenue": 13319389, 
        "long_term_average": 1486069, 
        "date": "2014-09-30", 
        "operating_revenue": 1664987, 
        "short_term_average": 1595977
    }, 
    {
        "accumulated_operating_revenue_yoy": 2.5446867440721146, 
        "accumulated_operating_revenue": 14825717, 
        "long_term_average": 1479179, 
        "date": "2014-10-31", 
        "operating_revenue": 1506328, 
        "short_term_average": 1558979
    }, 
    {
        "accumulated_operating_revenue_yoy": 1.7822688127819424, 
        "accumulated_operating_revenue": 16293900, 
        "long_term_average": 1472296, 
        "date": "2014-11-30", 
        "operating_revenue": 1468183, 
        "short_term_average": 1546499
    }, 
    {
        "accumulated_operating_revenue_yoy": 1.7586108857534029, 
        "accumulated_operating_revenue": 17687928, 
        "long_term_average": 1473994, 
        "date": "2014-12-31", 
        "operating_revenue": 1394028, 
        "short_term_average": 1456179
    }, 
    {
        "accumulated_operating_revenue_yoy": 7.572295547815526, 
        "accumulated_operating_revenue": 1576671, 
        "long_term_average": 1483242, 
        "date": "2015-01-31", 
        "operating_revenue": 1576671, 
        "short_term_average": 1479627
    }, 
    {
        "accumulated_operating_revenue_yoy": -5.086516386612032, 
        "accumulated_operating_revenue": 2528499, 
        "long_term_average": 1462701, 
        "date": "2015-02-28", 
        "operating_revenue": 951828, 
        "short_term_average": 1307509
    }, 
    {
        "accumulated_operating_revenue_yoy": -3.629084402787884, 
        "accumulated_operating_revenue": 3994374, 
        "long_term_average": 1461459, 
        "date": "2015-03-31", 
        "operating_revenue": 1465875, 
        "short_term_average": 1331458
    }, 
    {
        "accumulated_operating_revenue_yoy": -1.5118832052736726, 
        "accumulated_operating_revenue": 5477131, 
        "long_term_average": 1466987, 
        "date": "2015-04-30", 
        "operating_revenue": 1482757, 
        "short_term_average": 1300153
    }, 
    {
        "accumulated_operating_revenue_yoy": -1.3337243737232072, 
        "accumulated_operating_revenue": 7037972, 
        "long_term_average": 1466066, 
        "date": "2015-05-31", 
        "operating_revenue": 1560841, 
        "short_term_average": 1503157
    }, 
    {
        "accumulated_operating_revenue_yoy": 1.7023704157449309, 
        "accumulated_operating_revenue": 8676694, 
        "long_term_average": 1486097, 
        "date": "2015-06-30", 
        "operating_revenue": 1638722, 
        "short_term_average": 1560773
    }, 
    {
        "accumulated_operating_revenue_yoy": 1.9142304620319806, 
        "accumulated_operating_revenue": 10343049, 
        "long_term_average": 1490183, 
        "date": "2015-07-31", 
        "operating_revenue": 1666355, 
        "short_term_average": 1621972
    }, 
    {
        "accumulated_operating_revenue_yoy": 4.076657043407289, 
        "accumulated_operating_revenue": 12129512, 
        "long_term_average": 1513586, 
        "date": "2015-08-31", 
        "operating_revenue": 1786463, 
        "short_term_average": 1697180
    }, 
    {
        "accumulated_operating_revenue_yoy": 3.7722300925365273, 
        "accumulated_operating_revenue": 13821827, 
        "long_term_average": 1515863, 
        "date": "2015-09-30", 
        "operating_revenue": 1692315, 
        "short_term_average": 1715044
    }, 
    {
        "accumulated_operating_revenue_yoy": 3.7177628576074935, 
        "accumulated_operating_revenue": 15376902, 
        "long_term_average": 1519926, 
        "date": "2015-10-31", 
        "operating_revenue": 1555075, 
        "short_term_average": 1677951
    }
]