[
    {
        "date": "2011-09-30", 
        "operating_revenue": 142114, 
        "accumulated_operating_revenue": 142114, 
        "long_term_average": 142114, 
        "short_term_average": 142114
    }, 
    {
        "date": "2011-10-31", 
        "operating_revenue": 137439, 
        "accumulated_operating_revenue": 279553, 
        "long_term_average": 139776, 
        "short_term_average": 139776
    }, 
    {
        "date": "2011-11-30", 
        "operating_revenue": 116930, 
        "accumulated_operating_revenue": 396483, 
        "long_term_average": 132161, 
        "short_term_average": 132161
    }, 
    {
        "date": "2011-12-31", 
        "operating_revenue": 141193, 
        "accumulated_operating_revenue": 537676, 
        "long_term_average": 134419, 
        "short_term_average": 131854
    }, 
    {
        "date": "2012-01-31", 
        "operating_revenue": 92905, 
        "accumulated_operating_revenue": 92905, 
        "long_term_average": 126116, 
        "short_term_average": 117009
    }, 
    {
        "date": "2012-02-29", 
        "operating_revenue": 100614, 
        "accumulated_operating_revenue": 193519, 
        "long_term_average": 121865, 
        "short_term_average": 111570
    }, 
    {
        "date": "2012-03-31", 
        "operating_revenue": 150439, 
        "accumulated_operating_revenue": 343958, 
        "long_term_average": 125947, 
        "short_term_average": 114652
    }, 
    {
        "date": "2012-04-30", 
        "operating_revenue": 148137, 
        "accumulated_operating_revenue": 492095, 
        "long_term_average": 128721, 
        "short_term_average": 133063
    }, 
    {
        "date": "2012-05-31", 
        "operating_revenue": 157562, 
        "accumulated_operating_revenue": 649657, 
        "long_term_average": 131925, 
        "short_term_average": 152046
    }, 
    {
        "date": "2012-06-30", 
        "operating_revenue": 137580, 
        "accumulated_operating_revenue": 787237, 
        "long_term_average": 132491, 
        "short_term_average": 147759
    }, 
    {
        "date": "2012-07-31", 
        "operating_revenue": 128029, 
        "accumulated_operating_revenue": 915266, 
        "long_term_average": 132085, 
        "short_term_average": 141057
    }, 
    {
        "date": "2012-08-31", 
        "operating_revenue": 146504, 
        "accumulated_operating_revenue": 1061770, 
        "long_term_average": 133287, 
        "short_term_average": 137371
    }, 
    {
        "accumulated_operating_revenue_yoy": 748.3506199248491, 
        "accumulated_operating_revenue": 1205625, 
        "long_term_average": 133432, 
        "date": "2012-09-30", 
        "operating_revenue": 143855, 
        "short_term_average": 139462
    }, 
    {
        "accumulated_operating_revenue_yoy": 373.2115198191398, 
        "accumulated_operating_revenue": 1322877, 
        "long_term_average": 131750, 
        "date": "2012-10-31", 
        "operating_revenue": 117252, 
        "short_term_average": 135870
    }, 
    {
        "accumulated_operating_revenue_yoy": 269.7717178290116, 
        "accumulated_operating_revenue": 1466082, 
        "long_term_average": 133939, 
        "date": "2012-11-30", 
        "operating_revenue": 143205, 
        "short_term_average": 134770
    }, 
    {
        "accumulated_operating_revenue_yoy": 199.3285919401275, 
        "accumulated_operating_revenue": 1609418, 
        "long_term_average": 134118, 
        "date": "2012-12-31", 
        "operating_revenue": 143336, 
        "short_term_average": 134597
    }, 
    {
        "accumulated_operating_revenue_yoy": 43.17851568806846, 
        "accumulated_operating_revenue": 133020, 
        "long_term_average": 137461, 
        "date": "2013-01-31", 
        "operating_revenue": 133020, 
        "short_term_average": 139853
    }, 
    {
        "accumulated_operating_revenue_yoy": 9.50604333424625, 
        "accumulated_operating_revenue": 211915, 
        "long_term_average": 135651, 
        "date": "2013-02-28", 
        "operating_revenue": 78895, 
        "short_term_average": 118417
    }, 
    {
        "accumulated_operating_revenue_yoy": -6.0146878397943935, 
        "accumulated_operating_revenue": 323270, 
        "long_term_average": 132394, 
        "date": "2013-03-31", 
        "operating_revenue": 111355, 
        "short_term_average": 107756
    }, 
    {
        "accumulated_operating_revenue_yoy": -7.997236305997826, 
        "accumulated_operating_revenue": 452741, 
        "long_term_average": 130838, 
        "date": "2013-04-30", 
        "operating_revenue": 129471, 
        "short_term_average": 106573
    }, 
    {
        "accumulated_operating_revenue_yoy": -8.131983492827754, 
        "accumulated_operating_revenue": 596827, 
        "long_term_average": 129715, 
        "date": "2013-05-31", 
        "operating_revenue": 144086, 
        "short_term_average": 128304
    }, 
    {
        "accumulated_operating_revenue_yoy": -8.07444263925603, 
        "accumulated_operating_revenue": 723672, 
        "long_term_average": 128821, 
        "date": "2013-06-30", 
        "operating_revenue": 126845, 
        "short_term_average": 133467
    }, 
    {
        "accumulated_operating_revenue_yoy": -7.0329281323680775, 
        "accumulated_operating_revenue": 850896, 
        "long_term_average": 128754, 
        "date": "2013-07-31", 
        "operating_revenue": 127224, 
        "short_term_average": 132718
    }, 
    {
        "accumulated_operating_revenue_yoy": -9.275549318590654, 
        "accumulated_operating_revenue": 963285, 
        "long_term_average": 125911, 
        "date": "2013-08-31", 
        "operating_revenue": 112389, 
        "short_term_average": 122152
    }, 
    {
        "accumulated_operating_revenue_yoy": -10.816547433903576, 
        "accumulated_operating_revenue": 1075218, 
        "long_term_average": 123250, 
        "date": "2013-09-30", 
        "operating_revenue": 111933, 
        "short_term_average": 117182
    }, 
    {
        "accumulated_operating_revenue_yoy": -9.929570171678849, 
        "accumulated_operating_revenue": 1191521, 
        "long_term_average": 123171, 
        "date": "2013-10-31", 
        "operating_revenue": 116303, 
        "short_term_average": 113541
    }, 
    {
        "accumulated_operating_revenue_yoy": -10.701788849464082, 
        "accumulated_operating_revenue": 1309185, 
        "long_term_average": 121043, 
        "date": "2013-11-30", 
        "operating_revenue": 117664, 
        "short_term_average": 115300
    }, 
    {
        "accumulated_operating_revenue_yoy": -10.670689653029854, 
        "accumulated_operating_revenue": 1437682, 
        "long_term_average": 119806, 
        "date": "2013-12-31", 
        "operating_revenue": 128497, 
        "short_term_average": 120821
    }, 
    {
        "accumulated_operating_revenue_yoy": -9.727860472109457, 
        "accumulated_operating_revenue": 120080, 
        "long_term_average": 118728, 
        "date": "2014-01-31", 
        "operating_revenue": 120080, 
        "short_term_average": 122080
    }, 
    {
        "accumulated_operating_revenue_yoy": 4.903381072599863, 
        "accumulated_operating_revenue": 222306, 
        "long_term_average": 120672, 
        "date": "2014-02-28", 
        "operating_revenue": 102226, 
        "short_term_average": 116934
    }, 
    {
        "accumulated_operating_revenue_yoy": 12.873758777492498, 
        "accumulated_operating_revenue": 364887, 
        "long_term_average": 123274, 
        "date": "2014-03-31", 
        "operating_revenue": 142581, 
        "short_term_average": 121629
    }, 
    {
        "accumulated_operating_revenue_yoy": 15.8496800599018, 
        "accumulated_operating_revenue": 524499, 
        "long_term_average": 125786, 
        "date": "2014-04-30", 
        "operating_revenue": 159612, 
        "short_term_average": 134806
    }, 
    {
        "accumulated_operating_revenue_yoy": 14.565527363875963, 
        "accumulated_operating_revenue": 683758, 
        "long_term_average": 127051, 
        "date": "2014-05-31", 
        "operating_revenue": 159259, 
        "short_term_average": 153817
    }, 
    {
        "accumulated_operating_revenue_yoy": 15.18616168650991, 
        "accumulated_operating_revenue": 833570, 
        "long_term_average": 128965, 
        "date": "2014-06-30", 
        "operating_revenue": 149812, 
        "short_term_average": 156227
    }, 
    {
        "accumulated_operating_revenue_yoy": 14.877023749083317, 
        "accumulated_operating_revenue": 977484, 
        "long_term_average": 130355, 
        "date": "2014-07-31", 
        "operating_revenue": 143914, 
        "short_term_average": 150995
    }, 
    {
        "accumulated_operating_revenue_yoy": 15.024421640532138, 
        "accumulated_operating_revenue": 1108013, 
        "long_term_average": 131867, 
        "date": "2014-08-31", 
        "operating_revenue": 130529, 
        "short_term_average": 141418
    }, 
    {
        "accumulated_operating_revenue_yoy": 14.213210716338454, 
        "accumulated_operating_revenue": 1228041, 
        "long_term_average": 132542, 
        "date": "2014-09-30", 
        "operating_revenue": 120028, 
        "short_term_average": 131490
    }, 
    {
        "accumulated_operating_revenue_yoy": 13.188689078916779, 
        "accumulated_operating_revenue": 1348667, 
        "long_term_average": 132902, 
        "date": "2014-10-31", 
        "operating_revenue": 120626, 
        "short_term_average": 123727
    }, 
    {
        "accumulated_operating_revenue_yoy": 13.37542058608982, 
        "accumulated_operating_revenue": 1484294, 
        "long_term_average": 134399, 
        "date": "2014-11-30", 
        "operating_revenue": 135627, 
        "short_term_average": 125427
    }, 
    {
        "accumulated_operating_revenue_yoy": 14.931605181117938, 
        "accumulated_operating_revenue": 1652351, 
        "long_term_average": 137695, 
        "date": "2014-12-31", 
        "operating_revenue": 168057, 
        "short_term_average": 141436
    }, 
    {
        "accumulated_operating_revenue_yoy": 37.208527648234515, 
        "accumulated_operating_revenue": 164760, 
        "long_term_average": 141419, 
        "date": "2015-01-31", 
        "operating_revenue": 164760, 
        "short_term_average": 156148
    }, 
    {
        "accumulated_operating_revenue_yoy": 16.018011209773917, 
        "accumulated_operating_revenue": 257915, 
        "long_term_average": 140663, 
        "date": "2015-02-28", 
        "operating_revenue": 93155, 
        "short_term_average": 141990
    }, 
    {
        "accumulated_operating_revenue_yoy": 11.00916174048404, 
        "accumulated_operating_revenue": 405058, 
        "long_term_average": 141043, 
        "date": "2015-03-31", 
        "operating_revenue": 147143, 
        "short_term_average": 135019
    }, 
    {
        "accumulated_operating_revenue_yoy": 3.882562216515189, 
        "accumulated_operating_revenue": 544863, 
        "long_term_average": 139392, 
        "date": "2015-04-30", 
        "operating_revenue": 139805, 
        "short_term_average": 126701
    }, 
    {
        "accumulated_operating_revenue_yoy": 2.998868020556981, 
        "accumulated_operating_revenue": 704263, 
        "long_term_average": 139404, 
        "date": "2015-05-31", 
        "operating_revenue": 159400, 
        "short_term_average": 148782
    }, 
    {
        "accumulated_operating_revenue_yoy": 3.066449128447521, 
        "accumulated_operating_revenue": 859131, 
        "long_term_average": 139826, 
        "date": "2015-06-30", 
        "operating_revenue": 154868, 
        "short_term_average": 151357
    }, 
    {
        "accumulated_operating_revenue_yoy": 3.892851443092675, 
        "accumulated_operating_revenue": 1015536, 
        "long_term_average": 140866, 
        "date": "2015-07-31", 
        "operating_revenue": 156405, 
        "short_term_average": 156891
    }, 
    {
        "accumulated_operating_revenue_yoy": 3.8882215280867647, 
        "accumulated_operating_revenue": 1151095, 
        "long_term_average": 141286, 
        "date": "2015-08-31", 
        "operating_revenue": 135559, 
        "short_term_average": 148944
    }, 
    {
        "accumulated_operating_revenue_yoy": 6.788128409393497, 
        "accumulated_operating_revenue": 1311402, 
        "long_term_average": 144642, 
        "date": "2015-09-30", 
        "operating_revenue": 160307, 
        "short_term_average": 150757
    }
]