[
    {
        "date": "2012-01-31", 
        "operating_revenue": 326165, 
        "accumulated_operating_revenue": 326165, 
        "long_term_average": 326165, 
        "short_term_average": 326165
    }, 
    {
        "date": "2012-02-29", 
        "operating_revenue": 325775, 
        "accumulated_operating_revenue": 651940, 
        "long_term_average": 325970, 
        "short_term_average": 325970
    }, 
    {
        "date": "2012-03-31", 
        "operating_revenue": 476383, 
        "accumulated_operating_revenue": 1128323, 
        "long_term_average": 376107, 
        "short_term_average": 376107
    }, 
    {
        "date": "2012-04-30", 
        "operating_revenue": 435198, 
        "accumulated_operating_revenue": 1563521, 
        "long_term_average": 390880, 
        "short_term_average": 412452
    }, 
    {
        "date": "2012-05-31", 
        "operating_revenue": 505912, 
        "accumulated_operating_revenue": 2069433, 
        "long_term_average": 413886, 
        "short_term_average": 472497
    }, 
    {
        "date": "2012-06-30", 
        "operating_revenue": 429976, 
        "accumulated_operating_revenue": 2499409, 
        "long_term_average": 416568, 
        "short_term_average": 457028
    }, 
    {
        "date": "2012-07-31", 
        "operating_revenue": 521980, 
        "accumulated_operating_revenue": 3021389, 
        "long_term_average": 431627, 
        "short_term_average": 485956
    }, 
    {
        "date": "2012-08-31", 
        "operating_revenue": 524311, 
        "accumulated_operating_revenue": 3545700, 
        "long_term_average": 443212, 
        "short_term_average": 492089
    }, 
    {
        "date": "2012-09-30", 
        "operating_revenue": 581643, 
        "accumulated_operating_revenue": 4127343, 
        "long_term_average": 458593, 
        "short_term_average": 542644
    }, 
    {
        "date": "2012-10-31", 
        "operating_revenue": 463457, 
        "accumulated_operating_revenue": 4590800, 
        "long_term_average": 459080, 
        "short_term_average": 523137
    }, 
    {
        "date": "2012-11-30", 
        "operating_revenue": 483918, 
        "accumulated_operating_revenue": 5074718, 
        "long_term_average": 461338, 
        "short_term_average": 509672
    }, 
    {
        "date": "2012-12-31", 
        "operating_revenue": 437647, 
        "accumulated_operating_revenue": 5512365, 
        "long_term_average": 459363, 
        "short_term_average": 461674
    }, 
    {
        "accumulated_operating_revenue_yoy": 36.52384529302653, 
        "accumulated_operating_revenue": 445293, 
        "long_term_average": 469291, 
        "date": "2013-01-31", 
        "operating_revenue": 445293, 
        "short_term_average": 455619
    }, 
    {
        "accumulated_operating_revenue_yoy": 16.867196367763903, 
        "accumulated_operating_revenue": 761904, 
        "long_term_average": 468527, 
        "date": "2013-02-28", 
        "operating_revenue": 316611, 
        "short_term_average": 399850
    }, 
    {
        "accumulated_operating_revenue_yoy": 11.967495123293597, 
        "accumulated_operating_revenue": 1263355, 
        "long_term_average": 470616, 
        "date": "2013-03-31", 
        "operating_revenue": 501451, 
        "short_term_average": 421118
    }, 
    {
        "accumulated_operating_revenue_yoy": 8.624316526608853, 
        "accumulated_operating_revenue": 1698364, 
        "long_term_average": 470600, 
        "date": "2013-04-30", 
        "operating_revenue": 435009, 
        "short_term_average": 417690
    }, 
    {
        "accumulated_operating_revenue_yoy": 4.4708864698688, 
        "accumulated_operating_revenue": 2161955, 
        "long_term_average": 467073, 
        "date": "2013-05-31", 
        "operating_revenue": 463591, 
        "short_term_average": 466683
    }, 
    {
        "accumulated_operating_revenue_yoy": 1.770178470190353, 
        "accumulated_operating_revenue": 2543653, 
        "long_term_average": 463050, 
        "date": "2013-06-30", 
        "operating_revenue": 381698, 
        "short_term_average": 426766
    }, 
    {
        "accumulated_operating_revenue_yoy": -3.4377897053308923, 
        "accumulated_operating_revenue": 2917520, 
        "long_term_average": 450708, 
        "date": "2013-07-31", 
        "operating_revenue": 373867, 
        "short_term_average": 406385
    }, 
    {
        "accumulated_operating_revenue_yoy": -6.441069464421694, 
        "accumulated_operating_revenue": 3317319, 
        "long_term_average": 440332, 
        "date": "2013-08-31", 
        "operating_revenue": 399799, 
        "short_term_average": 385121
    }, 
    {
        "accumulated_operating_revenue_yoy": -11.07824089250639, 
        "accumulated_operating_revenue": 3670106, 
        "long_term_average": 421260, 
        "date": "2013-09-30", 
        "operating_revenue": 352787, 
        "short_term_average": 375484
    }, 
    {
        "accumulated_operating_revenue_yoy": -12.263243879062474, 
        "accumulated_operating_revenue": 4027819, 
        "long_term_average": 412448, 
        "date": "2013-10-31", 
        "operating_revenue": 357713, 
        "short_term_average": 370099
    }, 
    {
        "accumulated_operating_revenue_yoy": -11.496520594838964, 
        "accumulated_operating_revenue": 4491302, 
        "long_term_average": 410745, 
        "date": "2013-11-30", 
        "operating_revenue": 463483, 
        "short_term_average": 391327
    }, 
    {
        "accumulated_operating_revenue_yoy": -11.28279785536698, 
        "accumulated_operating_revenue": 4890416, 
        "long_term_average": 407534, 
        "date": "2013-12-31", 
        "operating_revenue": 399114, 
        "short_term_average": 406770
    }, 
    {
        "accumulated_operating_revenue_yoy": 5.26642008744804, 
        "accumulated_operating_revenue": 468744, 
        "long_term_average": 409488, 
        "date": "2014-01-31", 
        "operating_revenue": 468744, 
        "short_term_average": 443780
    }, 
    {
        "accumulated_operating_revenue_yoy": 5.32954282954283, 
        "accumulated_operating_revenue": 802510, 
        "long_term_average": 410918, 
        "date": "2014-02-28", 
        "operating_revenue": 333766, 
        "short_term_average": 400541
    }, 
    {
        "accumulated_operating_revenue_yoy": -0.8676896042680007, 
        "accumulated_operating_revenue": 1252393, 
        "long_term_average": 406621, 
        "date": "2014-03-31", 
        "operating_revenue": 449883, 
        "short_term_average": 417464
    }, 
    {
        "accumulated_operating_revenue_yoy": 7.17525807188565, 
        "accumulated_operating_revenue": 1820226, 
        "long_term_average": 417689, 
        "date": "2014-04-30", 
        "operating_revenue": 567833, 
        "short_term_average": 450494
    }, 
    {
        "accumulated_operating_revenue_yoy": 10.589165824450555, 
        "accumulated_operating_revenue": 2390888, 
        "long_term_average": 426612, 
        "date": "2014-05-31", 
        "operating_revenue": 570662, 
        "short_term_average": 529459
    }, 
    {
        "accumulated_operating_revenue_yoy": 15.222477279723295, 
        "accumulated_operating_revenue": 2930860, 
        "long_term_average": 439801, 
        "date": "2014-06-30", 
        "operating_revenue": 539972, 
        "short_term_average": 559489
    }, 
    {
        "accumulated_operating_revenue_yoy": 20.82816912994598, 
        "accumulated_operating_revenue": 3525186, 
        "long_term_average": 458173, 
        "date": "2014-07-31", 
        "operating_revenue": 594326, 
        "short_term_average": 568320
    }, 
    {
        "accumulated_operating_revenue_yoy": 28.723496293241617, 
        "accumulated_operating_revenue": 4270169, 
        "long_term_average": 486938, 
        "date": "2014-08-31", 
        "operating_revenue": 744983, 
        "short_term_average": 626427
    }, 
    {
        "accumulated_operating_revenue_yoy": 32.56287420581313, 
        "accumulated_operating_revenue": 4865198, 
        "long_term_average": 507125, 
        "date": "2014-09-30", 
        "operating_revenue": 595029, 
        "short_term_average": 644779
    }, 
    {
        "accumulated_operating_revenue_yoy": 32.090096402047855, 
        "accumulated_operating_revenue": 5320350, 
        "long_term_average": 515245, 
        "date": "2014-10-31", 
        "operating_revenue": 455152, 
        "short_term_average": 598388
    }, 
    {
        "accumulated_operating_revenue_yoy": 30.403388594220566, 
        "accumulated_operating_revenue": 5856810, 
        "long_term_average": 521327, 
        "date": "2014-11-30", 
        "operating_revenue": 536460, 
        "short_term_average": 528880
    }, 
    {
        "accumulated_operating_revenue_yoy": 30.281207161108586, 
        "accumulated_operating_revenue": 6371293, 
        "long_term_average": 530941, 
        "date": "2014-12-31", 
        "operating_revenue": 514483, 
        "short_term_average": 502031
    }, 
    {
        "accumulated_operating_revenue_yoy": 35.65293635758538, 
        "accumulated_operating_revenue": 635865, 
        "long_term_average": 544867, 
        "date": "2015-01-31", 
        "operating_revenue": 635865, 
        "short_term_average": 562269
    }, 
    {
        "accumulated_operating_revenue_yoy": 30.864412904512093, 
        "accumulated_operating_revenue": 1050200, 
        "long_term_average": 551581, 
        "date": "2015-02-28", 
        "operating_revenue": 414335, 
        "short_term_average": 521561
    }, 
    {
        "accumulated_operating_revenue_yoy": 34.78716345428312, 
        "accumulated_operating_revenue": 1688065, 
        "long_term_average": 567247, 
        "date": "2015-03-31", 
        "operating_revenue": 637865, 
        "short_term_average": 562688
    }, 
    {
        "accumulated_operating_revenue_yoy": 28.476299096925327, 
        "accumulated_operating_revenue": 2338559, 
        "long_term_average": 574135, 
        "date": "2015-04-30", 
        "operating_revenue": 650494, 
        "short_term_average": 567564
    }, 
    {
        "accumulated_operating_revenue_yoy": 30.733769210435618, 
        "accumulated_operating_revenue": 3125698, 
        "long_term_average": 592175, 
        "date": "2015-05-31", 
        "operating_revenue": 787139, 
        "short_term_average": 691832
    }, 
    {
        "accumulated_operating_revenue_yoy": 26.02870829722334, 
        "accumulated_operating_revenue": 3693725, 
        "long_term_average": 594513, 
        "date": "2015-06-30", 
        "operating_revenue": 568027, 
        "short_term_average": 668553
    }, 
    {
        "accumulated_operating_revenue_yoy": 18.818723324102614, 
        "accumulated_operating_revenue": 4188581, 
        "long_term_average": 586224, 
        "date": "2015-07-31", 
        "operating_revenue": 494856, 
        "short_term_average": 616674
    }, 
    {
        "accumulated_operating_revenue_yoy": 11.168223084379097, 
        "accumulated_operating_revenue": 4747071, 
        "long_term_average": 570682, 
        "date": "2015-08-31", 
        "operating_revenue": 558490, 
        "short_term_average": 540457
    }, 
    {
        "accumulated_operating_revenue_yoy": 8.499962385909063, 
        "accumulated_operating_revenue": 5278738, 
        "long_term_average": 565402, 
        "date": "2015-09-30", 
        "operating_revenue": 531667, 
        "short_term_average": 528337
    }, 
    {
        "accumulated_operating_revenue_yoy": 8.977003392633943, 
        "accumulated_operating_revenue": 5797958, 
        "long_term_average": 570741, 
        "date": "2015-10-31", 
        "operating_revenue": 519220, 
        "short_term_average": 536459
    }
]