[
    {
        "date": "2011-09-30", 
        "operating_revenue": 770394, 
        "accumulated_operating_revenue": 770394, 
        "long_term_average": 770394, 
        "short_term_average": 770394
    }, 
    {
        "date": "2011-10-31", 
        "operating_revenue": 813960, 
        "accumulated_operating_revenue": 1584354, 
        "long_term_average": 792177, 
        "short_term_average": 792177
    }, 
    {
        "date": "2011-11-30", 
        "operating_revenue": 770553, 
        "accumulated_operating_revenue": 2354907, 
        "long_term_average": 784969, 
        "short_term_average": 784969
    }, 
    {
        "date": "2011-12-31", 
        "operating_revenue": 714420, 
        "accumulated_operating_revenue": 3069327, 
        "long_term_average": 767331, 
        "short_term_average": 766311
    }, 
    {
        "date": "2012-01-31", 
        "operating_revenue": 710024, 
        "accumulated_operating_revenue": 710024, 
        "long_term_average": 755870, 
        "short_term_average": 731665
    }, 
    {
        "date": "2012-02-29", 
        "operating_revenue": 710494, 
        "accumulated_operating_revenue": 1420518, 
        "long_term_average": 748307, 
        "short_term_average": 711646
    }, 
    {
        "date": "2012-03-31", 
        "operating_revenue": 857285, 
        "accumulated_operating_revenue": 2277803, 
        "long_term_average": 763875, 
        "short_term_average": 759267
    }, 
    {
        "date": "2012-04-30", 
        "operating_revenue": 865605, 
        "accumulated_operating_revenue": 3143408, 
        "long_term_average": 776591, 
        "short_term_average": 811128
    }, 
    {
        "date": "2012-05-31", 
        "operating_revenue": 810160, 
        "accumulated_operating_revenue": 3953568, 
        "long_term_average": 780321, 
        "short_term_average": 844350
    }, 
    {
        "date": "2012-06-30", 
        "operating_revenue": 785943, 
        "accumulated_operating_revenue": 4739511, 
        "long_term_average": 780883, 
        "short_term_average": 820569
    }, 
    {
        "date": "2012-07-31", 
        "operating_revenue": 873665, 
        "accumulated_operating_revenue": 5613176, 
        "long_term_average": 789318, 
        "short_term_average": 823256
    }, 
    {
        "date": "2012-08-31", 
        "operating_revenue": 880119, 
        "accumulated_operating_revenue": 6493295, 
        "long_term_average": 796885, 
        "short_term_average": 846575
    }, 
    {
        "accumulated_operating_revenue_yoy": 860.6480580066823, 
        "accumulated_operating_revenue": 7400775, 
        "long_term_average": 808309, 
        "date": "2012-09-30", 
        "operating_revenue": 907480, 
        "short_term_average": 887088
    }, 
    {
        "accumulated_operating_revenue_yoy": 424.568814797703, 
        "accumulated_operating_revenue": 8311027, 
        "long_term_average": 816333, 
        "date": "2012-10-31", 
        "operating_revenue": 910252, 
        "short_term_average": 899283
    }, 
    {
        "accumulated_operating_revenue_yoy": 290.19812672007856, 
        "accumulated_operating_revenue": 9188803, 
        "long_term_average": 825268, 
        "date": "2012-11-30", 
        "operating_revenue": 877776, 
        "short_term_average": 898502
    }, 
    {
        "accumulated_operating_revenue_yoy": 226.22144854556066, 
        "accumulated_operating_revenue": 10012803, 
        "long_term_average": 834400, 
        "date": "2012-12-31", 
        "operating_revenue": 824000, 
        "short_term_average": 870676
    }, 
    {
        "accumulated_operating_revenue_yoy": 15.09498270480998, 
        "accumulated_operating_revenue": 817202, 
        "long_term_average": 843331, 
        "date": "2013-01-31", 
        "operating_revenue": 817202, 
        "short_term_average": 839659
    }, 
    {
        "accumulated_operating_revenue_yoy": 1.034904168760973, 
        "accumulated_operating_revenue": 1435219, 
        "long_term_average": 835625, 
        "date": "2013-02-28", 
        "operating_revenue": 618017, 
        "short_term_average": 753073
    }, 
    {
        "accumulated_operating_revenue_yoy": 1.8224578683933599, 
        "accumulated_operating_revenue": 2319315, 
        "long_term_average": 837859, 
        "date": "2013-03-31", 
        "operating_revenue": 884096, 
        "short_term_average": 773105
    }, 
    {
        "accumulated_operating_revenue_yoy": 2.0906290242946506, 
        "accumulated_operating_revenue": 3209125, 
        "long_term_average": 839876, 
        "date": "2013-04-30", 
        "operating_revenue": 889810, 
        "short_term_average": 797307
    }, 
    {
        "accumulated_operating_revenue_yoy": 4.1832592736485115, 
        "accumulated_operating_revenue": 4118956, 
        "long_term_average": 848182, 
        "date": "2013-05-31", 
        "operating_revenue": 909831, 
        "short_term_average": 894579
    }, 
    {
        "accumulated_operating_revenue_yoy": 5.913415962110859, 
        "accumulated_operating_revenue": 5019778, 
        "long_term_average": 857755, 
        "date": "2013-06-30", 
        "operating_revenue": 900822, 
        "short_term_average": 900154
    }, 
    {
        "accumulated_operating_revenue_yoy": 6.745468162765607, 
        "accumulated_operating_revenue": 5991811, 
        "long_term_average": 865953, 
        "date": "2013-07-31", 
        "operating_revenue": 972033, 
        "short_term_average": 927562
    }, 
    {
        "accumulated_operating_revenue_yoy": 7.385479945081812, 
        "accumulated_operating_revenue": 6972856, 
        "long_term_average": 874363, 
        "date": "2013-08-31", 
        "operating_revenue": 981045, 
        "short_term_average": 951300
    }, 
    {
        "accumulated_operating_revenue_yoy": 6.946515736527593, 
        "accumulated_operating_revenue": 7914871, 
        "long_term_average": 877241, 
        "date": "2013-09-30", 
        "operating_revenue": 942015, 
        "short_term_average": 965031
    }, 
    {
        "accumulated_operating_revenue_yoy": 6.063558691362692, 
        "accumulated_operating_revenue": 8814971, 
        "long_term_average": 876395, 
        "date": "2013-10-31", 
        "operating_revenue": 900100, 
        "short_term_average": 941053
    }, 
    {
        "accumulated_operating_revenue_yoy": 5.815806476643367, 
        "accumulated_operating_revenue": 9723206, 
        "long_term_average": 878933, 
        "date": "2013-11-30", 
        "operating_revenue": 908235, 
        "short_term_average": 916783
    }, 
    {
        "accumulated_operating_revenue_yoy": 5.627395245866717, 
        "accumulated_operating_revenue": 10576263, 
        "long_term_average": 881355, 
        "date": "2013-12-31", 
        "operating_revenue": 853057, 
        "short_term_average": 887130
    }, 
    {
        "accumulated_operating_revenue_yoy": 10.216323503858288, 
        "accumulated_operating_revenue": 900690, 
        "long_term_average": 888312, 
        "date": "2014-01-31", 
        "operating_revenue": 900690, 
        "short_term_average": 887327
    }, 
    {
        "accumulated_operating_revenue_yoy": 24.774128547629317, 
        "accumulated_operating_revenue": 1790782, 
        "long_term_average": 910985, 
        "date": "2014-02-28", 
        "operating_revenue": 890092, 
        "short_term_average": 881279
    }, 
    {
        "accumulated_operating_revenue_yoy": 18.31618387325568, 
        "accumulated_operating_revenue": 2744125, 
        "long_term_average": 916756, 
        "date": "2014-03-31", 
        "operating_revenue": 953343, 
        "short_term_average": 914708
    }, 
    {
        "accumulated_operating_revenue_yoy": 16.399859774860747, 
        "accumulated_operating_revenue": 3735417, 
        "long_term_average": 925212, 
        "date": "2014-04-30", 
        "operating_revenue": 991292, 
        "short_term_average": 944909
    }, 
    {
        "accumulated_operating_revenue_yoy": 15.22089578038707, 
        "accumulated_operating_revenue": 4745898, 
        "long_term_average": 933600, 
        "date": "2014-05-31", 
        "operating_revenue": 1010481, 
        "short_term_average": 985038
    }, 
    {
        "accumulated_operating_revenue_yoy": 14.786151897554035, 
        "accumulated_operating_revenue": 5762010, 
        "long_term_average": 943207, 
        "date": "2014-06-30", 
        "operating_revenue": 1016112, 
        "short_term_average": 1005961
    }, 
    {
        "accumulated_operating_revenue_yoy": 13.155588519063768, 
        "accumulated_operating_revenue": 6780069, 
        "long_term_average": 947043, 
        "date": "2014-07-31", 
        "operating_revenue": 1018059, 
        "short_term_average": 1014884
    }, 
    {
        "accumulated_operating_revenue_yoy": 11.326965593438327, 
        "accumulated_operating_revenue": 7762669, 
        "long_term_average": 947173, 
        "date": "2014-08-31", 
        "operating_revenue": 982600, 
        "short_term_average": 1005590
    }, 
    {
        "accumulated_operating_revenue_yoy": 10.672429152667176, 
        "accumulated_operating_revenue": 8759580, 
        "long_term_average": 951747, 
        "date": "2014-09-30", 
        "operating_revenue": 996911, 
        "short_term_average": 999190
    }, 
    {
        "accumulated_operating_revenue_yoy": 10.398366597008657, 
        "accumulated_operating_revenue": 9731584, 
        "long_term_average": 957739, 
        "date": "2014-10-31", 
        "operating_revenue": 972004, 
        "short_term_average": 983838
    }, 
    {
        "accumulated_operating_revenue_yoy": 10.086971313782717, 
        "accumulated_operating_revenue": 10703983, 
        "long_term_average": 963086, 
        "date": "2014-11-30", 
        "operating_revenue": 972399, 
        "short_term_average": 980438
    }, 
    {
        "accumulated_operating_revenue_yoy": 10.12670543461334, 
        "accumulated_operating_revenue": 11647290, 
        "long_term_average": 970607, 
        "date": "2014-12-31", 
        "operating_revenue": 943307, 
        "short_term_average": 962570
    }, 
    {
        "accumulated_operating_revenue_yoy": 15.731161664945764, 
        "accumulated_operating_revenue": 1042379, 
        "long_term_average": 982414, 
        "date": "2015-01-31", 
        "operating_revenue": 1042379, 
        "short_term_average": 986028
    }, 
    {
        "accumulated_operating_revenue_yoy": 9.094015910367649, 
        "accumulated_operating_revenue": 1953636, 
        "long_term_average": 984178, 
        "date": "2015-02-28", 
        "operating_revenue": 911257, 
        "short_term_average": 965647
    }, 
    {
        "accumulated_operating_revenue_yoy": 9.572559559057987, 
        "accumulated_operating_revenue": 3006808, 
        "long_term_average": 992497, 
        "date": "2015-03-31", 
        "operating_revenue": 1053172, 
        "short_term_average": 1002269
    }, 
    {
        "accumulated_operating_revenue_yoy": 9.230723102668323, 
        "accumulated_operating_revenue": 4080223, 
        "long_term_average": 999341, 
        "date": "2015-04-30", 
        "operating_revenue": 1073415, 
        "short_term_average": 1012614
    }, 
    {
        "accumulated_operating_revenue_yoy": 7.736596951725469, 
        "accumulated_operating_revenue": 5113069, 
        "long_term_average": 1001205, 
        "date": "2015-05-31", 
        "operating_revenue": 1032846, 
        "short_term_average": 1053144
    }, 
    {
        "accumulated_operating_revenue_yoy": 6.684229982245779, 
        "accumulated_operating_revenue": 6147156, 
        "long_term_average": 1002703, 
        "date": "2015-06-30", 
        "operating_revenue": 1034087, 
        "short_term_average": 1046782
    }, 
    {
        "accumulated_operating_revenue_yoy": 6.232650434678467, 
        "accumulated_operating_revenue": 7202647, 
        "long_term_average": 1005822, 
        "date": "2015-07-31", 
        "operating_revenue": 1055491, 
        "short_term_average": 1040808
    }, 
    {
        "accumulated_operating_revenue_yoy": 6.749559977373762, 
        "accumulated_operating_revenue": 8286615, 
        "long_term_average": 1014269, 
        "date": "2015-08-31", 
        "operating_revenue": 1083968, 
        "short_term_average": 1057848
    }, 
    {
        "accumulated_operating_revenue_yoy": 6.988086186780645, 
        "accumulated_operating_revenue": 9371707, 
        "long_term_average": 1021618, 
        "date": "2015-09-30", 
        "operating_revenue": 1085092, 
        "short_term_average": 1074850
    }
]