[
    {
        "date": "2011-09-30", 
        "operating_revenue": 1671720, 
        "accumulated_operating_revenue": 1671720, 
        "long_term_average": 1671720, 
        "short_term_average": 1671720
    }, 
    {
        "date": "2011-10-31", 
        "operating_revenue": 1219500, 
        "accumulated_operating_revenue": 2891220, 
        "long_term_average": 1445610, 
        "short_term_average": 1445610
    }, 
    {
        "date": "2011-11-30", 
        "operating_revenue": 797210, 
        "accumulated_operating_revenue": 3688430, 
        "long_term_average": 1229476, 
        "short_term_average": 1229476
    }, 
    {
        "date": "2011-12-31", 
        "operating_revenue": 438530, 
        "accumulated_operating_revenue": 4126960, 
        "long_term_average": 1031740, 
        "short_term_average": 818413
    }, 
    {
        "date": "2012-01-31", 
        "operating_revenue": 515350, 
        "accumulated_operating_revenue": 515350, 
        "long_term_average": 928462, 
        "short_term_average": 583696
    }, 
    {
        "date": "2012-02-29", 
        "operating_revenue": 396330, 
        "accumulated_operating_revenue": 911680, 
        "long_term_average": 839773, 
        "short_term_average": 450070
    }, 
    {
        "date": "2012-03-31", 
        "operating_revenue": 475670, 
        "accumulated_operating_revenue": 1387350, 
        "long_term_average": 787758, 
        "short_term_average": 462450
    }, 
    {
        "date": "2012-04-30", 
        "operating_revenue": 701480, 
        "accumulated_operating_revenue": 2088830, 
        "long_term_average": 776973, 
        "short_term_average": 524493
    }, 
    {
        "date": "2012-05-31", 
        "operating_revenue": 620210, 
        "accumulated_operating_revenue": 2709040, 
        "long_term_average": 759555, 
        "short_term_average": 599120
    }, 
    {
        "date": "2012-06-30", 
        "operating_revenue": 507770, 
        "accumulated_operating_revenue": 3216810, 
        "long_term_average": 734377, 
        "short_term_average": 609820
    }, 
    {
        "date": "2012-07-31", 
        "operating_revenue": 546710, 
        "accumulated_operating_revenue": 3763520, 
        "long_term_average": 717316, 
        "short_term_average": 558230
    }, 
    {
        "date": "2012-08-31", 
        "operating_revenue": 728730, 
        "accumulated_operating_revenue": 4492250, 
        "long_term_average": 718267, 
        "short_term_average": 594403
    }, 
    {
        "accumulated_operating_revenue_yoy": 210.76137152154666, 
        "accumulated_operating_revenue": 5195060, 
        "long_term_average": 637525, 
        "date": "2012-09-30", 
        "operating_revenue": 702810, 
        "short_term_average": 659416
    }, 
    {
        "accumulated_operating_revenue_yoy": 110.35168544766569, 
        "accumulated_operating_revenue": 6081730, 
        "long_term_average": 609789, 
        "date": "2012-10-31", 
        "operating_revenue": 886670, 
        "short_term_average": 772736
    }, 
    {
        "accumulated_operating_revenue_yoy": 82.71188554479819, 
        "accumulated_operating_revenue": 6739200, 
        "long_term_average": 598144, 
        "date": "2012-11-30", 
        "operating_revenue": 657470, 
        "short_term_average": 748983
    }, 
    {
        "accumulated_operating_revenue_yoy": 73.79039292845097, 
        "accumulated_operating_revenue": 7172260, 
        "long_term_average": 597688, 
        "date": "2012-12-31", 
        "operating_revenue": 433060, 
        "short_term_average": 659066
    }, 
    {
        "accumulated_operating_revenue_yoy": -5.268264286407296, 
        "accumulated_operating_revenue": 488200, 
        "long_term_average": 595425, 
        "date": "2013-01-31", 
        "operating_revenue": 488200, 
        "short_term_average": 526243
    }, 
    {
        "accumulated_operating_revenue_yoy": -15.055721305721306, 
        "accumulated_operating_revenue": 774420, 
        "long_term_average": 586250, 
        "date": "2013-02-28", 
        "operating_revenue": 286220, 
        "short_term_average": 402493
    }, 
    {
        "accumulated_operating_revenue_yoy": -19.783039607885534, 
        "accumulated_operating_revenue": 1112890, 
        "long_term_average": 574816, 
        "date": "2013-03-31", 
        "operating_revenue": 338470, 
        "short_term_average": 370963
    }, 
    {
        "accumulated_operating_revenue_yoy": -25.21746623708009, 
        "accumulated_operating_revenue": 1562080, 
        "long_term_average": 553792, 
        "date": "2013-04-30", 
        "operating_revenue": 449190, 
        "short_term_average": 357960
    }, 
    {
        "accumulated_operating_revenue_yoy": -29.5141452322594, 
        "accumulated_operating_revenue": 1909490, 
        "long_term_average": 531059, 
        "date": "2013-05-31", 
        "operating_revenue": 347410, 
        "short_term_average": 378356
    }, 
    {
        "accumulated_operating_revenue_yoy": -26.356856637476255, 
        "accumulated_operating_revenue": 2368960, 
        "long_term_average": 527034, 
        "date": "2013-06-30", 
        "operating_revenue": 459470, 
        "short_term_average": 418690
    }, 
    {
        "accumulated_operating_revenue_yoy": -24.032288921010117, 
        "accumulated_operating_revenue": 2859060, 
        "long_term_average": 522316, 
        "date": "2013-07-31", 
        "operating_revenue": 490100, 
        "short_term_average": 432326
    }, 
    {
        "accumulated_operating_revenue_yoy": -27.415660303856644, 
        "accumulated_operating_revenue": 3260670, 
        "long_term_average": 495056, 
        "date": "2013-08-31", 
        "operating_revenue": 401610, 
        "short_term_average": 450393
    }, 
    {
        "accumulated_operating_revenue_yoy": -26.1744811417, 
        "accumulated_operating_revenue": 3835280, 
        "long_term_average": 484373, 
        "date": "2013-09-30", 
        "operating_revenue": 574610, 
        "short_term_average": 488773
    }, 
    {
        "accumulated_operating_revenue_yoy": -28.33075457147884, 
        "accumulated_operating_revenue": 4358730, 
        "long_term_average": 454105, 
        "date": "2013-10-31", 
        "operating_revenue": 523450, 
        "short_term_average": 499890
    }, 
    {
        "accumulated_operating_revenue_yoy": -28.374732905982906, 
        "accumulated_operating_revenue": 4826970, 
        "long_term_average": 438335, 
        "date": "2013-11-30", 
        "operating_revenue": 468240, 
        "short_term_average": 522100
    }, 
    {
        "accumulated_operating_revenue_yoy": -27.417020576498903, 
        "accumulated_operating_revenue": 5205840, 
        "long_term_average": 433820, 
        "date": "2013-12-31", 
        "operating_revenue": 378870, 
        "short_term_average": 456853
    }, 
    {
        "accumulated_operating_revenue_yoy": -4.754199098730029, 
        "accumulated_operating_revenue": 464990, 
        "long_term_average": 431885, 
        "date": "2014-01-31", 
        "operating_revenue": 464990, 
        "short_term_average": 437366
    }, 
    {
        "accumulated_operating_revenue_yoy": -12.960667338136927, 
        "accumulated_operating_revenue": 674050, 
        "long_term_average": 425455, 
        "date": "2014-02-28", 
        "operating_revenue": 209060, 
        "short_term_average": 350973
    }, 
    {
        "accumulated_operating_revenue_yoy": -3.693985928528426, 
        "accumulated_operating_revenue": 1071780, 
        "long_term_average": 430394, 
        "date": "2014-03-31", 
        "operating_revenue": 397730, 
        "short_term_average": 357260
    }, 
    {
        "accumulated_operating_revenue_yoy": -2.2815732868995187, 
        "accumulated_operating_revenue": 1526440, 
        "long_term_average": 430850, 
        "date": "2014-04-30", 
        "operating_revenue": 454660, 
        "short_term_average": 353816
    }, 
    {
        "accumulated_operating_revenue_yoy": 2.3985462086735203, 
        "accumulated_operating_revenue": 1955290, 
        "long_term_average": 437636, 
        "date": "2014-05-31", 
        "operating_revenue": 428850, 
        "short_term_average": 427080
    }, 
    {
        "accumulated_operating_revenue_yoy": -2.49096650006754, 
        "accumulated_operating_revenue": 2309950, 
        "long_term_average": 428902, 
        "date": "2014-06-30", 
        "operating_revenue": 354660, 
        "short_term_average": 412723
    }, 
    {
        "accumulated_operating_revenue_yoy": 1.3130189642749714, 
        "accumulated_operating_revenue": 2896600, 
        "long_term_average": 436948, 
        "date": "2014-07-31", 
        "operating_revenue": 586650, 
        "short_term_average": 456720
    }, 
    {
        "accumulated_operating_revenue_yoy": 2.3102613879969454, 
        "accumulated_operating_revenue": 3336000, 
        "long_term_average": 440097, 
        "date": "2014-08-31", 
        "operating_revenue": 439400, 
        "short_term_average": 460236
    }, 
    {
        "accumulated_operating_revenue_yoy": 1.3654804864312384, 
        "accumulated_operating_revenue": 3887650, 
        "long_term_average": 438184, 
        "date": "2014-09-30", 
        "operating_revenue": 551650, 
        "short_term_average": 525900
    }, 
    {
        "accumulated_operating_revenue_yoy": 2.2316133369123574, 
        "accumulated_operating_revenue": 4456000, 
        "long_term_average": 441925, 
        "date": "2014-10-31", 
        "operating_revenue": 568350, 
        "short_term_average": 519800
    }, 
    {
        "accumulated_operating_revenue_yoy": 4.640385169164093, 
        "accumulated_operating_revenue": 5050960, 
        "long_term_average": 452485, 
        "date": "2014-11-30", 
        "operating_revenue": 594960, 
        "short_term_average": 571653
    }, 
    {
        "accumulated_operating_revenue_yoy": 9.732146973399106, 
        "accumulated_operating_revenue": 5712480, 
        "long_term_average": 476040, 
        "date": "2014-12-31", 
        "operating_revenue": 661520, 
        "short_term_average": 608276
    }, 
    {
        "accumulated_operating_revenue_yoy": -11.3894922471451, 
        "accumulated_operating_revenue": 412030, 
        "long_term_average": 471626, 
        "date": "2015-01-31", 
        "operating_revenue": 412030, 
        "short_term_average": 556170
    }, 
    {
        "accumulated_operating_revenue_yoy": 19.078703360284845, 
        "accumulated_operating_revenue": 802650, 
        "long_term_average": 486756, 
        "date": "2015-02-28", 
        "operating_revenue": 390620, 
        "short_term_average": 488056
    }, 
    {
        "accumulated_operating_revenue_yoy": 7.131127656795237, 
        "accumulated_operating_revenue": 1148210, 
        "long_term_average": 482409, 
        "date": "2015-03-31", 
        "operating_revenue": 345560, 
        "short_term_average": 382736
    }, 
    {
        "accumulated_operating_revenue_yoy": 12.880296637928776, 
        "accumulated_operating_revenue": 1723050, 
        "long_term_average": 492424, 
        "date": "2015-04-30", 
        "operating_revenue": 574840, 
        "short_term_average": 437006
    }, 
    {
        "accumulated_operating_revenue_yoy": 15.068864465117707, 
        "accumulated_operating_revenue": 2249930, 
        "long_term_average": 500593, 
        "date": "2015-05-31", 
        "operating_revenue": 526880, 
        "short_term_average": 482426
    }, 
    {
        "accumulated_operating_revenue_yoy": 17.87224831706314, 
        "accumulated_operating_revenue": 2722790, 
        "long_term_average": 510443, 
        "date": "2015-06-30", 
        "operating_revenue": 472860, 
        "short_term_average": 524860
    }, 
    {
        "accumulated_operating_revenue_yoy": 10.716011875992542, 
        "accumulated_operating_revenue": 3207000, 
        "long_term_average": 501906, 
        "date": "2015-07-31", 
        "operating_revenue": 484210, 
        "short_term_average": 494650
    }, 
    {
        "accumulated_operating_revenue_yoy": 7.304556354916067, 
        "accumulated_operating_revenue": 3579680, 
        "long_term_average": 496346, 
        "date": "2015-08-31", 
        "operating_revenue": 372680, 
        "short_term_average": 443250
    }, 
    {
        "accumulated_operating_revenue_yoy": 2.4305171504636474, 
        "accumulated_operating_revenue": 3982140, 
        "long_term_average": 483914, 
        "date": "2015-09-30", 
        "operating_revenue": 402460, 
        "short_term_average": 419783
    }
]