[
    {
        "date": "2012-01-31", 
        "operating_revenue": 34059, 
        "accumulated_operating_revenue": 34059, 
        "long_term_average": 34059, 
        "short_term_average": 34059
    }, 
    {
        "date": "2012-02-29", 
        "operating_revenue": 51295, 
        "accumulated_operating_revenue": 85354, 
        "long_term_average": 42677, 
        "short_term_average": 42677
    }, 
    {
        "date": "2012-03-31", 
        "operating_revenue": 72095, 
        "accumulated_operating_revenue": 157449, 
        "long_term_average": 52483, 
        "short_term_average": 52483
    }, 
    {
        "date": "2012-04-30", 
        "operating_revenue": 60843, 
        "accumulated_operating_revenue": 218292, 
        "long_term_average": 54573, 
        "short_term_average": 61411
    }, 
    {
        "date": "2012-05-31", 
        "operating_revenue": 43540, 
        "accumulated_operating_revenue": 261832, 
        "long_term_average": 52366, 
        "short_term_average": 58826
    }, 
    {
        "date": "2012-06-30", 
        "operating_revenue": 21290, 
        "accumulated_operating_revenue": 283122, 
        "long_term_average": 47187, 
        "short_term_average": 41891
    }, 
    {
        "date": "2012-07-31", 
        "operating_revenue": 63081, 
        "accumulated_operating_revenue": 346203, 
        "long_term_average": 49457, 
        "short_term_average": 42637
    }, 
    {
        "date": "2012-08-31", 
        "operating_revenue": 41340, 
        "accumulated_operating_revenue": 387543, 
        "long_term_average": 48442, 
        "short_term_average": 41903
    }, 
    {
        "date": "2012-09-30", 
        "operating_revenue": 60656, 
        "accumulated_operating_revenue": 448199, 
        "long_term_average": 49799, 
        "short_term_average": 55025
    }, 
    {
        "date": "2012-10-31", 
        "operating_revenue": 56151, 
        "accumulated_operating_revenue": 504350, 
        "long_term_average": 50435, 
        "short_term_average": 52715
    }, 
    {
        "date": "2012-11-30", 
        "operating_revenue": 55465, 
        "accumulated_operating_revenue": 559815, 
        "long_term_average": 50892, 
        "short_term_average": 57424
    }, 
    {
        "date": "2012-12-31", 
        "operating_revenue": 53428, 
        "accumulated_operating_revenue": 613243, 
        "long_term_average": 51103, 
        "short_term_average": 55014
    }, 
    {
        "accumulated_operating_revenue_yoy": 24.272585806982004, 
        "accumulated_operating_revenue": 42326, 
        "long_term_average": 51792, 
        "date": "2013-01-31", 
        "operating_revenue": 42326, 
        "short_term_average": 50406
    }, 
    {
        "accumulated_operating_revenue_yoy": -26.043302012793777, 
        "accumulated_operating_revenue": 63125, 
        "long_term_average": 49251, 
        "date": "2013-02-28", 
        "operating_revenue": 20799, 
        "short_term_average": 38851
    }, 
    {
        "accumulated_operating_revenue_yoy": -7.5364086148530625, 
        "accumulated_operating_revenue": 145583, 
        "long_term_average": 50114, 
        "date": "2013-03-31", 
        "operating_revenue": 82458, 
        "short_term_average": 48527
    }, 
    {
        "accumulated_operating_revenue_yoy": -11.603265350997747, 
        "accumulated_operating_revenue": 192963, 
        "long_term_average": 48992, 
        "date": "2013-04-30", 
        "operating_revenue": 47380, 
        "short_term_average": 50212
    }, 
    {
        "accumulated_operating_revenue_yoy": 1.1240031776100705, 
        "accumulated_operating_revenue": 264775, 
        "long_term_average": 51348, 
        "date": "2013-05-31", 
        "operating_revenue": 71812, 
        "short_term_average": 67216
    }, 
    {
        "accumulated_operating_revenue_yoy": 4.629099822691278, 
        "accumulated_operating_revenue": 296228, 
        "long_term_average": 52195, 
        "date": "2013-06-30", 
        "operating_revenue": 31453, 
        "short_term_average": 50215
    }, 
    {
        "accumulated_operating_revenue_yoy": 3.8532306190298757, 
        "accumulated_operating_revenue": 359543, 
        "long_term_average": 52215, 
        "date": "2013-07-31", 
        "operating_revenue": 63315, 
        "short_term_average": 55526
    }, 
    {
        "accumulated_operating_revenue_yoy": 5.759360896726299, 
        "accumulated_operating_revenue": 409863, 
        "long_term_average": 52963, 
        "date": "2013-08-31", 
        "operating_revenue": 50320, 
        "short_term_average": 48362
    }, 
    {
        "accumulated_operating_revenue_yoy": -0.27019248146470654, 
        "accumulated_operating_revenue": 446988, 
        "long_term_average": 51002, 
        "date": "2013-09-30", 
        "operating_revenue": 37125, 
        "short_term_average": 50253
    }, 
    {
        "accumulated_operating_revenue_yoy": 1.5405968077723802, 
        "accumulated_operating_revenue": 512120, 
        "long_term_average": 51751, 
        "date": "2013-10-31", 
        "operating_revenue": 65132, 
        "short_term_average": 50859
    }, 
    {
        "accumulated_operating_revenue_yoy": -0.6398542375606227, 
        "accumulated_operating_revenue": 556233, 
        "long_term_average": 50805, 
        "date": "2013-11-30", 
        "operating_revenue": 44113, 
        "short_term_average": 48790
    }, 
    {
        "accumulated_operating_revenue_yoy": -1.5393571553201586, 
        "accumulated_operating_revenue": 603803, 
        "long_term_average": 50316, 
        "date": "2013-12-31", 
        "operating_revenue": 47570, 
        "short_term_average": 52271
    }, 
    {
        "accumulated_operating_revenue_yoy": -2.75717053347824, 
        "accumulated_operating_revenue": 41159, 
        "long_term_average": 50219, 
        "date": "2014-01-31", 
        "operating_revenue": 41159, 
        "short_term_average": 44280
    }, 
    {
        "accumulated_operating_revenue_yoy": 5.161188118811881, 
        "accumulated_operating_revenue": 66383, 
        "long_term_average": 50588, 
        "date": "2014-02-28", 
        "operating_revenue": 25224, 
        "short_term_average": 37984
    }, 
    {
        "accumulated_operating_revenue_yoy": -24.08385594471882, 
        "accumulated_operating_revenue": 110521, 
        "long_term_average": 47395, 
        "date": "2014-03-31", 
        "operating_revenue": 44138, 
        "short_term_average": 36840
    }, 
    {
        "accumulated_operating_revenue_yoy": -25.930877940330532, 
        "accumulated_operating_revenue": 142926, 
        "long_term_average": 46147, 
        "date": "2014-04-30", 
        "operating_revenue": 32405, 
        "short_term_average": 33922
    }, 
    {
        "accumulated_operating_revenue_yoy": -28.373902369936737, 
        "accumulated_operating_revenue": 189648, 
        "long_term_average": 44056, 
        "date": "2014-05-31", 
        "operating_revenue": 46722, 
        "short_term_average": 41088
    }, 
    {
        "accumulated_operating_revenue_yoy": -16.945730990993425, 
        "accumulated_operating_revenue": 246030, 
        "long_term_average": 46133, 
        "date": "2014-06-30", 
        "operating_revenue": 56382, 
        "short_term_average": 45169
    }, 
    {
        "accumulated_operating_revenue_yoy": -21.743713547475547, 
        "accumulated_operating_revenue": 281365, 
        "long_term_average": 43802, 
        "date": "2014-07-31", 
        "operating_revenue": 35335, 
        "short_term_average": 46146
    }, 
    {
        "accumulated_operating_revenue_yoy": -17.31212624706304, 
        "accumulated_operating_revenue": 338907, 
        "long_term_average": 44403, 
        "date": "2014-08-31", 
        "operating_revenue": 57542, 
        "short_term_average": 49753
    }, 
    {
        "accumulated_operating_revenue_yoy": -12.324268213016905, 
        "accumulated_operating_revenue": 391900, 
        "long_term_average": 45726, 
        "date": "2014-09-30", 
        "operating_revenue": 52993, 
        "short_term_average": 48623
    }, 
    {
        "accumulated_operating_revenue_yoy": -14.947082714988674, 
        "accumulated_operating_revenue": 435573, 
        "long_term_average": 43938, 
        "date": "2014-10-31", 
        "operating_revenue": 43673, 
        "short_term_average": 51402
    }, 
    {
        "accumulated_operating_revenue_yoy": -13.847074876895112, 
        "accumulated_operating_revenue": 479211, 
        "long_term_average": 43898, 
        "date": "2014-11-30", 
        "operating_revenue": 43638, 
        "short_term_average": 46768
    }, 
    {
        "accumulated_operating_revenue_yoy": -11.832998511103787, 
        "accumulated_operating_revenue": 532355, 
        "long_term_average": 44362, 
        "date": "2014-12-31", 
        "operating_revenue": 53144, 
        "short_term_average": 46818
    }, 
    {
        "accumulated_operating_revenue_yoy": -43.65509366116767, 
        "accumulated_operating_revenue": 23191, 
        "long_term_average": 42865, 
        "date": "2015-01-31", 
        "operating_revenue": 23191, 
        "short_term_average": 39991
    }, 
    {
        "accumulated_operating_revenue_yoy": -19.90419233839989, 
        "accumulated_operating_revenue": 53170, 
        "long_term_average": 43261, 
        "date": "2015-02-28", 
        "operating_revenue": 29979, 
        "short_term_average": 35438
    }, 
    {
        "accumulated_operating_revenue_yoy": 11.101962522959438, 
        "accumulated_operating_revenue": 122791, 
        "long_term_average": 45385, 
        "date": "2015-03-31", 
        "operating_revenue": 69621, 
        "short_term_average": 40930
    }, 
    {
        "accumulated_operating_revenue_yoy": 5.700152526482236, 
        "accumulated_operating_revenue": 151073, 
        "long_term_average": 45041, 
        "date": "2015-04-30", 
        "operating_revenue": 28282, 
        "short_term_average": 42627
    }, 
    {
        "accumulated_operating_revenue_yoy": 5.456951826541804, 
        "accumulated_operating_revenue": 199997, 
        "long_term_average": 45225, 
        "date": "2015-05-31", 
        "operating_revenue": 48924, 
        "short_term_average": 48942
    }, 
    {
        "accumulated_operating_revenue_yoy": -2.2029833760110558, 
        "accumulated_operating_revenue": 240610, 
        "long_term_average": 43911, 
        "date": "2015-06-30", 
        "operating_revenue": 40613, 
        "short_term_average": 39273
    }, 
    {
        "accumulated_operating_revenue_yoy": -2.781440477671352, 
        "accumulated_operating_revenue": 273539, 
        "long_term_average": 43710, 
        "date": "2015-07-31", 
        "operating_revenue": 32929, 
        "short_term_average": 40822
    }, 
    {
        "accumulated_operating_revenue_yoy": -10.299285644734397, 
        "accumulated_operating_revenue": 304002, 
        "long_term_average": 41454, 
        "date": "2015-08-31", 
        "operating_revenue": 30463, 
        "short_term_average": 34668
    }
]