[
    {
        "date": "2011-09-30", 
        "operating_revenue": 1353874, 
        "accumulated_operating_revenue": 1353874, 
        "long_term_average": 1353874, 
        "short_term_average": 1353874
    }, 
    {
        "date": "2011-10-31", 
        "operating_revenue": 1195636, 
        "accumulated_operating_revenue": 2549510, 
        "long_term_average": 1274755, 
        "short_term_average": 1274755
    }, 
    {
        "date": "2011-11-30", 
        "operating_revenue": 1241817, 
        "accumulated_operating_revenue": 3791327, 
        "long_term_average": 1263775, 
        "short_term_average": 1263775
    }, 
    {
        "date": "2011-12-31", 
        "operating_revenue": 1387385, 
        "accumulated_operating_revenue": 5178712, 
        "long_term_average": 1294678, 
        "short_term_average": 1274946
    }, 
    {
        "date": "2012-01-31", 
        "operating_revenue": 1006435, 
        "accumulated_operating_revenue": 1006435, 
        "long_term_average": 1237029, 
        "short_term_average": 1211879
    }, 
    {
        "date": "2012-02-29", 
        "operating_revenue": 1131101, 
        "accumulated_operating_revenue": 2137536, 
        "long_term_average": 1219374, 
        "short_term_average": 1174973
    }, 
    {
        "date": "2012-03-31", 
        "operating_revenue": 1305522, 
        "accumulated_operating_revenue": 3443058, 
        "long_term_average": 1231681, 
        "short_term_average": 1147686
    }, 
    {
        "date": "2012-04-30", 
        "operating_revenue": 1189271, 
        "accumulated_operating_revenue": 4632329, 
        "long_term_average": 1226380, 
        "short_term_average": 1208631
    }, 
    {
        "date": "2012-05-31", 
        "operating_revenue": 1224569, 
        "accumulated_operating_revenue": 5856898, 
        "long_term_average": 1226178, 
        "short_term_average": 1239787
    }, 
    {
        "date": "2012-06-30", 
        "operating_revenue": 1214139, 
        "accumulated_operating_revenue": 7071037, 
        "long_term_average": 1224974, 
        "short_term_average": 1209326
    }, 
    {
        "date": "2012-07-31", 
        "operating_revenue": 1274584, 
        "accumulated_operating_revenue": 8345621, 
        "long_term_average": 1229484, 
        "short_term_average": 1237764
    }, 
    {
        "date": "2012-08-31", 
        "operating_revenue": 1376589, 
        "accumulated_operating_revenue": 9722210, 
        "long_term_average": 1241743, 
        "short_term_average": 1288437
    }, 
    {
        "accumulated_operating_revenue_yoy": 711.9282148855801, 
        "accumulated_operating_revenue": 10992485, 
        "long_term_average": 1234776, 
        "date": "2012-09-30", 
        "operating_revenue": 1270275, 
        "short_term_average": 1307149
    }, 
    {
        "accumulated_operating_revenue_yoy": 380.75120317237435, 
        "accumulated_operating_revenue": 12256800, 
        "long_term_average": 1240500, 
        "date": "2012-10-31", 
        "operating_revenue": 1264315, 
        "short_term_average": 1303726
    }, 
    {
        "accumulated_operating_revenue_yoy": 255.28771324657566, 
        "accumulated_operating_revenue": 13470119, 
        "long_term_average": 1238125, 
        "date": "2012-11-30", 
        "operating_revenue": 1213319, 
        "short_term_average": 1249303
    }, 
    {
        "accumulated_operating_revenue_yoy": 182.07469347590674, 
        "accumulated_operating_revenue": 14607836, 
        "long_term_average": 1217319, 
        "date": "2012-12-31", 
        "operating_revenue": 1137717, 
        "short_term_average": 1205117
    }, 
    {
        "accumulated_operating_revenue_yoy": 24.472519338059588, 
        "accumulated_operating_revenue": 1252735, 
        "long_term_average": 1237844, 
        "date": "2013-01-31", 
        "operating_revenue": 1252735, 
        "short_term_average": 1201257
    }, 
    {
        "accumulated_operating_revenue_yoy": 1.1348112967454116, 
        "accumulated_operating_revenue": 2161793, 
        "long_term_average": 1219341, 
        "date": "2013-02-28", 
        "operating_revenue": 909058, 
        "short_term_average": 1099836
    }, 
    {
        "accumulated_operating_revenue_yoy": -3.732641157947383, 
        "accumulated_operating_revenue": 3314541, 
        "long_term_average": 1206609, 
        "date": "2013-03-31", 
        "operating_revenue": 1152748, 
        "short_term_average": 1104847
    }, 
    {
        "accumulated_operating_revenue_yoy": 0.45478203296872916, 
        "accumulated_operating_revenue": 4653396, 
        "long_term_average": 1219075, 
        "date": "2013-04-30", 
        "operating_revenue": 1338855, 
        "short_term_average": 1133553
    }, 
    {
        "accumulated_operating_revenue_yoy": 1.6252289181064787, 
        "accumulated_operating_revenue": 5952086, 
        "long_term_average": 1225252, 
        "date": "2013-05-31", 
        "operating_revenue": 1298690, 
        "short_term_average": 1263431
    }, 
    {
        "accumulated_operating_revenue_yoy": 1.1473423205111217, 
        "accumulated_operating_revenue": 7152166, 
        "long_term_average": 1224080, 
        "date": "2013-06-30", 
        "operating_revenue": 1200080, 
        "short_term_average": 1279208
    }, 
    {
        "accumulated_operating_revenue_yoy": 4.4222952372268045, 
        "accumulated_operating_revenue": 8714689, 
        "long_term_average": 1248075, 
        "date": "2013-07-31", 
        "operating_revenue": 1562523, 
        "short_term_average": 1353764
    }, 
    {
        "accumulated_operating_revenue_yoy": 4.079658842999688, 
        "accumulated_operating_revenue": 10118843, 
        "long_term_average": 1250372, 
        "date": "2013-08-31", 
        "operating_revenue": 1404154, 
        "short_term_average": 1388919
    }, 
    {
        "accumulated_operating_revenue_yoy": 5.812452780240319, 
        "accumulated_operating_revenue": 11631418, 
        "long_term_average": 1270564, 
        "date": "2013-09-30", 
        "operating_revenue": 1512575, 
        "short_term_average": 1493084
    }, 
    {
        "accumulated_operating_revenue_yoy": 6.139563344429215, 
        "accumulated_operating_revenue": 13009314, 
        "long_term_average": 1280029, 
        "date": "2013-10-31", 
        "operating_revenue": 1377896, 
        "short_term_average": 1431541
    }, 
    {
        "accumulated_operating_revenue_yoy": 7.937435445076617, 
        "accumulated_operating_revenue": 14539301, 
        "long_term_average": 1306418, 
        "date": "2013-11-30", 
        "operating_revenue": 1529987, 
        "short_term_average": 1473486
    }, 
    {
        "accumulated_operating_revenue_yoy": 8.836695592694223, 
        "accumulated_operating_revenue": 15898686, 
        "long_term_average": 1324890, 
        "date": "2013-12-31", 
        "operating_revenue": 1359385, 
        "short_term_average": 1422422
    }, 
    {
        "accumulated_operating_revenue_yoy": -1.0164959069555812, 
        "accumulated_operating_revenue": 1240001, 
        "long_term_average": 1323829, 
        "date": "2014-01-31", 
        "operating_revenue": 1240001, 
        "short_term_average": 1376457
    }, 
    {
        "accumulated_operating_revenue_yoy": 10.059982616281946, 
        "accumulated_operating_revenue": 2379269, 
        "long_term_average": 1343013, 
        "date": "2014-02-28", 
        "operating_revenue": 1139268, 
        "short_term_average": 1246218
    }, 
    {
        "accumulated_operating_revenue_yoy": 16.107479135120066, 
        "accumulated_operating_revenue": 3848430, 
        "long_term_average": 1369381, 
        "date": "2014-03-31", 
        "operating_revenue": 1469161, 
        "short_term_average": 1282810
    }, 
    {
        "accumulated_operating_revenue_yoy": 15.961009980667882, 
        "accumulated_operating_revenue": 5396125, 
        "long_term_average": 1386784, 
        "date": "2014-04-30", 
        "operating_revenue": 1547695, 
        "short_term_average": 1385374
    }, 
    {
        "accumulated_operating_revenue_yoy": 16.47592121484804, 
        "accumulated_operating_revenue": 6932747, 
        "long_term_average": 1406612, 
        "date": "2014-05-31", 
        "operating_revenue": 1536622, 
        "short_term_average": 1517826
    }, 
    {
        "accumulated_operating_revenue_yoy": 16.12640142860219, 
        "accumulated_operating_revenue": 8305553, 
        "long_term_average": 1421006, 
        "date": "2014-06-30", 
        "operating_revenue": 1372806, 
        "short_term_average": 1485707
    }, 
    {
        "accumulated_operating_revenue_yoy": 11.118319884966635, 
        "accumulated_operating_revenue": 9683616, 
        "long_term_average": 1405634, 
        "date": "2014-07-31", 
        "operating_revenue": 1378063, 
        "short_term_average": 1429163
    }, 
    {
        "accumulated_operating_revenue_yoy": 8.467272394679906, 
        "accumulated_operating_revenue": 10975633, 
        "long_term_average": 1396289, 
        "date": "2014-08-31", 
        "operating_revenue": 1292017, 
        "short_term_average": 1347628
    }, 
    {
        "accumulated_operating_revenue_yoy": 6.3766687776159365, 
        "accumulated_operating_revenue": 12373115, 
        "long_term_average": 1386698, 
        "date": "2014-09-30", 
        "operating_revenue": 1397482, 
        "short_term_average": 1355854
    }, 
    {
        "accumulated_operating_revenue_yoy": 5.582461919206501, 
        "accumulated_operating_revenue": 13735554, 
        "long_term_average": 1385410, 
        "date": "2014-10-31", 
        "operating_revenue": 1362439, 
        "short_term_average": 1350646
    }, 
    {
        "accumulated_operating_revenue_yoy": 2.6154214703994367, 
        "accumulated_operating_revenue": 14919565, 
        "long_term_average": 1356579, 
        "date": "2014-11-30", 
        "operating_revenue": 1184011, 
        "short_term_average": 1314644
    }, 
    {
        "accumulated_operating_revenue_yoy": 0.9168179055803731, 
        "accumulated_operating_revenue": 16044448, 
        "long_term_average": 1337037, 
        "date": "2014-12-31", 
        "operating_revenue": 1124883, 
        "short_term_average": 1223777
    }, 
    {
        "accumulated_operating_revenue_yoy": 0.26249978830662235, 
        "accumulated_operating_revenue": 1243256, 
        "long_term_average": 1337308, 
        "date": "2015-01-31", 
        "operating_revenue": 1243256, 
        "short_term_average": 1184050
    }, 
    {
        "accumulated_operating_revenue_yoy": -12.736012615639508, 
        "accumulated_operating_revenue": 2076245, 
        "long_term_average": 1311785, 
        "date": "2015-02-28", 
        "operating_revenue": 832989, 
        "short_term_average": 1067042
    }, 
    {
        "accumulated_operating_revenue_yoy": -15.781032784797958, 
        "accumulated_operating_revenue": 3241108, 
        "long_term_average": 1286427, 
        "date": "2015-03-31", 
        "operating_revenue": 1164863, 
        "short_term_average": 1080369
    }, 
    {
        "accumulated_operating_revenue_yoy": -16.55860455419398, 
        "accumulated_operating_revenue": 4502602, 
        "long_term_average": 1262577, 
        "date": "2015-04-30", 
        "operating_revenue": 1261494, 
        "short_term_average": 1086448
    }, 
    {
        "accumulated_operating_revenue_yoy": -18.714443207000052, 
        "accumulated_operating_revenue": 5635322, 
        "long_term_average": 1228918, 
        "date": "2015-05-31", 
        "operating_revenue": 1132720, 
        "short_term_average": 1186359
    }, 
    {
        "accumulated_operating_revenue_yoy": -18.241747418865426, 
        "accumulated_operating_revenue": 6790475, 
        "long_term_average": 1210780, 
        "date": "2015-06-30", 
        "operating_revenue": 1155153, 
        "short_term_average": 1183122
    }, 
    {
        "accumulated_operating_revenue_yoy": -16.367604828609476, 
        "accumulated_operating_revenue": 8098640, 
        "long_term_average": 1204956, 
        "date": "2015-07-31", 
        "operating_revenue": 1308165, 
        "short_term_average": 1198679
    }, 
    {
        "accumulated_operating_revenue_yoy": -16.643805418785412, 
        "accumulated_operating_revenue": 9148870, 
        "long_term_average": 1184807, 
        "date": "2015-08-31", 
        "operating_revenue": 1050230, 
        "short_term_average": 1171182
    }, 
    {
        "accumulated_operating_revenue_yoy": -16.73879213116503, 
        "accumulated_operating_revenue": 10302005, 
        "long_term_average": 1164444, 
        "date": "2015-09-30", 
        "operating_revenue": 1153135, 
        "short_term_average": 1170510
    }
]