[
    {
        "date": "2012-01-31", 
        "operating_revenue": 100299, 
        "accumulated_operating_revenue": 100299, 
        "long_term_average": 100299, 
        "short_term_average": 100299
    }, 
    {
        "date": "2012-02-29", 
        "operating_revenue": 85569, 
        "accumulated_operating_revenue": 185868, 
        "long_term_average": 92934, 
        "short_term_average": 92934
    }, 
    {
        "date": "2012-03-31", 
        "operating_revenue": 130390, 
        "accumulated_operating_revenue": 316258, 
        "long_term_average": 105419, 
        "short_term_average": 105419
    }, 
    {
        "date": "2012-04-30", 
        "operating_revenue": 105900, 
        "accumulated_operating_revenue": 422158, 
        "long_term_average": 105539, 
        "short_term_average": 107286
    }, 
    {
        "date": "2012-05-31", 
        "operating_revenue": 124647, 
        "accumulated_operating_revenue": 546805, 
        "long_term_average": 109361, 
        "short_term_average": 120312
    }, 
    {
        "date": "2012-06-30", 
        "operating_revenue": 122236, 
        "accumulated_operating_revenue": 669041, 
        "long_term_average": 111506, 
        "short_term_average": 117594
    }, 
    {
        "date": "2012-07-31", 
        "operating_revenue": 138553, 
        "accumulated_operating_revenue": 807594, 
        "long_term_average": 115370, 
        "short_term_average": 128478
    }, 
    {
        "date": "2012-08-31", 
        "operating_revenue": 121960, 
        "accumulated_operating_revenue": 929554, 
        "long_term_average": 116194, 
        "short_term_average": 127583
    }, 
    {
        "date": "2012-09-30", 
        "operating_revenue": 116095, 
        "accumulated_operating_revenue": 1045649, 
        "long_term_average": 116183, 
        "short_term_average": 125536
    }, 
    {
        "date": "2012-10-31", 
        "operating_revenue": 103928, 
        "accumulated_operating_revenue": 1149577, 
        "long_term_average": 114957, 
        "short_term_average": 113994
    }, 
    {
        "date": "2012-11-30", 
        "operating_revenue": 72500, 
        "accumulated_operating_revenue": 1222077, 
        "long_term_average": 111097, 
        "short_term_average": 97507
    }, 
    {
        "date": "2012-12-31", 
        "operating_revenue": 90283, 
        "accumulated_operating_revenue": 1312360, 
        "long_term_average": 109363, 
        "short_term_average": 88903
    }, 
    {
        "accumulated_operating_revenue_yoy": -16.522597433673315, 
        "accumulated_operating_revenue": 83727, 
        "long_term_average": 107982, 
        "date": "2013-01-31", 
        "operating_revenue": 83727, 
        "short_term_average": 82170
    }, 
    {
        "accumulated_operating_revenue_yoy": -11.267135816816236, 
        "accumulated_operating_revenue": 164926, 
        "long_term_average": 107618, 
        "date": "2013-02-28", 
        "operating_revenue": 81199, 
        "short_term_average": 85069
    }, 
    {
        "accumulated_operating_revenue_yoy": -17.191343776283922, 
        "accumulated_operating_revenue": 261889, 
        "long_term_average": 104832, 
        "date": "2013-03-31", 
        "operating_revenue": 96963, 
        "short_term_average": 87296
    }, 
    {
        "accumulated_operating_revenue_yoy": -16.237522444203357, 
        "accumulated_operating_revenue": 353610, 
        "long_term_average": 103651, 
        "date": "2013-04-30", 
        "operating_revenue": 91721, 
        "short_term_average": 89961
    }, 
    {
        "accumulated_operating_revenue_yoy": -19.736103364087747, 
        "accumulated_operating_revenue": 438887, 
        "long_term_average": 100370, 
        "date": "2013-05-31", 
        "operating_revenue": 85277, 
        "short_term_average": 91320
    }, 
    {
        "accumulated_operating_revenue_yoy": -23.319946012277274, 
        "accumulated_operating_revenue": 513021, 
        "long_term_average": 96361, 
        "date": "2013-06-30", 
        "operating_revenue": 74134, 
        "short_term_average": 83710
    }, 
    {
        "accumulated_operating_revenue_yoy": -24.459072256604184, 
        "accumulated_operating_revenue": 610064, 
        "long_term_average": 92902, 
        "date": "2013-07-31", 
        "operating_revenue": 97043, 
        "short_term_average": 85484
    }, 
    {
        "accumulated_operating_revenue_yoy": -23.101724052610177, 
        "accumulated_operating_revenue": 714811, 
        "long_term_average": 91468, 
        "date": "2013-08-31", 
        "operating_revenue": 104747, 
        "short_term_average": 91974
    }, 
    {
        "accumulated_operating_revenue_yoy": -21.730332071278223, 
        "accumulated_operating_revenue": 818426, 
        "long_term_average": 90428, 
        "date": "2013-09-30", 
        "operating_revenue": 103615, 
        "short_term_average": 101801
    }, 
    {
        "accumulated_operating_revenue_yoy": -20.460743386480416, 
        "accumulated_operating_revenue": 914365, 
        "long_term_average": 89762, 
        "date": "2013-10-31", 
        "operating_revenue": 95939, 
        "short_term_average": 101433
    }, 
    {
        "accumulated_operating_revenue_yoy": -17.22722872617683, 
        "accumulated_operating_revenue": 1011547, 
        "long_term_average": 91819, 
        "date": "2013-11-30", 
        "operating_revenue": 97182, 
        "short_term_average": 98912
    }, 
    {
        "accumulated_operating_revenue_yoy": -13.340470602578561, 
        "accumulated_operating_revenue": 1137285, 
        "long_term_average": 94773, 
        "date": "2013-12-31", 
        "operating_revenue": 125738, 
        "short_term_average": 106286
    }, 
    {
        "accumulated_operating_revenue_yoy": -4.3223810718167375, 
        "accumulated_operating_revenue": 80108, 
        "long_term_average": 94472, 
        "date": "2014-01-31", 
        "operating_revenue": 80108, 
        "short_term_average": 101009
    }, 
    {
        "accumulated_operating_revenue_yoy": -7.769545129330731, 
        "accumulated_operating_revenue": 152112, 
        "long_term_average": 93705, 
        "date": "2014-02-28", 
        "operating_revenue": 72004, 
        "short_term_average": 92616
    }, 
    {
        "accumulated_operating_revenue_yoy": 4.617223327440252, 
        "accumulated_operating_revenue": 273981, 
        "long_term_average": 95781, 
        "date": "2014-03-31", 
        "operating_revenue": 121869, 
        "short_term_average": 91327
    }, 
    {
        "accumulated_operating_revenue_yoy": 9.334012047170612, 
        "accumulated_operating_revenue": 386616, 
        "long_term_average": 97524, 
        "date": "2014-04-30", 
        "operating_revenue": 112635, 
        "short_term_average": 102169
    }, 
    {
        "accumulated_operating_revenue_yoy": 18.110356424318788, 
        "accumulated_operating_revenue": 518371, 
        "long_term_average": 101397, 
        "date": "2014-05-31", 
        "operating_revenue": 131755, 
        "short_term_average": 122086
    }, 
    {
        "accumulated_operating_revenue_yoy": 18.828469010040525, 
        "accumulated_operating_revenue": 609615, 
        "long_term_average": 102823, 
        "date": "2014-06-30", 
        "operating_revenue": 91244, 
        "short_term_average": 111878
    }, 
    {
        "accumulated_operating_revenue_yoy": 14.420126412966509, 
        "accumulated_operating_revenue": 698036, 
        "long_term_average": 102104, 
        "date": "2014-07-31", 
        "operating_revenue": 88421, 
        "short_term_average": 103806
    }, 
    {
        "accumulated_operating_revenue_yoy": 12.955032868828265, 
        "accumulated_operating_revenue": 807415, 
        "long_term_average": 102490, 
        "date": "2014-08-31", 
        "operating_revenue": 109379, 
        "short_term_average": 96348
    }, 
    {
        "accumulated_operating_revenue_yoy": 11.913355636306765, 
        "accumulated_operating_revenue": 915928, 
        "long_term_average": 102898, 
        "date": "2014-09-30", 
        "operating_revenue": 108513, 
        "short_term_average": 102104
    }, 
    {
        "accumulated_operating_revenue_yoy": 8.107375063568705, 
        "accumulated_operating_revenue": 988496, 
        "long_term_average": 100951, 
        "date": "2014-10-31", 
        "operating_revenue": 72568, 
        "short_term_average": 96820
    }, 
    {
        "accumulated_operating_revenue_yoy": 7.158639193235708, 
        "accumulated_operating_revenue": 1083960, 
        "long_term_average": 100808, 
        "date": "2014-11-30", 
        "operating_revenue": 95464, 
        "short_term_average": 92181
    }, 
    {
        "accumulated_operating_revenue_yoy": 3.824986700783005, 
        "accumulated_operating_revenue": 1180786, 
        "long_term_average": 98398, 
        "date": "2014-12-31", 
        "operating_revenue": 96826, 
        "short_term_average": 88286
    }, 
    {
        "accumulated_operating_revenue_yoy": 21.96160183751935, 
        "accumulated_operating_revenue": 97701, 
        "long_term_average": 99864, 
        "date": "2015-01-31", 
        "operating_revenue": 97701, 
        "short_term_average": 96663
    }, 
    {
        "accumulated_operating_revenue_yoy": 21.323104028610498, 
        "accumulated_operating_revenue": 184547, 
        "long_term_average": 101101, 
        "date": "2015-02-28", 
        "operating_revenue": 86846, 
        "short_term_average": 93791
    }, 
    {
        "accumulated_operating_revenue_yoy": -0.6788791923527544, 
        "accumulated_operating_revenue": 272121, 
        "long_term_average": 98243, 
        "date": "2015-03-31", 
        "operating_revenue": 87574, 
        "short_term_average": 90707
    }, 
    {
        "accumulated_operating_revenue_yoy": -3.5355494857946903, 
        "accumulated_operating_revenue": 372947, 
        "long_term_average": 97259, 
        "date": "2015-04-30", 
        "operating_revenue": 100826, 
        "short_term_average": 91748
    }, 
    {
        "accumulated_operating_revenue_yoy": -8.051183418825513, 
        "accumulated_operating_revenue": 476636, 
        "long_term_average": 94920, 
        "date": "2015-05-31", 
        "operating_revenue": 103689, 
        "short_term_average": 97363
    }, 
    {
        "accumulated_operating_revenue_yoy": 0.7370225470173799, 
        "accumulated_operating_revenue": 614108, 
        "long_term_average": 98773, 
        "date": "2015-06-30", 
        "operating_revenue": 137472, 
        "short_term_average": 113995
    }, 
    {
        "accumulated_operating_revenue_yoy": 4.015265688302609, 
        "accumulated_operating_revenue": 726064, 
        "long_term_average": 100734, 
        "date": "2015-07-31", 
        "operating_revenue": 111956, 
        "short_term_average": 117705
    }, 
    {
        "accumulated_operating_revenue_yoy": 1.9209452388177082, 
        "accumulated_operating_revenue": 822925, 
        "long_term_average": 99691, 
        "date": "2015-08-31", 
        "operating_revenue": 96861, 
        "short_term_average": 115429
    }, 
    {
        "accumulated_operating_revenue_yoy": 8.57621996488807, 
        "accumulated_operating_revenue": 994480, 
        "long_term_average": 104944, 
        "date": "2015-09-30", 
        "operating_revenue": 171555, 
        "short_term_average": 126790
    }
]