[
    {
        "date": "2011-09-30", 
        "operating_revenue": 3061488, 
        "accumulated_operating_revenue": 3061488, 
        "long_term_average": 3061488, 
        "short_term_average": 3061488
    }, 
    {
        "date": "2011-10-31", 
        "operating_revenue": 2973997, 
        "accumulated_operating_revenue": 6035485, 
        "long_term_average": 3017742, 
        "short_term_average": 3017742
    }, 
    {
        "date": "2011-11-30", 
        "operating_revenue": 3338673, 
        "accumulated_operating_revenue": 9374158, 
        "long_term_average": 3124719, 
        "short_term_average": 3124719
    }, 
    {
        "date": "2011-12-31", 
        "operating_revenue": 2809809, 
        "accumulated_operating_revenue": 12183967, 
        "long_term_average": 3045991, 
        "short_term_average": 3040826
    }, 
    {
        "date": "2012-01-31", 
        "operating_revenue": 1661263, 
        "accumulated_operating_revenue": 1661263, 
        "long_term_average": 2769046, 
        "short_term_average": 2603248
    }, 
    {
        "date": "2012-02-29", 
        "operating_revenue": 2201573, 
        "accumulated_operating_revenue": 3862836, 
        "long_term_average": 2674467, 
        "short_term_average": 2224215
    }, 
    {
        "date": "2012-03-31", 
        "operating_revenue": 2619592, 
        "accumulated_operating_revenue": 6482428, 
        "long_term_average": 2666627, 
        "short_term_average": 2160809
    }, 
    {
        "date": "2012-04-30", 
        "operating_revenue": 2193669, 
        "accumulated_operating_revenue": 8676097, 
        "long_term_average": 2607508, 
        "short_term_average": 2338278
    }, 
    {
        "date": "2012-05-31", 
        "operating_revenue": 2257428, 
        "accumulated_operating_revenue": 10933525, 
        "long_term_average": 2568610, 
        "short_term_average": 2356896
    }, 
    {
        "date": "2012-06-30", 
        "operating_revenue": 2028420, 
        "accumulated_operating_revenue": 12961945, 
        "long_term_average": 2514591, 
        "short_term_average": 2159839
    }, 
    {
        "date": "2012-07-31", 
        "operating_revenue": 2297363, 
        "accumulated_operating_revenue": 15259308, 
        "long_term_average": 2494843, 
        "short_term_average": 2194403
    }, 
    {
        "date": "2012-08-31", 
        "operating_revenue": 2752614, 
        "accumulated_operating_revenue": 18011922, 
        "long_term_average": 2516324, 
        "short_term_average": 2359465
    }, 
    {
        "accumulated_operating_revenue_yoy": 575.699463790157, 
        "accumulated_operating_revenue": 20686458, 
        "long_term_average": 2484078, 
        "date": "2012-09-30", 
        "operating_revenue": 2674536, 
        "short_term_average": 2574837
    }, 
    {
        "accumulated_operating_revenue_yoy": 283.31053759557017, 
        "accumulated_operating_revenue": 23134650, 
        "long_term_average": 2440261, 
        "date": "2012-10-31", 
        "operating_revenue": 2448192, 
        "short_term_average": 2625114
    }, 
    {
        "accumulated_operating_revenue_yoy": 178.6313714789104, 
        "accumulated_operating_revenue": 26119345, 
        "long_term_average": 2410762, 
        "date": "2012-11-30", 
        "operating_revenue": 2984695, 
        "short_term_average": 2702474
    }, 
    {
        "accumulated_operating_revenue_yoy": 134.58153653896142, 
        "accumulated_operating_revenue": 28581337, 
        "long_term_average": 2381778, 
        "date": "2012-12-31", 
        "operating_revenue": 2461992, 
        "short_term_average": 2631626
    }, 
    {
        "accumulated_operating_revenue_yoy": 57.653604516563604, 
        "accumulated_operating_revenue": 2619041, 
        "long_term_average": 2461592, 
        "date": "2013-01-31", 
        "operating_revenue": 2619041, 
        "short_term_average": 2688576
    }, 
    {
        "accumulated_operating_revenue_yoy": 14.174663382033303, 
        "accumulated_operating_revenue": 4410380, 
        "long_term_average": 2427406, 
        "date": "2013-02-28", 
        "operating_revenue": 1791339, 
        "short_term_average": 2290790
    }, 
    {
        "accumulated_operating_revenue_yoy": 11.300194926962552, 
        "accumulated_operating_revenue": 7214955, 
        "long_term_average": 2442822, 
        "date": "2013-03-31", 
        "operating_revenue": 2804575, 
        "short_term_average": 2404985
    }, 
    {
        "accumulated_operating_revenue_yoy": 10.605137310013939, 
        "accumulated_operating_revenue": 9596209, 
        "long_term_average": 2458454, 
        "date": "2013-04-30", 
        "operating_revenue": 2381254, 
        "short_term_average": 2325722
    }, 
    {
        "accumulated_operating_revenue_yoy": 10.500913474839999, 
        "accumulated_operating_revenue": 12081645, 
        "long_term_average": 2477454, 
        "date": "2013-05-31", 
        "operating_revenue": 2485436, 
        "short_term_average": 2557088
    }, 
    {
        "accumulated_operating_revenue_yoy": 8.913700837335755, 
        "accumulated_operating_revenue": 14117334, 
        "long_term_average": 2478060, 
        "date": "2013-06-30", 
        "operating_revenue": 2035689, 
        "short_term_average": 2300793
    }, 
    {
        "accumulated_operating_revenue_yoy": 7.898385693505891, 
        "accumulated_operating_revenue": 16464547, 
        "long_term_average": 2482214, 
        "date": "2013-07-31", 
        "operating_revenue": 2347213, 
        "short_term_average": 2289446
    }, 
    {
        "accumulated_operating_revenue_yoy": 4.6148101240944746, 
        "accumulated_operating_revenue": 18843138, 
        "long_term_average": 2451046, 
        "date": "2013-08-31", 
        "operating_revenue": 2378591, 
        "short_term_average": 2253831
    }, 
    {
        "accumulated_operating_revenue_yoy": 4.678621153993593, 
        "accumulated_operating_revenue": 21654299, 
        "long_term_average": 2462431, 
        "date": "2013-09-30", 
        "operating_revenue": 2811161, 
        "short_term_average": 2512321
    }, 
    {
        "accumulated_operating_revenue_yoy": 4.64247784167904, 
        "accumulated_operating_revenue": 24208671, 
        "long_term_average": 2471279, 
        "date": "2013-10-31", 
        "operating_revenue": 2554372, 
        "short_term_average": 2581374
    }, 
    {
        "accumulated_operating_revenue_yoy": 4.0296799173179885, 
        "accumulated_operating_revenue": 27171871, 
        "long_term_average": 2469488, 
        "date": "2013-11-30", 
        "operating_revenue": 2963200, 
        "short_term_average": 2776244
    }, 
    {
        "accumulated_operating_revenue_yoy": 5.488525606762202, 
        "accumulated_operating_revenue": 30150031, 
        "long_term_average": 2512502, 
        "date": "2013-12-31", 
        "operating_revenue": 2978160, 
        "short_term_average": 2831910
    }, 
    {
        "accumulated_operating_revenue_yoy": -9.008182766134627, 
        "accumulated_operating_revenue": 2383113, 
        "long_term_average": 2492841, 
        "date": "2014-01-31", 
        "operating_revenue": 2383113, 
        "short_term_average": 2774824
    }, 
    {
        "accumulated_operating_revenue_yoy": 1.7897777515769615, 
        "accumulated_operating_revenue": 4489316, 
        "long_term_average": 2519080, 
        "date": "2014-02-28", 
        "operating_revenue": 2106203, 
        "short_term_average": 2489158
    }, 
    {
        "accumulated_operating_revenue_yoy": -3.7676742266583783, 
        "accumulated_operating_revenue": 6943119, 
        "long_term_average": 2489849, 
        "date": "2014-03-31", 
        "operating_revenue": 2453803, 
        "short_term_average": 2314373
    }, 
    {
        "accumulated_operating_revenue_yoy": -2.812423114169356, 
        "accumulated_operating_revenue": 9326323, 
        "long_term_average": 2490012, 
        "date": "2014-04-30", 
        "operating_revenue": 2383204, 
        "short_term_average": 2314403
    }, 
    {
        "accumulated_operating_revenue_yoy": -1.7412860583140788, 
        "accumulated_operating_revenue": 11871269, 
        "long_term_average": 2494971, 
        "date": "2014-05-31", 
        "operating_revenue": 2544946, 
        "short_term_average": 2460651
    }, 
    {
        "accumulated_operating_revenue_yoy": 0.241256599865102, 
        "accumulated_operating_revenue": 14151393, 
        "long_term_average": 2515340, 
        "date": "2014-06-30", 
        "operating_revenue": 2280124, 
        "short_term_average": 2402758
    }, 
    {
        "accumulated_operating_revenue_yoy": 1.8328594160531717, 
        "accumulated_operating_revenue": 16766319, 
        "long_term_average": 2537650, 
        "date": "2014-07-31", 
        "operating_revenue": 2614926, 
        "short_term_average": 2479998
    }, 
    {
        "accumulated_operating_revenue_yoy": 0.81096365159561, 
        "accumulated_operating_revenue": 18995949, 
        "long_term_average": 2525236, 
        "date": "2014-08-31", 
        "operating_revenue": 2229630, 
        "short_term_average": 2374893
    }, 
    {
        "accumulated_operating_revenue_yoy": -0.2703804911902251, 
        "accumulated_operating_revenue": 21595750, 
        "long_term_average": 2507623, 
        "date": "2014-09-30", 
        "operating_revenue": 2599801, 
        "short_term_average": 2481452
    }, 
    {
        "accumulated_operating_revenue_yoy": -1.3323201426464097, 
        "accumulated_operating_revenue": 23886134, 
        "long_term_average": 2485624, 
        "date": "2014-10-31", 
        "operating_revenue": 2290384, 
        "short_term_average": 2373271
    }, 
    {
        "accumulated_operating_revenue_yoy": -3.8644376016653403, 
        "accumulated_operating_revenue": 26121831, 
        "long_term_average": 2424999, 
        "date": "2014-11-30", 
        "operating_revenue": 2235697, 
        "short_term_average": 2375294
    }, 
    {
        "accumulated_operating_revenue_yoy": -7.378761899117118, 
        "accumulated_operating_revenue": 27925332, 
        "long_term_average": 2327111, 
        "date": "2014-12-31", 
        "operating_revenue": 1803501, 
        "short_term_average": 2109860
    }, 
    {
        "accumulated_operating_revenue_yoy": -12.898591044570692, 
        "accumulated_operating_revenue": 2075725, 
        "long_term_average": 2301495, 
        "date": "2015-01-31", 
        "operating_revenue": 2075725, 
        "short_term_average": 2038307
    }, 
    {
        "accumulated_operating_revenue_yoy": -22.6852821231564, 
        "accumulated_operating_revenue": 3470902, 
        "long_term_average": 2242243, 
        "date": "2015-02-28", 
        "operating_revenue": 1395177, 
        "short_term_average": 1758134
    }, 
    {
        "accumulated_operating_revenue_yoy": -22.33376671204973, 
        "accumulated_operating_revenue": 5392459, 
        "long_term_average": 2197889, 
        "date": "2015-03-31", 
        "operating_revenue": 1921557, 
        "short_term_average": 1797486
    }, 
    {
        "accumulated_operating_revenue_yoy": -20.197670614667754, 
        "accumulated_operating_revenue": 7442623, 
        "long_term_average": 2170136, 
        "date": "2015-04-30", 
        "operating_revenue": 2050164, 
        "short_term_average": 1788966
    }, 
    {
        "accumulated_operating_revenue_yoy": -21.9195774268109, 
        "accumulated_operating_revenue": 9269137, 
        "long_term_average": 2110266, 
        "date": "2015-05-31", 
        "operating_revenue": 1826514, 
        "short_term_average": 1932745
    }, 
    {
        "accumulated_operating_revenue_yoy": -18.04676755143469, 
        "accumulated_operating_revenue": 11597524, 
        "long_term_average": 2114288, 
        "date": "2015-06-30", 
        "operating_revenue": 2328387, 
        "short_term_average": 2068355
    }, 
    {
        "accumulated_operating_revenue_yoy": -19.58367844486318, 
        "accumulated_operating_revenue": 13482857, 
        "long_term_average": 2053489, 
        "date": "2015-07-31", 
        "operating_revenue": 1885333, 
        "short_term_average": 2013411
    }, 
    {
        "accumulated_operating_revenue_yoy": -18.18935710977114, 
        "accumulated_operating_revenue": 15540708, 
        "long_term_average": 2039174, 
        "date": "2015-08-31", 
        "operating_revenue": 2057851, 
        "short_term_average": 2090523
    }
]