[
    {
        "date": "2012-01-31", 
        "operating_revenue": 363789, 
        "accumulated_operating_revenue": 363789, 
        "long_term_average": 363789, 
        "short_term_average": 363789
    }, 
    {
        "date": "2012-02-29", 
        "operating_revenue": 343642, 
        "accumulated_operating_revenue": 707431, 
        "long_term_average": 353715, 
        "short_term_average": 353715
    }, 
    {
        "date": "2012-03-31", 
        "operating_revenue": 377496, 
        "accumulated_operating_revenue": 1084927, 
        "long_term_average": 361642, 
        "short_term_average": 361642
    }, 
    {
        "date": "2012-04-30", 
        "operating_revenue": 255359, 
        "accumulated_operating_revenue": 1340286, 
        "long_term_average": 335071, 
        "short_term_average": 325499
    }, 
    {
        "date": "2012-05-31", 
        "operating_revenue": 291053, 
        "accumulated_operating_revenue": 1631339, 
        "long_term_average": 326267, 
        "short_term_average": 307969
    }, 
    {
        "date": "2012-06-30", 
        "operating_revenue": 345742, 
        "accumulated_operating_revenue": 1977081, 
        "long_term_average": 329513, 
        "short_term_average": 297384
    }, 
    {
        "date": "2012-07-31", 
        "operating_revenue": 331977, 
        "accumulated_operating_revenue": 2309058, 
        "long_term_average": 329865, 
        "short_term_average": 322924
    }, 
    {
        "date": "2012-08-31", 
        "operating_revenue": 292816, 
        "accumulated_operating_revenue": 2601874, 
        "long_term_average": 325234, 
        "short_term_average": 323511
    }, 
    {
        "date": "2012-09-30", 
        "operating_revenue": 218365, 
        "accumulated_operating_revenue": 2820239, 
        "long_term_average": 313359, 
        "short_term_average": 281052
    }, 
    {
        "date": "2012-10-31", 
        "operating_revenue": 314819, 
        "accumulated_operating_revenue": 3135058, 
        "long_term_average": 313505, 
        "short_term_average": 275333
    }, 
    {
        "date": "2012-11-30", 
        "operating_revenue": 369747, 
        "accumulated_operating_revenue": 3504805, 
        "long_term_average": 318618, 
        "short_term_average": 300977
    }, 
    {
        "date": "2012-12-31", 
        "operating_revenue": 448674, 
        "accumulated_operating_revenue": 3953479, 
        "long_term_average": 329456, 
        "short_term_average": 377746
    }, 
    {
        "accumulated_operating_revenue_yoy": -3.906660179389701, 
        "accumulated_operating_revenue": 349577, 
        "long_term_average": 328272, 
        "date": "2013-01-31", 
        "operating_revenue": 349577, 
        "short_term_average": 389332
    }, 
    {
        "accumulated_operating_revenue_yoy": -19.69534838026606, 
        "accumulated_operating_revenue": 568100, 
        "long_term_average": 317845, 
        "date": "2013-02-28", 
        "operating_revenue": 218523, 
        "short_term_average": 338924
    }, 
    {
        "accumulated_operating_revenue_yoy": -18.50041523531076, 
        "accumulated_operating_revenue": 884211, 
        "long_term_average": 312730, 
        "date": "2013-03-31", 
        "operating_revenue": 316111, 
        "short_term_average": 294737
    }, 
    {
        "accumulated_operating_revenue_yoy": -10.55603057854816, 
        "accumulated_operating_revenue": 1198805, 
        "long_term_average": 317666, 
        "date": "2013-04-30", 
        "operating_revenue": 314594, 
        "short_term_average": 283076
    }, 
    {
        "accumulated_operating_revenue_yoy": -5.221845367517113, 
        "accumulated_operating_revenue": 1546153, 
        "long_term_average": 322357, 
        "date": "2013-05-31", 
        "operating_revenue": 347348, 
        "short_term_average": 326017
    }, 
    {
        "accumulated_operating_revenue_yoy": -0.12791585170258576, 
        "accumulated_operating_revenue": 1974552, 
        "long_term_average": 329245, 
        "date": "2013-06-30", 
        "operating_revenue": 428399, 
        "short_term_average": 363447
    }, 
    {
        "accumulated_operating_revenue_yoy": -0.8734297709282314, 
        "accumulated_operating_revenue": 2288890, 
        "long_term_average": 327775, 
        "date": "2013-07-31", 
        "operating_revenue": 314338, 
        "short_term_average": 363361
    }, 
    {
        "accumulated_operating_revenue_yoy": 0.16288259923424422, 
        "accumulated_operating_revenue": 2606112, 
        "long_term_average": 329809, 
        "date": "2013-08-31", 
        "operating_revenue": 317222, 
        "short_term_average": 353319
    }, 
    {
        "accumulated_operating_revenue_yoy": 6.895231219765417, 
        "accumulated_operating_revenue": 3014701, 
        "long_term_average": 345661, 
        "date": "2013-09-30", 
        "operating_revenue": 408589, 
        "short_term_average": 346716
    }, 
    {
        "accumulated_operating_revenue_yoy": 6.4357661006590625, 
        "accumulated_operating_revenue": 3336823, 
        "long_term_average": 346270, 
        "date": "2013-10-31", 
        "operating_revenue": 322122, 
        "short_term_average": 349311
    }, 
    {
        "accumulated_operating_revenue_yoy": 9.550716801648024, 
        "accumulated_operating_revenue": 3839539, 
        "long_term_average": 357351, 
        "date": "2013-11-30", 
        "operating_revenue": 502716, 
        "short_term_average": 411142
    }, 
    {
        "accumulated_operating_revenue_yoy": 8.93602824246695, 
        "accumulated_operating_revenue": 4306763, 
        "long_term_average": 358896, 
        "date": "2013-12-31", 
        "operating_revenue": 467224, 
        "short_term_average": 430687
    }, 
    {
        "accumulated_operating_revenue_yoy": -1.494663550519628, 
        "accumulated_operating_revenue": 344352, 
        "long_term_average": 358461, 
        "date": "2014-01-31", 
        "operating_revenue": 344352, 
        "short_term_average": 438097
    }, 
    {
        "accumulated_operating_revenue_yoy": 31.73261749691956, 
        "accumulated_operating_revenue": 748373, 
        "long_term_average": 373919, 
        "date": "2014-02-28", 
        "operating_revenue": 404021, 
        "short_term_average": 405199
    }, 
    {
        "accumulated_operating_revenue_yoy": 19.829429853281628, 
        "accumulated_operating_revenue": 1059545, 
        "long_term_average": 373508, 
        "date": "2014-03-31", 
        "operating_revenue": 311172, 
        "short_term_average": 353181
    }, 
    {
        "accumulated_operating_revenue_yoy": 16.855451887504643, 
        "accumulated_operating_revenue": 1400869, 
        "long_term_average": 375735, 
        "date": "2014-04-30", 
        "operating_revenue": 341324, 
        "short_term_average": 352172
    }, 
    {
        "accumulated_operating_revenue_yoy": 13.964012617121332, 
        "accumulated_operating_revenue": 1762058, 
        "long_term_average": 376889, 
        "date": "2014-05-31", 
        "operating_revenue": 361189, 
        "short_term_average": 337895
    }, 
    {
        "accumulated_operating_revenue_yoy": 6.942790060732763, 
        "accumulated_operating_revenue": 2111641, 
        "long_term_average": 370321, 
        "date": "2014-06-30", 
        "operating_revenue": 349583, 
        "short_term_average": 350698
    }, 
    {
        "accumulated_operating_revenue_yoy": 10.24566492928887, 
        "accumulated_operating_revenue": 2523402, 
        "long_term_average": 378439, 
        "date": "2014-07-31", 
        "operating_revenue": 411761, 
        "short_term_average": 374177
    }, 
    {
        "accumulated_operating_revenue_yoy": 11.210070787441214, 
        "accumulated_operating_revenue": 2898259, 
        "long_term_average": 383242, 
        "date": "2014-08-31", 
        "operating_revenue": 374857, 
        "short_term_average": 378733
    }, 
    {
        "accumulated_operating_revenue_yoy": 9.586589184134679, 
        "accumulated_operating_revenue": 3303708, 
        "long_term_average": 382980, 
        "date": "2014-09-30", 
        "operating_revenue": 405449, 
        "short_term_average": 397355
    }, 
    {
        "accumulated_operating_revenue_yoy": 11.707063874829442, 
        "accumulated_operating_revenue": 3727467, 
        "long_term_average": 391450, 
        "date": "2014-10-31", 
        "operating_revenue": 423759, 
        "short_term_average": 401355
    }, 
    {
        "accumulated_operating_revenue_yoy": 9.934447859495632, 
        "accumulated_operating_revenue": 4220976, 
        "long_term_average": 390683, 
        "date": "2014-11-30", 
        "operating_revenue": 493509, 
        "short_term_average": 440905
    }, 
    {
        "accumulated_operating_revenue_yoy": 15.406884474488148, 
        "accumulated_operating_revenue": 4970301, 
        "long_term_average": 414191, 
        "date": "2014-12-31", 
        "operating_revenue": 749325, 
        "short_term_average": 555531
    }, 
    {
        "accumulated_operating_revenue_yoy": 32.08606309822507, 
        "accumulated_operating_revenue": 454841, 
        "long_term_average": 423399, 
        "date": "2015-01-31", 
        "operating_revenue": 454841, 
        "short_term_average": 565891
    }, 
    {
        "accumulated_operating_revenue_yoy": -2.1348979720005934, 
        "accumulated_operating_revenue": 732396, 
        "long_term_average": 412860, 
        "date": "2015-02-28", 
        "operating_revenue": 277555, 
        "short_term_average": 493907
    }, 
    {
        "accumulated_operating_revenue_yoy": 17.191813467101444, 
        "accumulated_operating_revenue": 1241700, 
        "long_term_average": 429371, 
        "date": "2015-03-31", 
        "operating_revenue": 509304, 
        "short_term_average": 413900
    }, 
    {
        "accumulated_operating_revenue_yoy": 15.65992251952181, 
        "accumulated_operating_revenue": 1620244, 
        "long_term_average": 432473, 
        "date": "2015-04-30", 
        "operating_revenue": 378544, 
        "short_term_average": 388467
    }, 
    {
        "accumulated_operating_revenue_yoy": 15.934435756371244, 
        "accumulated_operating_revenue": 2042832, 
        "long_term_average": 437589, 
        "date": "2015-05-31", 
        "operating_revenue": 422588, 
        "short_term_average": 436812
    }, 
    {
        "accumulated_operating_revenue_yoy": 19.712252224691603, 
        "accumulated_operating_revenue": 2527893, 
        "long_term_average": 448879, 
        "date": "2015-06-30", 
        "operating_revenue": 485061, 
        "short_term_average": 428731
    }, 
    {
        "accumulated_operating_revenue_yoy": 19.693215746044427, 
        "accumulated_operating_revenue": 3020341, 
        "long_term_average": 455603, 
        "date": "2015-07-31", 
        "operating_revenue": 492448, 
        "short_term_average": 466699
    }, 
    {
        "accumulated_operating_revenue_yoy": 18.56900987799917, 
        "accumulated_operating_revenue": 3436437, 
        "long_term_average": 459039, 
        "date": "2015-08-31", 
        "operating_revenue": 416096, 
        "short_term_average": 464535
    }, 
    {
        "accumulated_operating_revenue_yoy": 17.24304932518249, 
        "accumulated_operating_revenue": 3873368, 
        "long_term_average": 461663, 
        "date": "2015-09-30", 
        "operating_revenue": 436931, 
        "short_term_average": 448491
    }, 
    {
        "accumulated_operating_revenue_yoy": 14.171929624058373, 
        "accumulated_operating_revenue": 4255721, 
        "long_term_average": 458212, 
        "date": "2015-10-31", 
        "operating_revenue": 382353, 
        "short_term_average": 411793
    }
]