[
    {
        "date": "2011-09-30", 
        "operating_revenue": 370145, 
        "accumulated_operating_revenue": 370145, 
        "long_term_average": 370145, 
        "short_term_average": 370145
    }, 
    {
        "date": "2011-10-31", 
        "operating_revenue": 213687, 
        "accumulated_operating_revenue": 583832, 
        "long_term_average": 291916, 
        "short_term_average": 291916
    }, 
    {
        "date": "2011-11-30", 
        "operating_revenue": 115039, 
        "accumulated_operating_revenue": 698871, 
        "long_term_average": 232957, 
        "short_term_average": 232957
    }, 
    {
        "date": "2011-12-31", 
        "operating_revenue": 178652, 
        "accumulated_operating_revenue": 877523, 
        "long_term_average": 219380, 
        "short_term_average": 169126
    }, 
    {
        "date": "2012-01-31", 
        "operating_revenue": 373625, 
        "accumulated_operating_revenue": 373625, 
        "long_term_average": 250229, 
        "short_term_average": 222438
    }, 
    {
        "date": "2012-02-29", 
        "operating_revenue": 363110, 
        "accumulated_operating_revenue": 736735, 
        "long_term_average": 269043, 
        "short_term_average": 305129
    }, 
    {
        "date": "2012-03-31", 
        "operating_revenue": 294528, 
        "accumulated_operating_revenue": 1031263, 
        "long_term_average": 272683, 
        "short_term_average": 343754
    }, 
    {
        "date": "2012-04-30", 
        "operating_revenue": 204456, 
        "accumulated_operating_revenue": 1235719, 
        "long_term_average": 264155, 
        "short_term_average": 287364
    }, 
    {
        "date": "2012-05-31", 
        "operating_revenue": 564628, 
        "accumulated_operating_revenue": 1800347, 
        "long_term_average": 297541, 
        "short_term_average": 354537
    }, 
    {
        "date": "2012-06-30", 
        "operating_revenue": 628593, 
        "accumulated_operating_revenue": 2428940, 
        "long_term_average": 330646, 
        "short_term_average": 465892
    }, 
    {
        "date": "2012-07-31", 
        "operating_revenue": 765584, 
        "accumulated_operating_revenue": 3194524, 
        "long_term_average": 370186, 
        "short_term_average": 652935
    }, 
    {
        "date": "2012-08-31", 
        "operating_revenue": 687151, 
        "accumulated_operating_revenue": 3881675, 
        "long_term_average": 396599, 
        "short_term_average": 693776
    }, 
    {
        "accumulated_operating_revenue_yoy": 1132.840103202799, 
        "accumulated_operating_revenue": 4563296, 
        "long_term_average": 422556, 
        "date": "2012-09-30", 
        "operating_revenue": 681621, 
        "short_term_average": 711452
    }, 
    {
        "accumulated_operating_revenue_yoy": 768.4073500596062, 
        "accumulated_operating_revenue": 5070040, 
        "long_term_average": 446977, 
        "date": "2012-10-31", 
        "operating_revenue": 506744, 
        "short_term_average": 625172
    }, 
    {
        "accumulated_operating_revenue_yoy": 662.8623880515861, 
        "accumulated_operating_revenue": 5331424, 
        "long_term_average": 459173, 
        "date": "2012-11-30", 
        "operating_revenue": 261384, 
        "short_term_average": 483249
    }, 
    {
        "accumulated_operating_revenue_yoy": 531.13878496632, 
        "accumulated_operating_revenue": 5538388, 
        "long_term_average": 461532, 
        "date": "2012-12-31", 
        "operating_revenue": 206964, 
        "short_term_average": 325030
    }, 
    {
        "accumulated_operating_revenue_yoy": -11.858681833389094, 
        "accumulated_operating_revenue": 329318, 
        "long_term_average": 457840, 
        "date": "2013-01-31", 
        "operating_revenue": 329318, 
        "short_term_average": 265888
    }, 
    {
        "accumulated_operating_revenue_yoy": -38.55348259550585, 
        "accumulated_operating_revenue": 452698, 
        "long_term_average": 437862, 
        "date": "2013-02-28", 
        "operating_revenue": 123380, 
        "short_term_average": 219887
    }, 
    {
        "accumulated_operating_revenue_yoy": -36.43726188178961, 
        "accumulated_operating_revenue": 655499, 
        "long_term_average": 430218, 
        "date": "2013-03-31", 
        "operating_revenue": 202801, 
        "short_term_average": 218499
    }, 
    {
        "accumulated_operating_revenue_yoy": -32.368766685629986, 
        "accumulated_operating_revenue": 835732, 
        "long_term_average": 428200, 
        "date": "2013-04-30", 
        "operating_revenue": 180233, 
        "short_term_average": 168804
    }, 
    {
        "accumulated_operating_revenue_yoy": -40.384825814134715, 
        "accumulated_operating_revenue": 1073280, 
        "long_term_average": 400943, 
        "date": "2013-05-31", 
        "operating_revenue": 237548, 
        "short_term_average": 206860
    }, 
    {
        "accumulated_operating_revenue_yoy": -35.604543545744235, 
        "accumulated_operating_revenue": 1564127, 
        "long_term_average": 389464, 
        "date": "2013-06-30", 
        "operating_revenue": 490847, 
        "short_term_average": 302876
    }, 
    {
        "accumulated_operating_revenue_yoy": -37.63374449526753, 
        "accumulated_operating_revenue": 1992305, 
        "long_term_average": 361347, 
        "date": "2013-07-31", 
        "operating_revenue": 428178, 
        "short_term_average": 385524
    }, 
    {
        "accumulated_operating_revenue_yoy": -32.21614380389909, 
        "accumulated_operating_revenue": 2631149, 
        "long_term_average": 357321, 
        "date": "2013-08-31", 
        "operating_revenue": 638844, 
        "short_term_average": 519289
    }, 
    {
        "accumulated_operating_revenue_yoy": -30.10885114618907, 
        "accumulated_operating_revenue": 3189340, 
        "long_term_average": 347036, 
        "date": "2013-09-30", 
        "operating_revenue": 558191, 
        "short_term_average": 541737
    }, 
    {
        "accumulated_operating_revenue_yoy": -26.490461613715077, 
        "accumulated_operating_revenue": 3726963, 
        "long_term_average": 349609, 
        "date": "2013-10-31", 
        "operating_revenue": 537623, 
        "short_term_average": 578219
    }, 
    {
        "accumulated_operating_revenue_yoy": -26.94240788202176, 
        "accumulated_operating_revenue": 3895010, 
        "long_term_average": 341831, 
        "date": "2013-11-30", 
        "operating_revenue": 168047, 
        "short_term_average": 421287
    }, 
    {
        "accumulated_operating_revenue_yoy": -26.26267787666736, 
        "accumulated_operating_revenue": 4083859, 
        "long_term_average": 340321, 
        "date": "2013-12-31", 
        "operating_revenue": 188849, 
        "short_term_average": 298173
    }, 
    {
        "accumulated_operating_revenue_yoy": -56.35312980158995, 
        "accumulated_operating_revenue": 143737, 
        "long_term_average": 324856, 
        "date": "2014-01-31", 
        "operating_revenue": 143737, 
        "short_term_average": 166877
    }, 
    {
        "accumulated_operating_revenue_yoy": -27.739464278614, 
        "accumulated_operating_revenue": 327122, 
        "long_term_average": 329856, 
        "date": "2014-02-28", 
        "operating_revenue": 183385, 
        "short_term_average": 171990
    }, 
    {
        "accumulated_operating_revenue_yoy": -1.1937470537712491, 
        "accumulated_operating_revenue": 647674, 
        "long_term_average": 339669, 
        "date": "2014-03-31", 
        "operating_revenue": 320552, 
        "short_term_average": 215891
    }, 
    {
        "accumulated_operating_revenue_yoy": 4.087315072295904, 
        "accumulated_operating_revenue": 869891, 
        "long_term_average": 343168, 
        "date": "2014-04-30", 
        "operating_revenue": 222217, 
        "short_term_average": 242051
    }, 
    {
        "accumulated_operating_revenue_yoy": 12.907349433512225, 
        "accumulated_operating_revenue": 1211812, 
        "long_term_average": 351865, 
        "date": "2014-05-31", 
        "operating_revenue": 341921, 
        "short_term_average": 294896
    }, 
    {
        "accumulated_operating_revenue_yoy": 18.633972816785338, 
        "accumulated_operating_revenue": 1855586, 
        "long_term_average": 364609, 
        "date": "2014-06-30", 
        "operating_revenue": 643774, 
        "short_term_average": 402637
    }, 
    {
        "accumulated_operating_revenue_yoy": 46.828773706837055, 
        "accumulated_operating_revenue": 2925277, 
        "long_term_average": 418069, 
        "date": "2014-07-31", 
        "operating_revenue": 1069691, 
        "short_term_average": 685128
    }, 
    {
        "accumulated_operating_revenue_yoy": 59.22260578933386, 
        "accumulated_operating_revenue": 4189384, 
        "long_term_average": 470174, 
        "date": "2014-08-31", 
        "operating_revenue": 1264107, 
        "short_term_average": 992524
    }, 
    {
        "accumulated_operating_revenue_yoy": 55.74344535232994, 
        "accumulated_operating_revenue": 4967188, 
        "long_term_average": 488475, 
        "date": "2014-09-30", 
        "operating_revenue": 777804, 
        "short_term_average": 1037200
    }, 
    {
        "accumulated_operating_revenue_yoy": 42.60095954802878, 
        "accumulated_operating_revenue": 5314685, 
        "long_term_average": 472631, 
        "date": "2014-10-31", 
        "operating_revenue": 347497, 
        "short_term_average": 796469
    }, 
    {
        "accumulated_operating_revenue_yoy": 45.006662370571576, 
        "accumulated_operating_revenue": 5648024, 
        "long_term_average": 486406, 
        "date": "2014-11-30", 
        "operating_revenue": 333339, 
        "short_term_average": 486213
    }, 
    {
        "accumulated_operating_revenue_yoy": 43.72555467757334, 
        "accumulated_operating_revenue": 5869549, 
        "long_term_average": 489129, 
        "date": "2014-12-31", 
        "operating_revenue": 221525, 
        "short_term_average": 300787
    }, 
    {
        "accumulated_operating_revenue_yoy": 201.21193568809704, 
        "accumulated_operating_revenue": 432953, 
        "long_term_average": 513230, 
        "date": "2015-01-31", 
        "operating_revenue": 432953, 
        "short_term_average": 329272
    }, 
    {
        "accumulated_operating_revenue_yoy": 85.30548235826389, 
        "accumulated_operating_revenue": 606175, 
        "long_term_average": 512383, 
        "date": "2015-02-28", 
        "operating_revenue": 173222, 
        "short_term_average": 275900
    }, 
    {
        "accumulated_operating_revenue_yoy": 77.88856739656062, 
        "accumulated_operating_revenue": 1152138, 
        "long_term_average": 531167, 
        "date": "2015-03-31", 
        "operating_revenue": 545963, 
        "short_term_average": 384046
    }, 
    {
        "accumulated_operating_revenue_yoy": 76.52177111845047, 
        "accumulated_operating_revenue": 1535547, 
        "long_term_average": 544600, 
        "date": "2015-04-30", 
        "operating_revenue": 383409, 
        "short_term_average": 367531
    }, 
    {
        "accumulated_operating_revenue_yoy": 58.49380927074497, 
        "accumulated_operating_revenue": 1920647, 
        "long_term_average": 548198, 
        "date": "2015-05-31", 
        "operating_revenue": 385100, 
        "short_term_average": 438157
    }, 
    {
        "accumulated_operating_revenue_yoy": 32.59018983760386, 
        "accumulated_operating_revenue": 2460325, 
        "long_term_average": 539524, 
        "date": "2015-06-30", 
        "operating_revenue": 539678, 
        "short_term_average": 436062
    }, 
    {
        "accumulated_operating_revenue_yoy": 1.0240397746948409, 
        "accumulated_operating_revenue": 2955233, 
        "long_term_average": 491625, 
        "date": "2015-07-31", 
        "operating_revenue": 494908, 
        "short_term_average": 473228
    }, 
    {
        "accumulated_operating_revenue_yoy": -16.74876306397313, 
        "accumulated_operating_revenue": 3487714, 
        "long_term_average": 430656, 
        "date": "2015-08-31", 
        "operating_revenue": 532481, 
        "short_term_average": 522355
    }
]