[
    {
        "date": "2012-01-31", 
        "operating_revenue": 211801, 
        "accumulated_operating_revenue": 211801, 
        "long_term_average": 211801, 
        "short_term_average": 211801
    }, 
    {
        "date": "2012-02-29", 
        "operating_revenue": 278453, 
        "accumulated_operating_revenue": 490254, 
        "long_term_average": 245127, 
        "short_term_average": 245127
    }, 
    {
        "date": "2012-03-31", 
        "operating_revenue": 348171, 
        "accumulated_operating_revenue": 838425, 
        "long_term_average": 279475, 
        "short_term_average": 279475
    }, 
    {
        "date": "2012-04-30", 
        "operating_revenue": 312309, 
        "accumulated_operating_revenue": 1150734, 
        "long_term_average": 287683, 
        "short_term_average": 312977
    }, 
    {
        "date": "2012-05-31", 
        "operating_revenue": 310241, 
        "accumulated_operating_revenue": 1460975, 
        "long_term_average": 292195, 
        "short_term_average": 323573
    }, 
    {
        "date": "2012-06-30", 
        "operating_revenue": 246845, 
        "accumulated_operating_revenue": 1707820, 
        "long_term_average": 284636, 
        "short_term_average": 289798
    }, 
    {
        "date": "2012-07-31", 
        "operating_revenue": 298466, 
        "accumulated_operating_revenue": 2006286, 
        "long_term_average": 286612, 
        "short_term_average": 285184
    }, 
    {
        "date": "2012-08-31", 
        "operating_revenue": 268974, 
        "accumulated_operating_revenue": 2275260, 
        "long_term_average": 284407, 
        "short_term_average": 271428
    }, 
    {
        "date": "2012-09-30", 
        "operating_revenue": 271613, 
        "accumulated_operating_revenue": 2546873, 
        "long_term_average": 282985, 
        "short_term_average": 279684
    }, 
    {
        "date": "2012-10-31", 
        "operating_revenue": 259921, 
        "accumulated_operating_revenue": 2806794, 
        "long_term_average": 280679, 
        "short_term_average": 266836
    }, 
    {
        "date": "2012-11-30", 
        "operating_revenue": 266575, 
        "accumulated_operating_revenue": 3073369, 
        "long_term_average": 279397, 
        "short_term_average": 266036
    }, 
    {
        "date": "2012-12-31", 
        "operating_revenue": 254143, 
        "accumulated_operating_revenue": 3327512, 
        "long_term_average": 277292, 
        "short_term_average": 260213
    }, 
    {
        "accumulated_operating_revenue_yoy": 5.194970750846313, 
        "accumulated_operating_revenue": 222804, 
        "long_term_average": 278209, 
        "date": "2013-01-31", 
        "operating_revenue": 222804, 
        "short_term_average": 247840
    }, 
    {
        "accumulated_operating_revenue_yoy": -25.316264630171297, 
        "accumulated_operating_revenue": 366140, 
        "long_term_average": 266949, 
        "date": "2013-02-28", 
        "operating_revenue": 143336, 
        "short_term_average": 206761
    }, 
    {
        "accumulated_operating_revenue_yoy": -26.238840683424275, 
        "accumulated_operating_revenue": 618432, 
        "long_term_average": 258959, 
        "date": "2013-03-31", 
        "operating_revenue": 252292, 
        "short_term_average": 206144
    }, 
    {
        "accumulated_operating_revenue_yoy": -20.966357125104498, 
        "accumulated_operating_revenue": 909467, 
        "long_term_average": 257187, 
        "date": "2013-04-30", 
        "operating_revenue": 291035, 
        "short_term_average": 228887
    }, 
    {
        "accumulated_operating_revenue_yoy": -21.04101712897209, 
        "accumulated_operating_revenue": 1153571, 
        "long_term_average": 251675, 
        "date": "2013-05-31", 
        "operating_revenue": 244104, 
        "short_term_average": 262477
    }, 
    {
        "accumulated_operating_revenue_yoy": -19.05557962782963, 
        "accumulated_operating_revenue": 1382385, 
        "long_term_average": 250173, 
        "date": "2013-06-30", 
        "operating_revenue": 228814, 
        "short_term_average": 254651
    }, 
    {
        "accumulated_operating_revenue_yoy": -17.82382970324271, 
        "accumulated_operating_revenue": 1648689, 
        "long_term_average": 247492, 
        "date": "2013-07-31", 
        "operating_revenue": 266304, 
        "short_term_average": 246407
    }, 
    {
        "accumulated_operating_revenue_yoy": -17.611965225952197, 
        "accumulated_operating_revenue": 1874542, 
        "long_term_average": 243899, 
        "date": "2013-08-31", 
        "operating_revenue": 225853, 
        "short_term_average": 240323
    }, 
    {
        "accumulated_operating_revenue_yoy": -18.231494071357307, 
        "accumulated_operating_revenue": 2082540, 
        "long_term_average": 238598, 
        "date": "2013-09-30", 
        "operating_revenue": 207998, 
        "short_term_average": 233385
    }, 
    {
        "accumulated_operating_revenue_yoy": -18.342813900842028, 
        "accumulated_operating_revenue": 2291949, 
        "long_term_average": 234388, 
        "date": "2013-10-31", 
        "operating_revenue": 209409, 
        "short_term_average": 214420
    }, 
    {
        "accumulated_operating_revenue_yoy": -18.22215295332256, 
        "accumulated_operating_revenue": 2513335, 
        "long_term_average": 230623, 
        "date": "2013-11-30", 
        "operating_revenue": 221386, 
        "short_term_average": 212931
    }, 
    {
        "accumulated_operating_revenue_yoy": -16.990051425810034, 
        "accumulated_operating_revenue": 2762166, 
        "long_term_average": 230180, 
        "date": "2013-12-31", 
        "operating_revenue": 248831, 
        "short_term_average": 226542
    }, 
    {
        "accumulated_operating_revenue_yoy": -19.358718873987897, 
        "accumulated_operating_revenue": 179672, 
        "long_term_average": 226586, 
        "date": "2014-01-31", 
        "operating_revenue": 179672, 
        "short_term_average": 216629
    }, 
    {
        "accumulated_operating_revenue_yoy": -8.063582236303054, 
        "accumulated_operating_revenue": 336616, 
        "long_term_average": 227720, 
        "date": "2014-02-28", 
        "operating_revenue": 156944, 
        "short_term_average": 195149
    }, 
    {
        "accumulated_operating_revenue_yoy": -9.103345234399255, 
        "accumulated_operating_revenue": 562134, 
        "long_term_average": 225489, 
        "date": "2014-03-31", 
        "operating_revenue": 225518, 
        "short_term_average": 187378
    }, 
    {
        "accumulated_operating_revenue_yoy": -12.568680336944608, 
        "accumulated_operating_revenue": 795159, 
        "long_term_average": 220654, 
        "date": "2014-04-30", 
        "operating_revenue": 233025, 
        "short_term_average": 205162
    }, 
    {
        "accumulated_operating_revenue_yoy": -11.040586145109403, 
        "accumulated_operating_revenue": 1026210, 
        "long_term_average": 219567, 
        "date": "2014-05-31", 
        "operating_revenue": 231051, 
        "short_term_average": 229864
    }, 
    {
        "accumulated_operating_revenue_yoy": -10.394282345366884, 
        "accumulated_operating_revenue": 1238696, 
        "long_term_average": 218206, 
        "date": "2014-06-30", 
        "operating_revenue": 212486, 
        "short_term_average": 225520
    }, 
    {
        "accumulated_operating_revenue_yoy": -11.997775201993827, 
        "accumulated_operating_revenue": 1450883, 
        "long_term_average": 213696, 
        "date": "2014-07-31", 
        "operating_revenue": 212187, 
        "short_term_average": 218574
    }, 
    {
        "accumulated_operating_revenue_yoy": -9.841337243977462, 
        "accumulated_operating_revenue": 1690062, 
        "long_term_average": 214807, 
        "date": "2014-08-31", 
        "operating_revenue": 239179, 
        "short_term_average": 221284
    }, 
    {
        "accumulated_operating_revenue_yoy": -6.838764201407896, 
        "accumulated_operating_revenue": 1940120, 
        "long_term_average": 218312, 
        "date": "2014-09-30", 
        "operating_revenue": 250058, 
        "short_term_average": 233808
    }, 
    {
        "accumulated_operating_revenue_yoy": -7.0053478502357605, 
        "accumulated_operating_revenue": 2131390, 
        "long_term_average": 216800, 
        "date": "2014-10-31", 
        "operating_revenue": 191270, 
        "short_term_average": 226835
    }, 
    {
        "accumulated_operating_revenue_yoy": -7.501745688497554, 
        "accumulated_operating_revenue": 2324791, 
        "long_term_average": 214468, 
        "date": "2014-11-30", 
        "operating_revenue": 193401, 
        "short_term_average": 211576
    }, 
    {
        "accumulated_operating_revenue_yoy": -7.856877537410859, 
        "accumulated_operating_revenue": 2545146, 
        "long_term_average": 212095, 
        "date": "2014-12-31", 
        "operating_revenue": 220355, 
        "short_term_average": 201675
    }, 
    {
        "accumulated_operating_revenue_yoy": 18.04343470323701, 
        "accumulated_operating_revenue": 212091, 
        "long_term_average": 214797, 
        "date": "2015-01-31", 
        "operating_revenue": 212091, 
        "short_term_average": 208615
    }, 
    {
        "accumulated_operating_revenue_yoy": -4.323026831760819, 
        "accumulated_operating_revenue": 322064, 
        "long_term_average": 210882, 
        "date": "2015-02-28", 
        "operating_revenue": 109973, 
        "short_term_average": 180806
    }, 
    {
        "accumulated_operating_revenue_yoy": -9.727395958970638, 
        "accumulated_operating_revenue": 507453, 
        "long_term_average": 207538, 
        "date": "2015-03-31", 
        "operating_revenue": 185389, 
        "short_term_average": 169151
    }, 
    {
        "accumulated_operating_revenue_yoy": -12.250883156701994, 
        "accumulated_operating_revenue": 697745, 
        "long_term_average": 203977, 
        "date": "2015-04-30", 
        "operating_revenue": 190292, 
        "short_term_average": 161884
    }, 
    {
        "accumulated_operating_revenue_yoy": -16.974206059188663, 
        "accumulated_operating_revenue": 852019, 
        "long_term_average": 197579, 
        "date": "2015-05-31", 
        "operating_revenue": 154274, 
        "short_term_average": 176651
    }, 
    {
        "accumulated_operating_revenue_yoy": -15.92295446178885, 
        "accumulated_operating_revenue": 1041459, 
        "long_term_average": 195659, 
        "date": "2015-06-30", 
        "operating_revenue": 189440, 
        "short_term_average": 178002
    }, 
    {
        "accumulated_operating_revenue_yoy": -16.85228926109135, 
        "accumulated_operating_revenue": 1206376, 
        "long_term_average": 191719, 
        "date": "2015-07-31", 
        "operating_revenue": 164917, 
        "short_term_average": 169543
    }, 
    {
        "accumulated_operating_revenue_yoy": -18.147677422485092, 
        "accumulated_operating_revenue": 1383355, 
        "long_term_average": 186536, 
        "date": "2015-08-31", 
        "operating_revenue": 176979, 
        "short_term_average": 177112
    }, 
    {
        "accumulated_operating_revenue_yoy": -20.58413912541492, 
        "accumulated_operating_revenue": 1540763, 
        "long_term_average": 178815, 
        "date": "2015-09-30", 
        "operating_revenue": 157408, 
        "short_term_average": 166434
    }
]