[
    {
        "date": "2011-09-30", 
        "operating_revenue": 238984, 
        "accumulated_operating_revenue": 238984, 
        "long_term_average": 238984, 
        "short_term_average": 238984
    }, 
    {
        "date": "2011-10-31", 
        "operating_revenue": 248361, 
        "accumulated_operating_revenue": 487345, 
        "long_term_average": 243672, 
        "short_term_average": 243672
    }, 
    {
        "date": "2011-11-30", 
        "operating_revenue": 221177, 
        "accumulated_operating_revenue": 708522, 
        "long_term_average": 236174, 
        "short_term_average": 236174
    }, 
    {
        "date": "2011-12-31", 
        "operating_revenue": 219955, 
        "accumulated_operating_revenue": 928477, 
        "long_term_average": 232119, 
        "short_term_average": 229831
    }, 
    {
        "date": "2012-01-31", 
        "operating_revenue": 213692, 
        "accumulated_operating_revenue": 213692, 
        "long_term_average": 228433, 
        "short_term_average": 218274
    }, 
    {
        "date": "2012-02-29", 
        "operating_revenue": 201716, 
        "accumulated_operating_revenue": 415408, 
        "long_term_average": 223980, 
        "short_term_average": 211787
    }, 
    {
        "date": "2012-03-31", 
        "operating_revenue": 247594, 
        "accumulated_operating_revenue": 663002, 
        "long_term_average": 227354, 
        "short_term_average": 221000
    }, 
    {
        "date": "2012-04-30", 
        "operating_revenue": 244250, 
        "accumulated_operating_revenue": 907252, 
        "long_term_average": 229466, 
        "short_term_average": 231186
    }, 
    {
        "date": "2012-05-31", 
        "operating_revenue": 203297, 
        "accumulated_operating_revenue": 1110549, 
        "long_term_average": 226558, 
        "short_term_average": 231713
    }, 
    {
        "date": "2012-06-30", 
        "operating_revenue": 164989, 
        "accumulated_operating_revenue": 1275538, 
        "long_term_average": 220401, 
        "short_term_average": 204178
    }, 
    {
        "date": "2012-07-31", 
        "operating_revenue": 178044, 
        "accumulated_operating_revenue": 1453582, 
        "long_term_average": 216550, 
        "short_term_average": 182110
    }, 
    {
        "date": "2012-08-31", 
        "operating_revenue": 266603, 
        "accumulated_operating_revenue": 1720185, 
        "long_term_average": 220721, 
        "short_term_average": 203212
    }, 
    {
        "accumulated_operating_revenue_yoy": 716.5734944598802, 
        "accumulated_operating_revenue": 1951480, 
        "long_term_average": 220081, 
        "date": "2012-09-30", 
        "operating_revenue": 231295, 
        "short_term_average": 225314
    }, 
    {
        "accumulated_operating_revenue_yoy": 341.55454554781517, 
        "accumulated_operating_revenue": 2151894, 
        "long_term_average": 216085, 
        "date": "2012-10-31", 
        "operating_revenue": 200414, 
        "short_term_average": 232770
    }, 
    {
        "accumulated_operating_revenue_yoy": 234.78325302531186, 
        "accumulated_operating_revenue": 2372013, 
        "long_term_average": 215997, 
        "date": "2012-11-30", 
        "operating_revenue": 220119, 
        "short_term_average": 217276
    }, 
    {
        "accumulated_operating_revenue_yoy": 173.2207690659004, 
        "accumulated_operating_revenue": 2536792, 
        "long_term_average": 211399, 
        "date": "2012-12-31", 
        "operating_revenue": 164779, 
        "short_term_average": 195104
    }, 
    {
        "accumulated_operating_revenue_yoy": 12.883027909327444, 
        "accumulated_operating_revenue": 241222, 
        "long_term_average": 213693, 
        "date": "2013-01-31", 
        "operating_revenue": 241222, 
        "short_term_average": 208706
    }, 
    {
        "accumulated_operating_revenue_yoy": -3.9240939028617645, 
        "accumulated_operating_revenue": 399107, 
        "long_term_average": 210040, 
        "date": "2013-02-28", 
        "operating_revenue": 157885, 
        "short_term_average": 187962
    }, 
    {
        "accumulated_operating_revenue_yoy": -9.741901231067176, 
        "accumulated_operating_revenue": 598413, 
        "long_term_average": 206016, 
        "date": "2013-03-31", 
        "operating_revenue": 199306, 
        "short_term_average": 199471
    }, 
    {
        "accumulated_operating_revenue_yoy": -13.045438312618765, 
        "accumulated_operating_revenue": 788897, 
        "long_term_average": 201536, 
        "date": "2013-04-30", 
        "operating_revenue": 190484, 
        "short_term_average": 182558
    }, 
    {
        "accumulated_operating_revenue_yoy": -10.16254122960806, 
        "accumulated_operating_revenue": 997689, 
        "long_term_average": 201994, 
        "date": "2013-05-31", 
        "operating_revenue": 208792, 
        "short_term_average": 199527
    }, 
    {
        "accumulated_operating_revenue_yoy": -7.760960473149369, 
        "accumulated_operating_revenue": 1176544, 
        "long_term_average": 203149, 
        "date": "2013-06-30", 
        "operating_revenue": 178855, 
        "short_term_average": 192710
    }, 
    {
        "accumulated_operating_revenue_yoy": -5.205279096741704, 
        "accumulated_operating_revenue": 1377919, 
        "long_term_average": 205094, 
        "date": "2013-07-31", 
        "operating_revenue": 201375, 
        "short_term_average": 196340
    }, 
    {
        "accumulated_operating_revenue_yoy": -8.745222170871155, 
        "accumulated_operating_revenue": 1569751, 
        "long_term_average": 198863, 
        "date": "2013-08-31", 
        "operating_revenue": 191832, 
        "short_term_average": 190687
    }, 
    {
        "accumulated_operating_revenue_yoy": -8.095035562752372, 
        "accumulated_operating_revenue": 1793507, 
        "long_term_average": 198234, 
        "date": "2013-09-30", 
        "operating_revenue": 223756, 
        "short_term_average": 205654
    }, 
    {
        "accumulated_operating_revenue_yoy": -8.50878342520589, 
        "accumulated_operating_revenue": 1968794, 
        "long_term_average": 196141, 
        "date": "2013-10-31", 
        "operating_revenue": 175287, 
        "short_term_average": 196958
    }, 
    {
        "accumulated_operating_revenue_yoy": -8.828535088129787, 
        "accumulated_operating_revenue": 2162599, 
        "long_term_average": 193948, 
        "date": "2013-11-30", 
        "operating_revenue": 193805, 
        "short_term_average": 197616
    }, 
    {
        "accumulated_operating_revenue_yoy": -6.155136093144412, 
        "accumulated_operating_revenue": 2380649, 
        "long_term_average": 198387, 
        "date": "2013-12-31", 
        "operating_revenue": 218050, 
        "short_term_average": 195714
    }, 
    {
        "accumulated_operating_revenue_yoy": 18.347828970823556, 
        "accumulated_operating_revenue": 285481, 
        "long_term_average": 202075, 
        "date": "2014-01-31", 
        "operating_revenue": 285481, 
        "short_term_average": 232445
    }, 
    {
        "accumulated_operating_revenue_yoy": 21.152222336365938, 
        "accumulated_operating_revenue": 483527, 
        "long_term_average": 205422, 
        "date": "2014-02-28", 
        "operating_revenue": 198046, 
        "short_term_average": 233859
    }, 
    {
        "accumulated_operating_revenue_yoy": 39.47691644399436, 
        "accumulated_operating_revenue": 834648, 
        "long_term_average": 218073, 
        "date": "2014-03-31", 
        "operating_revenue": 351121, 
        "short_term_average": 278216
    }, 
    {
        "accumulated_operating_revenue_yoy": 45.41302603508443, 
        "accumulated_operating_revenue": 1147159, 
        "long_term_average": 228242, 
        "date": "2014-04-30", 
        "operating_revenue": 312511, 
        "short_term_average": 287226
    }, 
    {
        "accumulated_operating_revenue_yoy": 42.468845501955016, 
        "accumulated_operating_revenue": 1421396, 
        "long_term_average": 233696, 
        "date": "2014-05-31", 
        "operating_revenue": 274237, 
        "short_term_average": 312623
    }, 
    {
        "accumulated_operating_revenue_yoy": 43.014880871433625, 
        "accumulated_operating_revenue": 1682633, 
        "long_term_average": 240561, 
        "date": "2014-06-30", 
        "operating_revenue": 261237, 
        "short_term_average": 282661
    }, 
    {
        "accumulated_operating_revenue_yoy": 40.44287073478194, 
        "accumulated_operating_revenue": 1935189, 
        "long_term_average": 244826, 
        "date": "2014-07-31", 
        "operating_revenue": 252556, 
        "short_term_average": 262676
    }, 
    {
        "accumulated_operating_revenue_yoy": 37.92155571170205, 
        "accumulated_operating_revenue": 2165025, 
        "long_term_average": 247993, 
        "date": "2014-08-31", 
        "operating_revenue": 229836, 
        "short_term_average": 247876
    }, 
    {
        "accumulated_operating_revenue_yoy": 40.59922821600362, 
        "accumulated_operating_revenue": 2521657, 
        "long_term_average": 259066, 
        "date": "2014-09-30", 
        "operating_revenue": 356632, 
        "short_term_average": 279674
    }, 
    {
        "accumulated_operating_revenue_yoy": 42.57885792012775, 
        "accumulated_operating_revenue": 2807084, 
        "long_term_average": 268244, 
        "date": "2014-10-31", 
        "operating_revenue": 285427, 
        "short_term_average": 290631
    }, 
    {
        "accumulated_operating_revenue_yoy": 43.5062163628116, 
        "accumulated_operating_revenue": 3103464, 
        "long_term_average": 276792, 
        "date": "2014-11-30", 
        "operating_revenue": 296380, 
        "short_term_average": 312813
    }, 
    {
        "accumulated_operating_revenue_yoy": 43.55497177450351, 
        "accumulated_operating_revenue": 3417540, 
        "long_term_average": 284795, 
        "date": "2014-12-31", 
        "operating_revenue": 314076, 
        "short_term_average": 298627
    }, 
    {
        "accumulated_operating_revenue_yoy": 11.443843898543161, 
        "accumulated_operating_revenue": 318151, 
        "long_term_average": 287517, 
        "date": "2015-01-31", 
        "operating_revenue": 318151, 
        "short_term_average": 309535
    }, 
    {
        "accumulated_operating_revenue_yoy": 8.099444291632112, 
        "accumulated_operating_revenue": 522690, 
        "long_term_average": 288058, 
        "date": "2015-02-28", 
        "operating_revenue": 204539, 
        "short_term_average": 278922
    }, 
    {
        "accumulated_operating_revenue_yoy": -0.5720974590486049, 
        "accumulated_operating_revenue": 829873, 
        "long_term_average": 284397, 
        "date": "2015-03-31", 
        "operating_revenue": 307183, 
        "short_term_average": 276624
    }, 
    {
        "accumulated_operating_revenue_yoy": -5.629298118220753, 
        "accumulated_operating_revenue": 1082582, 
        "long_term_average": 279413, 
        "date": "2015-04-30", 
        "operating_revenue": 252709, 
        "short_term_average": 254810
    }, 
    {
        "accumulated_operating_revenue_yoy": -7.564253733653395, 
        "accumulated_operating_revenue": 1313878, 
        "long_term_average": 275835, 
        "date": "2015-05-31", 
        "operating_revenue": 231296, 
        "short_term_average": 263729
    }, 
    {
        "accumulated_operating_revenue_yoy": -8.883339385356164, 
        "accumulated_operating_revenue": 1533159, 
        "long_term_average": 272338, 
        "date": "2015-06-30", 
        "operating_revenue": 219281, 
        "short_term_average": 234428
    }, 
    {
        "accumulated_operating_revenue_yoy": -8.393030344839703, 
        "accumulated_operating_revenue": 1772768, 
        "long_term_average": 271259, 
        "date": "2015-07-31", 
        "operating_revenue": 239609, 
        "short_term_average": 230062
    }, 
    {
        "accumulated_operating_revenue_yoy": -2.8237549219985913, 
        "accumulated_operating_revenue": 2103890, 
        "long_term_average": 279700, 
        "date": "2015-08-31", 
        "operating_revenue": 331122, 
        "short_term_average": 263337
    }, 
    {
        "accumulated_operating_revenue_yoy": 0.9199109950322347, 
        "accumulated_operating_revenue": 2544854, 
        "long_term_average": 286728, 
        "date": "2015-09-30", 
        "operating_revenue": 440964, 
        "short_term_average": 337231
    }
]