[
    {
        "date": "2011-09-30", 
        "operating_revenue": 2766197, 
        "accumulated_operating_revenue": 2766197, 
        "long_term_average": 2766197, 
        "short_term_average": 2766197
    }, 
    {
        "date": "2011-10-31", 
        "operating_revenue": 2289150, 
        "accumulated_operating_revenue": 5055347, 
        "long_term_average": 2527673, 
        "short_term_average": 2527673
    }, 
    {
        "date": "2011-11-30", 
        "operating_revenue": 2402501, 
        "accumulated_operating_revenue": 7457848, 
        "long_term_average": 2485949, 
        "short_term_average": 2485949
    }, 
    {
        "date": "2011-12-31", 
        "operating_revenue": 2768429, 
        "accumulated_operating_revenue": 10226277, 
        "long_term_average": 2556569, 
        "short_term_average": 2486693
    }, 
    {
        "date": "2012-01-31", 
        "operating_revenue": 1548534, 
        "accumulated_operating_revenue": 1548534, 
        "long_term_average": 2354962, 
        "short_term_average": 2239821
    }, 
    {
        "date": "2012-02-29", 
        "operating_revenue": 2240824, 
        "accumulated_operating_revenue": 3789358, 
        "long_term_average": 2335939, 
        "short_term_average": 2185929
    }, 
    {
        "date": "2012-03-31", 
        "operating_revenue": 2961105, 
        "accumulated_operating_revenue": 6750463, 
        "long_term_average": 2425248, 
        "short_term_average": 2250154
    }, 
    {
        "date": "2012-04-30", 
        "operating_revenue": 2015753, 
        "accumulated_operating_revenue": 8766216, 
        "long_term_average": 2374061, 
        "short_term_average": 2405894
    }, 
    {
        "date": "2012-05-31", 
        "operating_revenue": 2473284, 
        "accumulated_operating_revenue": 11239500, 
        "long_term_average": 2385086, 
        "short_term_average": 2483380
    }, 
    {
        "date": "2012-06-30", 
        "operating_revenue": 2586334, 
        "accumulated_operating_revenue": 13825834, 
        "long_term_average": 2405211, 
        "short_term_average": 2358457
    }, 
    {
        "date": "2012-07-31", 
        "operating_revenue": 2522153, 
        "accumulated_operating_revenue": 16347987, 
        "long_term_average": 2415842, 
        "short_term_average": 2527257
    }, 
    {
        "date": "2012-08-31", 
        "operating_revenue": 2808189, 
        "accumulated_operating_revenue": 19156176, 
        "long_term_average": 2448537, 
        "short_term_average": 2638892
    }, 
    {
        "accumulated_operating_revenue_yoy": 696.6219687173401, 
        "accumulated_operating_revenue": 22036133, 
        "long_term_average": 2458017, 
        "date": "2012-09-30", 
        "operating_revenue": 2879957, 
        "short_term_average": 2736766
    }, 
    {
        "accumulated_operating_revenue_yoy": 382.2126750151869, 
        "accumulated_operating_revenue": 24377524, 
        "long_term_average": 2462371, 
        "date": "2012-10-31", 
        "operating_revenue": 2341391, 
        "short_term_average": 2676512
    }, 
    {
        "accumulated_operating_revenue_yoy": 261.3277181299485, 
        "accumulated_operating_revenue": 26947272, 
        "long_term_average": 2476308, 
        "date": "2012-11-30", 
        "operating_revenue": 2569748, 
        "short_term_average": 2597032
    }, 
    {
        "accumulated_operating_revenue_yoy": 186.59469130358977, 
        "accumulated_operating_revenue": 29307967, 
        "long_term_average": 2442330, 
        "date": "2012-12-31", 
        "operating_revenue": 2360695, 
        "short_term_average": 2423944
    }, 
    {
        "accumulated_operating_revenue_yoy": 62.409478900689294, 
        "accumulated_operating_revenue": 2514966, 
        "long_term_average": 2522866, 
        "date": "2013-01-31", 
        "operating_revenue": 2514966, 
        "short_term_average": 2481803
    }, 
    {
        "accumulated_operating_revenue_yoy": 6.668596632991656, 
        "accumulated_operating_revenue": 4042055, 
        "long_term_average": 2463388, 
        "date": "2013-02-28", 
        "operating_revenue": 1527089, 
        "short_term_average": 2134250
    }, 
    {
        "accumulated_operating_revenue_yoy": 2.591718523603492, 
        "accumulated_operating_revenue": 6925416, 
        "long_term_average": 2456910, 
        "date": "2013-03-31", 
        "operating_revenue": 2883361, 
        "short_term_average": 2308472
    }, 
    {
        "accumulated_operating_revenue_yoy": 6.631903662880312, 
        "accumulated_operating_revenue": 9347583, 
        "long_term_average": 2490777, 
        "date": "2013-04-30", 
        "operating_revenue": 2422167, 
        "short_term_average": 2277539
    }, 
    {
        "accumulated_operating_revenue_yoy": 5.837341518750834, 
        "accumulated_operating_revenue": 11895588, 
        "long_term_average": 2497004, 
        "date": "2013-05-31", 
        "operating_revenue": 2548005, 
        "short_term_average": 2617844
    }, 
    {
        "accumulated_operating_revenue_yoy": 6.369836351282679, 
        "accumulated_operating_revenue": 14706517, 
        "long_term_average": 2515720, 
        "date": "2013-06-30", 
        "operating_revenue": 2810929, 
        "short_term_average": 2593700
    }, 
    {
        "accumulated_operating_revenue_yoy": 7.1168701076163075, 
        "accumulated_operating_revenue": 17511452, 
        "long_term_average": 2539286, 
        "date": "2013-07-31", 
        "operating_revenue": 2804935, 
        "short_term_average": 2721289
    }, 
    {
        "accumulated_operating_revenue_yoy": 6.270860113208398, 
        "accumulated_operating_revenue": 20357433, 
        "long_term_average": 2542435, 
        "date": "2013-08-31", 
        "operating_revenue": 2845981, 
        "short_term_average": 2820615
    }, 
    {
        "accumulated_operating_revenue_yoy": 6.768106727255639, 
        "accumulated_operating_revenue": 23527562, 
        "long_term_average": 2566616, 
        "date": "2013-09-30", 
        "operating_revenue": 3170129, 
        "short_term_average": 2940348
    }, 
    {
        "accumulated_operating_revenue_yoy": 7.763155109600138, 
        "accumulated_operating_revenue": 26269989, 
        "long_term_average": 2600036, 
        "date": "2013-10-31", 
        "operating_revenue": 2742427, 
        "short_term_average": 2919512
    }, 
    {
        "accumulated_operating_revenue_yoy": 8.745167228801492, 
        "accumulated_operating_revenue": 29303856, 
        "long_term_average": 2638712, 
        "date": "2013-11-30", 
        "operating_revenue": 3033867, 
        "short_term_average": 2982141
    }, 
    {
        "accumulated_operating_revenue_yoy": 12.837638994202496, 
        "accumulated_operating_revenue": 33070418, 
        "long_term_average": 2755868, 
        "date": "2013-12-31", 
        "operating_revenue": 3766562, 
        "short_term_average": 3180952
    }, 
    {
        "accumulated_operating_revenue_yoy": 22.555573315901686, 
        "accumulated_operating_revenue": 3082231, 
        "long_term_average": 2803140, 
        "date": "2014-01-31", 
        "operating_revenue": 3082231, 
        "short_term_average": 3294220
    }, 
    {
        "accumulated_operating_revenue_yoy": 43.5376064897682, 
        "accumulated_operating_revenue": 5801869, 
        "long_term_average": 2902519, 
        "date": "2014-02-28", 
        "operating_revenue": 2719638, 
        "short_term_average": 3189477
    }, 
    {
        "accumulated_operating_revenue_yoy": 39.687175470758724, 
        "accumulated_operating_revenue": 9673918, 
        "long_term_average": 2984910, 
        "date": "2014-03-31", 
        "operating_revenue": 3872049, 
        "short_term_average": 3224639
    }, 
    {
        "accumulated_operating_revenue_yoy": 41.41242714827993, 
        "accumulated_operating_revenue": 13218644, 
        "long_term_average": 3078456, 
        "date": "2014-04-30", 
        "operating_revenue": 3544726, 
        "short_term_average": 3378804
    }, 
    {
        "accumulated_operating_revenue_yoy": 38.78332874339629, 
        "accumulated_operating_revenue": 16509093, 
        "long_term_average": 3140326, 
        "date": "2014-05-31", 
        "operating_revenue": 3290449, 
        "short_term_average": 3569074
    }, 
    {
        "accumulated_operating_revenue_yoy": 33.9296313328302, 
        "accumulated_operating_revenue": 19696384, 
        "long_term_average": 3171690, 
        "date": "2014-06-30", 
        "operating_revenue": 3187291, 
        "short_term_average": 3340822
    }, 
    {
        "accumulated_operating_revenue_yoy": 31.481478520456214, 
        "accumulated_operating_revenue": 23024316, 
        "long_term_average": 3215273, 
        "date": "2014-07-31", 
        "operating_revenue": 3327932, 
        "short_term_average": 3268557
    }, 
    {
        "accumulated_operating_revenue_yoy": 28.48341929947651, 
        "accumulated_operating_revenue": 26155926, 
        "long_term_average": 3239075, 
        "date": "2014-08-31", 
        "operating_revenue": 3131610, 
        "short_term_average": 3215611
    }, 
    {
        "accumulated_operating_revenue_yoy": 26.882513368788487, 
        "accumulated_operating_revenue": 29852362, 
        "long_term_average": 3282934, 
        "date": "2014-09-30", 
        "operating_revenue": 3696436, 
        "short_term_average": 3385326
    }, 
    {
        "accumulated_operating_revenue_yoy": 24.970010455657214, 
        "accumulated_operating_revenue": 32829608, 
        "long_term_average": 3302503, 
        "date": "2014-10-31", 
        "operating_revenue": 2977246, 
        "short_term_average": 3268430
    }, 
    {
        "accumulated_operating_revenue_yoy": 23.215443046130176, 
        "accumulated_operating_revenue": 36106876, 
        "long_term_average": 3322786, 
        "date": "2014-11-30", 
        "operating_revenue": 3277268, 
        "short_term_average": 3316983
    }, 
    {
        "accumulated_operating_revenue_yoy": 20.75024573321087, 
        "accumulated_operating_revenue": 39932611, 
        "long_term_average": 3327717, 
        "date": "2014-12-31", 
        "operating_revenue": 3825735, 
        "short_term_average": 3360083
    }, 
    {
        "accumulated_operating_revenue_yoy": 10.516538182894145, 
        "accumulated_operating_revenue": 3406375, 
        "long_term_average": 3354729, 
        "date": "2015-01-31", 
        "operating_revenue": 3406375, 
        "short_term_average": 3503126
    }, 
    {
        "accumulated_operating_revenue_yoy": -6.8041867198311445, 
        "accumulated_operating_revenue": 5407099, 
        "long_term_average": 3294820, 
        "date": "2015-02-28", 
        "operating_revenue": 2000724, 
        "short_term_average": 3077611
    }, 
    {
        "accumulated_operating_revenue_yoy": -7.083799966053052, 
        "accumulated_operating_revenue": 8988637, 
        "long_term_average": 3270610, 
        "date": "2015-03-31", 
        "operating_revenue": 3581538, 
        "short_term_average": 2996212
    }, 
    {
        "accumulated_operating_revenue_yoy": -8.994969529401049, 
        "accumulated_operating_revenue": 12029631, 
        "long_term_average": 3228633, 
        "date": "2015-04-30", 
        "operating_revenue": 3040994, 
        "short_term_average": 2874418
    }, 
    {
        "accumulated_operating_revenue_yoy": -9.345916217202241, 
        "accumulated_operating_revenue": 14966167, 
        "long_term_average": 3199140, 
        "date": "2015-05-31", 
        "operating_revenue": 2936536, 
        "short_term_average": 3186356
    }, 
    {
        "accumulated_operating_revenue_yoy": -8.12319154622493, 
        "accumulated_operating_revenue": 18096409, 
        "long_term_average": 3194386, 
        "date": "2015-06-30", 
        "operating_revenue": 3130242, 
        "short_term_average": 3035924
    }, 
    {
        "accumulated_operating_revenue_yoy": -7.789130413255273, 
        "accumulated_operating_revenue": 21230922, 
        "long_term_average": 3178268, 
        "date": "2015-07-31", 
        "operating_revenue": 3134513, 
        "short_term_average": 3067097
    }, 
    {
        "accumulated_operating_revenue_yoy": -6.437573649657826, 
        "accumulated_operating_revenue": 24472119, 
        "long_term_average": 3187400, 
        "date": "2015-08-31", 
        "operating_revenue": 3241197, 
        "short_term_average": 3168650
    }
]