[
    {
        "date": "2012-01-31", 
        "operating_revenue": 2322962, 
        "accumulated_operating_revenue": 2322962, 
        "long_term_average": 2322962, 
        "short_term_average": 2322962
    }, 
    {
        "date": "2012-02-29", 
        "operating_revenue": 2518998, 
        "accumulated_operating_revenue": 4841960, 
        "long_term_average": 2420980, 
        "short_term_average": 2420980
    }, 
    {
        "date": "2012-03-31", 
        "operating_revenue": 2675265, 
        "accumulated_operating_revenue": 7517225, 
        "long_term_average": 2505741, 
        "short_term_average": 2505741
    }, 
    {
        "date": "2012-04-30", 
        "operating_revenue": 2807684, 
        "accumulated_operating_revenue": 10324909, 
        "long_term_average": 2581227, 
        "short_term_average": 2667315
    }, 
    {
        "date": "2012-05-31", 
        "operating_revenue": 2862147, 
        "accumulated_operating_revenue": 13187056, 
        "long_term_average": 2637411, 
        "short_term_average": 2781698
    }, 
    {
        "date": "2012-06-30", 
        "operating_revenue": 2904440, 
        "accumulated_operating_revenue": 16091496, 
        "long_term_average": 2681916, 
        "short_term_average": 2858090
    }, 
    {
        "date": "2012-07-31", 
        "operating_revenue": 3160852, 
        "accumulated_operating_revenue": 19252348, 
        "long_term_average": 2750335, 
        "short_term_average": 2975813
    }, 
    {
        "date": "2012-08-31", 
        "operating_revenue": 3460682, 
        "accumulated_operating_revenue": 22713030, 
        "long_term_average": 2839128, 
        "short_term_average": 3175324
    }, 
    {
        "date": "2012-09-30", 
        "operating_revenue": 3615838, 
        "accumulated_operating_revenue": 26328868, 
        "long_term_average": 2925429, 
        "short_term_average": 3412457
    }, 
    {
        "date": "2012-10-31", 
        "operating_revenue": 3754686, 
        "accumulated_operating_revenue": 30083554, 
        "long_term_average": 3008355, 
        "short_term_average": 3610402
    }, 
    {
        "date": "2012-11-30", 
        "operating_revenue": 3625446, 
        "accumulated_operating_revenue": 33709000, 
        "long_term_average": 3064454, 
        "short_term_average": 3665323
    }, 
    {
        "date": "2012-12-31", 
        "operating_revenue": 3319670, 
        "accumulated_operating_revenue": 37028670, 
        "long_term_average": 3085722, 
        "short_term_average": 3566600
    }, 
    {
        "accumulated_operating_revenue_yoy": 42.23164218786188, 
        "accumulated_operating_revenue": 3303987, 
        "long_term_average": 3167474, 
        "date": "2013-01-31", 
        "operating_revenue": 3303987, 
        "short_term_average": 3416367
    }, 
    {
        "accumulated_operating_revenue_yoy": 24.707886888780575, 
        "accumulated_operating_revenue": 6038306, 
        "long_term_average": 3185418, 
        "date": "2013-02-28", 
        "operating_revenue": 2734319, 
        "short_term_average": 3119325
    }, 
    {
        "accumulated_operating_revenue_yoy": 24.22404544230085, 
        "accumulated_operating_revenue": 9338201, 
        "long_term_average": 3237470, 
        "date": "2013-03-31", 
        "operating_revenue": 3299895, 
        "short_term_average": 3112733
    }, 
    {
        "accumulated_operating_revenue_yoy": 25.392514355332334, 
        "accumulated_operating_revenue": 12946663, 
        "long_term_average": 3304202, 
        "date": "2013-04-30", 
        "operating_revenue": 3608462, 
        "short_term_average": 3214225
    }, 
    {
        "accumulated_operating_revenue_yoy": 27.169733714636536, 
        "accumulated_operating_revenue": 16769944, 
        "long_term_average": 3384296, 
        "date": "2013-05-31", 
        "operating_revenue": 3823281, 
        "short_term_average": 3577212
    }, 
    {
        "accumulated_operating_revenue_yoy": 25.94117414564811, 
        "accumulated_operating_revenue": 20265819, 
        "long_term_average": 3433582, 
        "date": "2013-06-30", 
        "operating_revenue": 3495875, 
        "short_term_average": 3642539
    }, 
    {
        "accumulated_operating_revenue_yoy": 22.551228556641504, 
        "accumulated_operating_revenue": 23593989, 
        "long_term_average": 3447525, 
        "date": "2013-07-31", 
        "operating_revenue": 3328170, 
        "short_term_average": 3549108
    }, 
    {
        "accumulated_operating_revenue_yoy": 19.717413308572215, 
        "accumulated_operating_revenue": 27191452, 
        "long_term_average": 3458924, 
        "date": "2013-08-31", 
        "operating_revenue": 3597463, 
        "short_term_average": 3473836
    }, 
    {
        "accumulated_operating_revenue_yoy": 17.131496120532034, 
        "accumulated_operating_revenue": 30839397, 
        "long_term_average": 3461599, 
        "date": "2013-09-30", 
        "operating_revenue": 3647945, 
        "short_term_average": 3524526
    }, 
    {
        "accumulated_operating_revenue_yoy": 14.194818870137485, 
        "accumulated_operating_revenue": 34353860, 
        "long_term_average": 3441581, 
        "date": "2013-10-31", 
        "operating_revenue": 3514463, 
        "short_term_average": 3586623
    }, 
    {
        "accumulated_operating_revenue_yoy": 12.468919279717582, 
        "accumulated_operating_revenue": 37912148, 
        "long_term_average": 3435984, 
        "date": "2013-11-30", 
        "operating_revenue": 3558288, 
        "short_term_average": 3573565
    }, 
    {
        "accumulated_operating_revenue_yoy": 11.939354019466537, 
        "accumulated_operating_revenue": 41449654, 
        "long_term_average": 3454137, 
        "date": "2013-12-31", 
        "operating_revenue": 3537506, 
        "short_term_average": 3536752
    }, 
    {
        "accumulated_operating_revenue_yoy": 6.52847605029923, 
        "accumulated_operating_revenue": 3519687, 
        "long_term_average": 3472112, 
        "date": "2014-01-31", 
        "operating_revenue": 3519687, 
        "short_term_average": 3538493
    }, 
    {
        "accumulated_operating_revenue_yoy": 13.163592570499077, 
        "accumulated_operating_revenue": 6833164, 
        "long_term_average": 3520376, 
        "date": "2014-02-28", 
        "operating_revenue": 3313477, 
        "short_term_average": 3456890
    }, 
    {
        "accumulated_operating_revenue_yoy": 13.439087464491287, 
        "accumulated_operating_revenue": 10593170, 
        "long_term_average": 3558718, 
        "date": "2014-03-31", 
        "operating_revenue": 3760006, 
        "short_term_average": 3531056
    }, 
    {
        "accumulated_operating_revenue_yoy": 15.552872581915512, 
        "accumulated_operating_revenue": 14960241, 
        "long_term_average": 3621936, 
        "date": "2014-04-30", 
        "operating_revenue": 4367071, 
        "short_term_average": 3813518
    }, 
    {
        "accumulated_operating_revenue_yoy": 16.017513236776463, 
        "accumulated_operating_revenue": 19456072, 
        "long_term_average": 3677981, 
        "date": "2014-05-31", 
        "operating_revenue": 4495831, 
        "short_term_average": 4207636
    }, 
    {
        "accumulated_operating_revenue_yoy": 16.828962106095986, 
        "accumulated_operating_revenue": 23676346, 
        "long_term_average": 3738348, 
        "date": "2014-06-30", 
        "operating_revenue": 4220274, 
        "short_term_average": 4361058
    }, 
    {
        "accumulated_operating_revenue_yoy": 20.7507598651504, 
        "accumulated_operating_revenue": 28489921, 
        "long_term_average": 3862132, 
        "date": "2014-07-31", 
        "operating_revenue": 4813575, 
        "short_term_average": 4509893
    }, 
    {
        "accumulated_operating_revenue_yoy": 23.57457409777161, 
        "accumulated_operating_revenue": 33601721, 
        "long_term_average": 3988326, 
        "date": "2014-08-31", 
        "operating_revenue": 5111800, 
        "short_term_average": 4715216
    }, 
    {
        "accumulated_operating_revenue_yoy": 26.325427180045057, 
        "accumulated_operating_revenue": 38958000, 
        "long_term_average": 4130688, 
        "date": "2014-09-30", 
        "operating_revenue": 5356279, 
        "short_term_average": 5093884
    }, 
    {
        "accumulated_operating_revenue_yoy": 29.175562804296227, 
        "accumulated_operating_revenue": 44376792, 
        "long_term_average": 4289382, 
        "date": "2014-10-31", 
        "operating_revenue": 5418792, 
        "short_term_average": 5295623
    }, 
    {
        "accumulated_operating_revenue_yoy": 30.350229694186677, 
        "accumulated_operating_revenue": 49418572, 
        "long_term_average": 4413006, 
        "date": "2014-11-30", 
        "operating_revenue": 5041780, 
        "short_term_average": 5272283
    }, 
    {
        "accumulated_operating_revenue_yoy": 30.440128643775893, 
        "accumulated_operating_revenue": 54066982, 
        "long_term_average": 4505581, 
        "date": "2014-12-31", 
        "operating_revenue": 4648410, 
        "short_term_average": 5036327
    }, 
    {
        "accumulated_operating_revenue_yoy": 31.390774236459094, 
        "accumulated_operating_revenue": 4624544, 
        "long_term_average": 4597653, 
        "date": "2015-01-31", 
        "operating_revenue": 4624544, 
        "short_term_average": 4771578
    }, 
    {
        "accumulated_operating_revenue_yoy": 23.619658477390562, 
        "accumulated_operating_revenue": 8447134, 
        "long_term_average": 4640079, 
        "date": "2015-02-28", 
        "operating_revenue": 3822590, 
        "short_term_average": 4365181
    }, 
    {
        "accumulated_operating_revenue_yoy": 19.86855681538199, 
        "accumulated_operating_revenue": 12697880, 
        "long_term_average": 4680974, 
        "date": "2015-03-31", 
        "operating_revenue": 4250746, 
        "short_term_average": 4232626
    }, 
    {
        "accumulated_operating_revenue_yoy": 13.320193170684885, 
        "accumulated_operating_revenue": 16952974, 
        "long_term_average": 4671642, 
        "date": "2015-04-30", 
        "operating_revenue": 4255094, 
        "short_term_average": 4109476
    }, 
    {
        "accumulated_operating_revenue_yoy": 7.751014696080483, 
        "accumulated_operating_revenue": 20964115, 
        "long_term_average": 4631252, 
        "date": "2015-05-31", 
        "operating_revenue": 4011141, 
        "short_term_average": 4172327
    }, 
    {
        "accumulated_operating_revenue_yoy": 6.241647254183564, 
        "accumulated_operating_revenue": 25154140, 
        "long_term_average": 4628731, 
        "date": "2015-06-30", 
        "operating_revenue": 4190025, 
        "short_term_average": 4152086
    }, 
    {
        "accumulated_operating_revenue_yoy": 3.725194604786725, 
        "accumulated_operating_revenue": 29551226, 
        "long_term_average": 4594023, 
        "date": "2015-07-31", 
        "operating_revenue": 4397086, 
        "short_term_average": 4199417
    }, 
    {
        "accumulated_operating_revenue_yoy": 1.0961670683474813, 
        "accumulated_operating_revenue": 33970052, 
        "long_term_average": 4536276, 
        "date": "2015-08-31", 
        "operating_revenue": 4418826, 
        "short_term_average": 4335312
    }, 
    {
        "accumulated_operating_revenue_yoy": -1.8475897119975357, 
        "accumulated_operating_revenue": 38238216, 
        "long_term_average": 4445599, 
        "date": "2015-09-30", 
        "operating_revenue": 4268164, 
        "short_term_average": 4361358
    }
]