[
    {
        "date": "2011-09-30", 
        "operating_revenue": 485609, 
        "accumulated_operating_revenue": 485609, 
        "long_term_average": 485609, 
        "short_term_average": 485609
    }, 
    {
        "date": "2011-10-31", 
        "operating_revenue": 429516, 
        "accumulated_operating_revenue": 915125, 
        "long_term_average": 457562, 
        "short_term_average": 457562
    }, 
    {
        "date": "2011-11-30", 
        "operating_revenue": 419328, 
        "accumulated_operating_revenue": 1334453, 
        "long_term_average": 444817, 
        "short_term_average": 444817
    }, 
    {
        "date": "2011-12-31", 
        "operating_revenue": 501320, 
        "accumulated_operating_revenue": 1835773, 
        "long_term_average": 458943, 
        "short_term_average": 450054
    }, 
    {
        "date": "2012-01-31", 
        "operating_revenue": 584888, 
        "accumulated_operating_revenue": 584888, 
        "long_term_average": 484132, 
        "short_term_average": 501845
    }, 
    {
        "date": "2012-02-29", 
        "operating_revenue": 620609, 
        "accumulated_operating_revenue": 1205497, 
        "long_term_average": 506878, 
        "short_term_average": 568939
    }, 
    {
        "date": "2012-03-31", 
        "operating_revenue": 630395, 
        "accumulated_operating_revenue": 1835892, 
        "long_term_average": 524523, 
        "short_term_average": 611964
    }, 
    {
        "date": "2012-04-30", 
        "operating_revenue": 638940, 
        "accumulated_operating_revenue": 2474832, 
        "long_term_average": 538825, 
        "short_term_average": 629981
    }, 
    {
        "date": "2012-05-31", 
        "operating_revenue": 672254, 
        "accumulated_operating_revenue": 3147086, 
        "long_term_average": 553651, 
        "short_term_average": 647196
    }, 
    {
        "date": "2012-06-30", 
        "operating_revenue": 666889, 
        "accumulated_operating_revenue": 3813975, 
        "long_term_average": 564974, 
        "short_term_average": 659361
    }, 
    {
        "date": "2012-07-31", 
        "operating_revenue": 693844, 
        "accumulated_operating_revenue": 4507819, 
        "long_term_average": 576690, 
        "short_term_average": 677662
    }, 
    {
        "date": "2012-08-31", 
        "operating_revenue": 867710, 
        "accumulated_operating_revenue": 5375529, 
        "long_term_average": 600941, 
        "short_term_average": 742814
    }, 
    {
        "accumulated_operating_revenue_yoy": 1179.650912565459, 
        "accumulated_operating_revenue": 6214100, 
        "long_term_average": 630355, 
        "date": "2012-09-30", 
        "operating_revenue": 838571, 
        "short_term_average": 800041
    }, 
    {
        "accumulated_operating_revenue_yoy": 664.2231389154487, 
        "accumulated_operating_revenue": 6993597, 
        "long_term_average": 659520, 
        "date": "2012-10-31", 
        "operating_revenue": 779497, 
        "short_term_average": 828592
    }, 
    {
        "accumulated_operating_revenue_yoy": 481.8232639141281, 
        "accumulated_operating_revenue": 7764158, 
        "long_term_average": 688789, 
        "date": "2012-11-30", 
        "operating_revenue": 770561, 
        "short_term_average": 796209
    }, 
    {
        "accumulated_operating_revenue_yoy": 352.9641192021018, 
        "accumulated_operating_revenue": 8315393, 
        "long_term_average": 692949, 
        "date": "2012-12-31", 
        "operating_revenue": 551235, 
        "short_term_average": 700431
    }, 
    {
        "accumulated_operating_revenue_yoy": 8.188405301527814, 
        "accumulated_operating_revenue": 632781, 
        "long_term_average": 696940, 
        "date": "2013-01-31", 
        "operating_revenue": 632781, 
        "short_term_average": 651525
    }, 
    {
        "accumulated_operating_revenue_yoy": 1.2586509962281116, 
        "accumulated_operating_revenue": 1220670, 
        "long_term_average": 694213, 
        "date": "2013-02-28", 
        "operating_revenue": 587889, 
        "short_term_average": 590635
    }, 
    {
        "accumulated_operating_revenue_yoy": -0.4327051918086685, 
        "accumulated_operating_revenue": 1827948, 
        "long_term_average": 692287, 
        "date": "2013-03-31", 
        "operating_revenue": 607278, 
        "short_term_average": 609316
    }, 
    {
        "accumulated_operating_revenue_yoy": -1.6883166210878153, 
        "accumulated_operating_revenue": 2433049, 
        "long_term_average": 689467, 
        "date": "2013-04-30", 
        "operating_revenue": 605101, 
        "short_term_average": 600089
    }, 
    {
        "accumulated_operating_revenue_yoy": -3.6165519467850578, 
        "accumulated_operating_revenue": 3033270, 
        "long_term_average": 683464, 
        "date": "2013-05-31", 
        "operating_revenue": 600221, 
        "short_term_average": 604200
    }, 
    {
        "accumulated_operating_revenue_yoy": -5.60357632129209, 
        "accumulated_operating_revenue": 3600256, 
        "long_term_average": 675139, 
        "date": "2013-06-30", 
        "operating_revenue": 566986, 
        "short_term_average": 590769
    }, 
    {
        "accumulated_operating_revenue_yoy": -7.011639109733554, 
        "accumulated_operating_revenue": 4191747, 
        "long_term_average": 666610, 
        "date": "2013-07-31", 
        "operating_revenue": 591491, 
        "short_term_average": 586232
    }, 
    {
        "accumulated_operating_revenue_yoy": -10.853089993561564, 
        "accumulated_operating_revenue": 4792118, 
        "long_term_average": 644331, 
        "date": "2013-08-31", 
        "operating_revenue": 600371, 
        "short_term_average": 586282
    }, 
    {
        "accumulated_operating_revenue_yoy": -13.790894900307366, 
        "accumulated_operating_revenue": 5357120, 
        "long_term_average": 621534, 
        "date": "2013-09-30", 
        "operating_revenue": 565002, 
        "short_term_average": 585621
    }, 
    {
        "accumulated_operating_revenue_yoy": -15.810190378427583, 
        "accumulated_operating_revenue": 5887896, 
        "long_term_average": 600807, 
        "date": "2013-10-31", 
        "operating_revenue": 530776, 
        "short_term_average": 565383
    }, 
    {
        "accumulated_operating_revenue_yoy": -17.1051258874433, 
        "accumulated_operating_revenue": 6436089, 
        "long_term_average": 582277, 
        "date": "2013-11-30", 
        "operating_revenue": 548193, 
        "short_term_average": 547990
    }, 
    {
        "accumulated_operating_revenue_yoy": -16.44123134047904, 
        "accumulated_operating_revenue": 6948240, 
        "long_term_average": 579020, 
        "date": "2013-12-31", 
        "operating_revenue": 512151, 
        "short_term_average": 530373
    }, 
    {
        "accumulated_operating_revenue_yoy": -27.736926361569008, 
        "accumulated_operating_revenue": 457267, 
        "long_term_average": 564393, 
        "date": "2014-01-31", 
        "operating_revenue": 457267, 
        "short_term_average": 505870
    }, 
    {
        "accumulated_operating_revenue_yoy": -22.945267762786013, 
        "accumulated_operating_revenue": 940584, 
        "long_term_average": 555679, 
        "date": "2014-02-28", 
        "operating_revenue": 483317, 
        "short_term_average": 484245
    }, 
    {
        "accumulated_operating_revenue_yoy": -21.172101175744608, 
        "accumulated_operating_revenue": 1440933, 
        "long_term_average": 546768, 
        "date": "2014-03-31", 
        "operating_revenue": 500349, 
        "short_term_average": 480311
    }, 
    {
        "accumulated_operating_revenue_yoy": -20.5680608980748, 
        "accumulated_operating_revenue": 1932618, 
        "long_term_average": 537317, 
        "date": "2014-04-30", 
        "operating_revenue": 491685, 
        "short_term_average": 491783
    }, 
    {
        "accumulated_operating_revenue_yoy": -19.742027580795643, 
        "accumulated_operating_revenue": 2434441, 
        "long_term_average": 529117, 
        "date": "2014-05-31", 
        "operating_revenue": 501823, 
        "short_term_average": 497952
    }, 
    {
        "accumulated_operating_revenue_yoy": -19.257325034664202, 
        "accumulated_operating_revenue": 2906943, 
        "long_term_average": 521243, 
        "date": "2014-06-30", 
        "operating_revenue": 472502, 
        "short_term_average": 488670
    }, 
    {
        "accumulated_operating_revenue_yoy": -20.672573988840455, 
        "accumulated_operating_revenue": 3325205, 
        "long_term_average": 506808, 
        "date": "2014-07-31", 
        "operating_revenue": 418262, 
        "short_term_average": 464195
    }, 
    {
        "accumulated_operating_revenue_yoy": -21.212645431519007, 
        "accumulated_operating_revenue": 3775583, 
        "long_term_average": 494308, 
        "date": "2014-08-31", 
        "operating_revenue": 450378, 
        "short_term_average": 447047
    }, 
    {
        "accumulated_operating_revenue_yoy": -20.103787109491666, 
        "accumulated_operating_revenue": 4280136, 
        "long_term_average": 489271, 
        "date": "2014-09-30", 
        "operating_revenue": 504553, 
        "short_term_average": 457731
    }, 
    {
        "accumulated_operating_revenue_yoy": -18.963820013125233, 
        "accumulated_operating_revenue": 4771326, 
        "long_term_average": 485972, 
        "date": "2014-10-31", 
        "operating_revenue": 491190, 
        "short_term_average": 482040
    }, 
    {
        "accumulated_operating_revenue_yoy": -18.556579935423514, 
        "accumulated_operating_revenue": 5241771, 
        "long_term_average": 479493, 
        "date": "2014-11-30", 
        "operating_revenue": 470445, 
        "short_term_average": 488729
    }, 
    {
        "accumulated_operating_revenue_yoy": -17.333698893532752, 
        "accumulated_operating_revenue": 5743853, 
        "long_term_average": 478654, 
        "date": "2014-12-31", 
        "operating_revenue": 502082, 
        "short_term_average": 487905
    }, 
    {
        "accumulated_operating_revenue_yoy": 22.494297642296516, 
        "accumulated_operating_revenue": 560126, 
        "long_term_average": 487226, 
        "date": "2015-01-31", 
        "operating_revenue": 560126, 
        "short_term_average": 510884
    }, 
    {
        "accumulated_operating_revenue_yoy": 14.190013863727216, 
        "accumulated_operating_revenue": 1074053, 
        "long_term_average": 489776, 
        "date": "2015-02-28", 
        "operating_revenue": 513927, 
        "short_term_average": 525378
    }, 
    {
        "accumulated_operating_revenue_yoy": 12.182731605147499, 
        "accumulated_operating_revenue": 1616478, 
        "long_term_average": 493283, 
        "date": "2015-03-31", 
        "operating_revenue": 542425, 
        "short_term_average": 538826
    }, 
    {
        "accumulated_operating_revenue_yoy": 13.193812745198482, 
        "accumulated_operating_revenue": 2187604, 
        "long_term_average": 499903, 
        "date": "2015-04-30", 
        "operating_revenue": 571126, 
        "short_term_average": 542492
    }, 
    {
        "accumulated_operating_revenue_yoy": 13.697682548067503, 
        "accumulated_operating_revenue": 2767903, 
        "long_term_average": 506442, 
        "date": "2015-05-31", 
        "operating_revenue": 580299, 
        "short_term_average": 564616
    }, 
    {
        "accumulated_operating_revenue_yoy": 15.864810558720965, 
        "accumulated_operating_revenue": 3368124, 
        "long_term_average": 517086, 
        "date": "2015-06-30", 
        "operating_revenue": 600221, 
        "short_term_average": 583882
    }, 
    {
        "accumulated_operating_revenue_yoy": 17.697044242385058, 
        "accumulated_operating_revenue": 3913668, 
        "long_term_average": 527693, 
        "date": "2015-07-31", 
        "operating_revenue": 545544, 
        "short_term_average": 575354
    }, 
    {
        "accumulated_operating_revenue_yoy": 17.052465804618784, 
        "accumulated_operating_revenue": 4419413, 
        "long_term_average": 532306, 
        "date": "2015-08-31", 
        "operating_revenue": 505745, 
        "short_term_average": 550503
    }, 
    {
        "accumulated_operating_revenue_yoy": 15.751205101893959, 
        "accumulated_operating_revenue": 4954309, 
        "long_term_average": 534835, 
        "date": "2015-09-30", 
        "operating_revenue": 534896, 
        "short_term_average": 528728
    }
]