[
    {
        "date": "2011-09-30", 
        "operating_revenue": 6082663, 
        "accumulated_operating_revenue": 6082663, 
        "long_term_average": 6082663, 
        "short_term_average": 6082663
    }, 
    {
        "date": "2011-10-31", 
        "operating_revenue": 5699806, 
        "accumulated_operating_revenue": 11782469, 
        "long_term_average": 5891234, 
        "short_term_average": 5891234
    }, 
    {
        "date": "2011-11-30", 
        "operating_revenue": 6036429, 
        "accumulated_operating_revenue": 17818898, 
        "long_term_average": 5939632, 
        "short_term_average": 5939632
    }, 
    {
        "date": "2011-12-31", 
        "operating_revenue": 5647070, 
        "accumulated_operating_revenue": 23465968, 
        "long_term_average": 5866492, 
        "short_term_average": 5794435
    }, 
    {
        "date": "2012-01-31", 
        "operating_revenue": 4963991, 
        "accumulated_operating_revenue": 4963991, 
        "long_term_average": 5685991, 
        "short_term_average": 5549163
    }, 
    {
        "date": "2012-02-29", 
        "operating_revenue": 6337090, 
        "accumulated_operating_revenue": 11301081, 
        "long_term_average": 5794508, 
        "short_term_average": 5649383
    }, 
    {
        "date": "2012-03-31", 
        "operating_revenue": 6749714, 
        "accumulated_operating_revenue": 18050795, 
        "long_term_average": 5930966, 
        "short_term_average": 6016931
    }, 
    {
        "date": "2012-04-30", 
        "operating_revenue": 6440287, 
        "accumulated_operating_revenue": 24491082, 
        "long_term_average": 5994631, 
        "short_term_average": 6509030
    }, 
    {
        "date": "2012-05-31", 
        "operating_revenue": 6975079, 
        "accumulated_operating_revenue": 31466161, 
        "long_term_average": 6103569, 
        "short_term_average": 6721693
    }, 
    {
        "date": "2012-06-30", 
        "operating_revenue": 6613775, 
        "accumulated_operating_revenue": 38079936, 
        "long_term_average": 6154590, 
        "short_term_average": 6676380
    }, 
    {
        "date": "2012-07-31", 
        "operating_revenue": 6948658, 
        "accumulated_operating_revenue": 45028594, 
        "long_term_average": 6226778, 
        "short_term_average": 6845837
    }, 
    {
        "date": "2012-08-31", 
        "operating_revenue": 7314698, 
        "accumulated_operating_revenue": 52343292, 
        "long_term_average": 6317438, 
        "short_term_average": 6959043
    }, 
    {
        "accumulated_operating_revenue_yoy": 884.465258062135, 
        "accumulated_operating_revenue": 59881704, 
        "long_term_average": 6438750, 
        "date": "2012-09-30", 
        "operating_revenue": 7538412, 
        "short_term_average": 7267256
    }, 
    {
        "accumulated_operating_revenue_yoy": 464.6359179896845, 
        "accumulated_operating_revenue": 66528052, 
        "long_term_average": 6517629, 
        "date": "2012-10-31", 
        "operating_revenue": 6646348, 
        "short_term_average": 7166486
    }, 
    {
        "accumulated_operating_revenue_yoy": 313.5396812979119, 
        "accumulated_operating_revenue": 73688214, 
        "long_term_average": 6611273, 
        "date": "2012-11-30", 
        "operating_revenue": 7160162, 
        "short_term_average": 7114974
    }, 
    {
        "accumulated_operating_revenue_yoy": 242.41621313043638, 
        "accumulated_operating_revenue": 80351279, 
        "long_term_average": 6695939, 
        "date": "2012-12-31", 
        "operating_revenue": 6663065, 
        "short_term_average": 6823191
    }, 
    {
        "accumulated_operating_revenue_yoy": 53.86631442321309, 
        "accumulated_operating_revenue": 7637910, 
        "long_term_average": 6918766, 
        "date": "2013-01-31", 
        "operating_revenue": 7637910, 
        "short_term_average": 7153712
    }, 
    {
        "accumulated_operating_revenue_yoy": 14.95015388350902, 
        "accumulated_operating_revenue": 12990610, 
        "long_term_average": 6836734, 
        "date": "2013-02-28", 
        "operating_revenue": 5352700, 
        "short_term_average": 6551225
    }, 
    {
        "accumulated_operating_revenue_yoy": 10.887437367717045, 
        "accumulated_operating_revenue": 20016064, 
        "long_term_average": 6859712, 
        "date": "2013-03-31", 
        "operating_revenue": 7025454, 
        "short_term_average": 6672021
    }, 
    {
        "accumulated_operating_revenue_yoy": 11.008623465472043, 
        "accumulated_operating_revenue": 27187213, 
        "long_term_average": 6920617, 
        "date": "2013-04-30", 
        "operating_revenue": 7171149, 
        "short_term_average": 6516434
    }, 
    {
        "accumulated_operating_revenue_yoy": 9.942661896378144, 
        "accumulated_operating_revenue": 34594735, 
        "long_term_average": 6956654, 
        "date": "2013-05-31", 
        "operating_revenue": 7407522, 
        "short_term_average": 7201375
    }, 
    {
        "accumulated_operating_revenue_yoy": 7.759398545207639, 
        "accumulated_operating_revenue": 41034710, 
        "long_term_average": 6942171, 
        "date": "2013-06-30", 
        "operating_revenue": 6439975, 
        "short_term_average": 7006215
    }, 
    {
        "accumulated_operating_revenue_yoy": 7.338901143571127, 
        "accumulated_operating_revenue": 48333198, 
        "long_term_average": 6971323, 
        "date": "2013-07-31", 
        "operating_revenue": 7298488, 
        "short_term_average": 7048661
    }, 
    {
        "accumulated_operating_revenue_yoy": 7.256843914211586, 
        "accumulated_operating_revenue": 56141763, 
        "long_term_average": 7012479, 
        "date": "2013-08-31", 
        "operating_revenue": 7808565, 
        "short_term_average": 7182342
    }, 
    {
        "accumulated_operating_revenue_yoy": 7.3932365050934425, 
        "accumulated_operating_revenue": 64308900, 
        "long_term_average": 7064872, 
        "date": "2013-09-30", 
        "operating_revenue": 8167137, 
        "short_term_average": 7758063
    }, 
    {
        "accumulated_operating_revenue_yoy": 8.182921093195395, 
        "accumulated_operating_revenue": 71971990, 
        "long_term_average": 7149601, 
        "date": "2013-10-31", 
        "operating_revenue": 7663090, 
        "short_term_average": 7879597
    }, 
    {
        "accumulated_operating_revenue_yoy": 8.496617925900605, 
        "accumulated_operating_revenue": 79949220, 
        "long_term_average": 7217690, 
        "date": "2013-11-30", 
        "operating_revenue": 7977230, 
        "short_term_average": 7935819
    }, 
    {
        "accumulated_operating_revenue_yoy": 9.21933302393357, 
        "accumulated_operating_revenue": 87759131, 
        "long_term_average": 7313260, 
        "date": "2013-12-31", 
        "operating_revenue": 7809911, 
        "short_term_average": 7816743
    }, 
    {
        "accumulated_operating_revenue_yoy": 3.0256837276165864, 
        "accumulated_operating_revenue": 7869009, 
        "long_term_average": 7332519, 
        "date": "2014-01-31", 
        "operating_revenue": 7869009, 
        "short_term_average": 7885383
    }, 
    {
        "accumulated_operating_revenue_yoy": 12.98334720232537, 
        "accumulated_operating_revenue": 14677226, 
        "long_term_average": 7453812, 
        "date": "2014-02-28", 
        "operating_revenue": 6808217, 
        "short_term_average": 7495712
    }, 
    {
        "accumulated_operating_revenue_yoy": 14.946564919057012, 
        "accumulated_operating_revenue": 23007778, 
        "long_term_average": 7562570, 
        "date": "2014-03-31", 
        "operating_revenue": 8330552, 
        "short_term_average": 7669259
    }, 
    {
        "accumulated_operating_revenue_yoy": 16.877761615359397, 
        "accumulated_operating_revenue": 31775806, 
        "long_term_average": 7695643, 
        "date": "2014-04-30", 
        "operating_revenue": 8768028, 
        "short_term_average": 7968932
    }, 
    {
        "accumulated_operating_revenue_yoy": 16.044866364780653, 
        "accumulated_operating_revenue": 40145414, 
        "long_term_average": 7775817, 
        "date": "2014-05-31", 
        "operating_revenue": 8369608, 
        "short_term_average": 8489396
    }, 
    {
        "accumulated_operating_revenue_yoy": 18.726770580320903, 
        "accumulated_operating_revenue": 48719186, 
        "long_term_average": 7953633, 
        "date": "2014-06-30", 
        "operating_revenue": 8573772, 
        "short_term_average": 8570469
    }, 
    {
        "accumulated_operating_revenue_yoy": 19.010473918982147, 
        "accumulated_operating_revenue": 57521568, 
        "long_term_average": 8078958, 
        "date": "2014-07-31", 
        "operating_revenue": 8802382, 
        "short_term_average": 8581920
    }, 
    {
        "accumulated_operating_revenue_yoy": 19.16140039991263, 
        "accumulated_operating_revenue": 66899311, 
        "long_term_average": 8209723, 
        "date": "2014-08-31", 
        "operating_revenue": 9377743, 
        "short_term_average": 8917965
    }, 
    {
        "accumulated_operating_revenue_yoy": 20.418009015859393, 
        "accumulated_operating_revenue": 77439497, 
        "long_term_average": 8407477, 
        "date": "2014-09-30", 
        "operating_revenue": 10540186, 
        "short_term_average": 9573437
    }, 
    {
        "accumulated_operating_revenue_yoy": 21.24879970666366, 
        "accumulated_operating_revenue": 87265174, 
        "long_term_average": 8587692, 
        "date": "2014-10-31", 
        "operating_revenue": 9825677, 
        "short_term_average": 9914535
    }, 
    {
        "accumulated_operating_revenue_yoy": 22.133763156163376, 
        "accumulated_operating_revenue": 97644991, 
        "long_term_average": 8787908, 
        "date": "2014-11-30", 
        "operating_revenue": 10379817, 
        "short_term_average": 10248560
    }, 
    {
        "accumulated_operating_revenue_yoy": 22.798259021047052, 
        "accumulated_operating_revenue": 107766685, 
        "long_term_average": 8980557, 
        "date": "2014-12-31", 
        "operating_revenue": 10121694, 
        "short_term_average": 10109062
    }, 
    {
        "accumulated_operating_revenue_yoy": 41.53554786886125, 
        "accumulated_operating_revenue": 11137445, 
        "long_term_average": 9252926, 
        "date": "2015-01-31", 
        "operating_revenue": 11137445, 
        "short_term_average": 10546318
    }, 
    {
        "accumulated_operating_revenue_yoy": 25.17764596661522, 
        "accumulated_operating_revenue": 18372606, 
        "long_term_average": 9288505, 
        "date": "2015-02-28", 
        "operating_revenue": 7235161, 
        "short_term_average": 9498100
    }, 
    {
        "accumulated_operating_revenue_yoy": 24.035280590763698, 
        "accumulated_operating_revenue": 28537762, 
        "long_term_average": 9441389, 
        "date": "2015-03-31", 
        "operating_revenue": 10165156, 
        "short_term_average": 9512587
    }, 
    {
        "accumulated_operating_revenue_yoy": 21.30530693698218, 
        "accumulated_operating_revenue": 38545739, 
        "long_term_average": 9544718, 
        "date": "2015-04-30", 
        "operating_revenue": 10007977, 
        "short_term_average": 9136098
    }, 
    {
        "accumulated_operating_revenue_yoy": 19.435791595025027, 
        "accumulated_operating_revenue": 47947993, 
        "long_term_average": 9630772, 
        "date": "2015-05-31", 
        "operating_revenue": 9402254, 
        "short_term_average": 9858462
    }, 
    {
        "accumulated_operating_revenue_yoy": 17.599314980344705, 
        "accumulated_operating_revenue": 57293429, 
        "long_term_average": 9695077, 
        "date": "2015-06-30", 
        "operating_revenue": 9345436, 
        "short_term_average": 9585222
    }, 
    {
        "accumulated_operating_revenue_yoy": 15.781341357036721, 
        "accumulated_operating_revenue": 66599243, 
        "long_term_average": 9737030, 
        "date": "2015-07-31", 
        "operating_revenue": 9305814, 
        "short_term_average": 9351168
    }, 
    {
        "accumulated_operating_revenue_yoy": 13.1705437145683, 
        "accumulated_operating_revenue": 75710314, 
        "long_term_average": 9714807, 
        "date": "2015-08-31", 
        "operating_revenue": 9111071, 
        "short_term_average": 9254107
    }, 
    {
        "accumulated_operating_revenue_yoy": 11.083679946939737, 
        "accumulated_operating_revenue": 86022643, 
        "long_term_average": 9695819, 
        "date": "2015-09-30", 
        "operating_revenue": 10312329, 
        "short_term_average": 9576404
    }
]