[
    {
        "date": "2011-09-30", 
        "operating_revenue": 6318244, 
        "accumulated_operating_revenue": 6318244, 
        "long_term_average": 6318244, 
        "short_term_average": 6318244
    }, 
    {
        "date": "2011-10-31", 
        "operating_revenue": 5795586, 
        "accumulated_operating_revenue": 12113830, 
        "long_term_average": 6056915, 
        "short_term_average": 6056915
    }, 
    {
        "date": "2011-11-30", 
        "operating_revenue": 5751904, 
        "accumulated_operating_revenue": 17865734, 
        "long_term_average": 5955244, 
        "short_term_average": 5955244
    }, 
    {
        "date": "2011-12-31", 
        "operating_revenue": 5314953, 
        "accumulated_operating_revenue": 23180687, 
        "long_term_average": 5795171, 
        "short_term_average": 5620814
    }, 
    {
        "date": "2012-01-31", 
        "operating_revenue": 5248825, 
        "accumulated_operating_revenue": 5248825, 
        "long_term_average": 5685902, 
        "short_term_average": 5438560
    }, 
    {
        "date": "2012-02-29", 
        "operating_revenue": 5241031, 
        "accumulated_operating_revenue": 10489856, 
        "long_term_average": 5611757, 
        "short_term_average": 5268269
    }, 
    {
        "date": "2012-03-31", 
        "operating_revenue": 5870436, 
        "accumulated_operating_revenue": 16360292, 
        "long_term_average": 5648711, 
        "short_term_average": 5453430
    }, 
    {
        "date": "2012-04-30", 
        "operating_revenue": 5399281, 
        "accumulated_operating_revenue": 21759573, 
        "long_term_average": 5617532, 
        "short_term_average": 5503582
    }, 
    {
        "date": "2012-05-31", 
        "operating_revenue": 5693309, 
        "accumulated_operating_revenue": 27452882, 
        "long_term_average": 5625952, 
        "short_term_average": 5654342
    }, 
    {
        "date": "2012-06-30", 
        "operating_revenue": 5576258, 
        "accumulated_operating_revenue": 33029140, 
        "long_term_average": 5620982, 
        "short_term_average": 5556282
    }, 
    {
        "date": "2012-07-31", 
        "operating_revenue": 5506319, 
        "accumulated_operating_revenue": 38535459, 
        "long_term_average": 5610558, 
        "short_term_average": 5591962
    }, 
    {
        "date": "2012-08-31", 
        "operating_revenue": 5933603, 
        "accumulated_operating_revenue": 44469062, 
        "long_term_average": 5637479, 
        "short_term_average": 5672060
    }, 
    {
        "accumulated_operating_revenue_yoy": 698.6792532861979, 
        "accumulated_operating_revenue": 50462504, 
        "long_term_average": 5610412, 
        "date": "2012-09-30", 
        "operating_revenue": 5993442, 
        "short_term_average": 5811121
    }, 
    {
        "accumulated_operating_revenue_yoy": 366.28875425856234, 
        "accumulated_operating_revenue": 56485427, 
        "long_term_average": 5629357, 
        "date": "2012-10-31", 
        "operating_revenue": 6022923, 
        "short_term_average": 5983322
    }, 
    {
        "accumulated_operating_revenue_yoy": 248.29093503798947, 
        "accumulated_operating_revenue": 62224732, 
        "long_term_average": 5628307, 
        "date": "2012-11-30", 
        "operating_revenue": 5739305, 
        "short_term_average": 5918556
    }, 
    {
        "accumulated_operating_revenue_yoy": 191.14844611809824, 
        "accumulated_operating_revenue": 67490210, 
        "long_term_average": 5624184, 
        "date": "2012-12-31", 
        "operating_revenue": 5265478, 
        "short_term_average": 5675902
    }, 
    {
        "accumulated_operating_revenue_yoy": -0.07155887270008049, 
        "accumulated_operating_revenue": 5245069, 
        "long_term_average": 5623871, 
        "date": "2013-01-31", 
        "operating_revenue": 5245069, 
        "short_term_average": 5416617
    }, 
    {
        "accumulated_operating_revenue_yoy": -9.81166948335611, 
        "accumulated_operating_revenue": 9460626, 
        "long_term_average": 5538415, 
        "date": "2013-02-28", 
        "operating_revenue": 4215557, 
        "short_term_average": 4908701
    }, 
    {
        "accumulated_operating_revenue_yoy": -10.656729109724937, 
        "accumulated_operating_revenue": 14616820, 
        "long_term_average": 5478894, 
        "date": "2013-03-31", 
        "operating_revenue": 5156194, 
        "short_term_average": 4872273
    }, 
    {
        "accumulated_operating_revenue_yoy": -9.16176066506452, 
        "accumulated_operating_revenue": 19766013, 
        "long_term_average": 5458054, 
        "date": "2013-04-30", 
        "operating_revenue": 5149193, 
        "short_term_average": 4840314
    }, 
    {
        "accumulated_operating_revenue_yoy": -8.744622877845758, 
        "accumulated_operating_revenue": 25052231, 
        "long_term_average": 5424129, 
        "date": "2013-05-31", 
        "operating_revenue": 5286218, 
        "short_term_average": 5197201
    }, 
    {
        "accumulated_operating_revenue_yoy": -9.703153033957287, 
        "accumulated_operating_revenue": 29824272, 
        "long_term_average": 5357111, 
        "date": "2013-06-30", 
        "operating_revenue": 4772041, 
        "short_term_average": 5069150
    }, 
    {
        "accumulated_operating_revenue_yoy": -9.440230100801445, 
        "accumulated_operating_revenue": 34897623, 
        "long_term_average": 5321031, 
        "date": "2013-07-31", 
        "operating_revenue": 5073351, 
        "short_term_average": 5043870
    }, 
    {
        "accumulated_operating_revenue_yoy": -9.761060397451153, 
        "accumulated_operating_revenue": 40128410, 
        "long_term_average": 5262463, 
        "date": "2013-08-31", 
        "operating_revenue": 5230787, 
        "short_term_average": 5025393
    }, 
    {
        "accumulated_operating_revenue_yoy": -9.734667546422191, 
        "accumulated_operating_revenue": 45550147, 
        "long_term_average": 5214821, 
        "date": "2013-09-30", 
        "operating_revenue": 5421737, 
        "short_term_average": 5241958
    }, 
    {
        "accumulated_operating_revenue_yoy": -10.133465044001525, 
        "accumulated_operating_revenue": 50761496, 
        "long_term_average": 5147189, 
        "date": "2013-10-31", 
        "operating_revenue": 5211349, 
        "short_term_average": 5287957
    }, 
    {
        "accumulated_operating_revenue_yoy": -10.941202607349117, 
        "accumulated_operating_revenue": 55416598, 
        "long_term_average": 5056839, 
        "date": "2013-11-30", 
        "operating_revenue": 4655102, 
        "short_term_average": 5096062
    }, 
    {
        "accumulated_operating_revenue_yoy": -11.1950992595815, 
        "accumulated_operating_revenue": 59934614, 
        "long_term_average": 4994551, 
        "date": "2013-12-31", 
        "operating_revenue": 4518016, 
        "short_term_average": 4794822
    }, 
    {
        "accumulated_operating_revenue_yoy": -13.93615603531622, 
        "accumulated_operating_revenue": 4514108, 
        "long_term_average": 4933637, 
        "date": "2014-01-31", 
        "operating_revenue": 4514108, 
        "short_term_average": 4562408
    }, 
    {
        "accumulated_operating_revenue_yoy": -9.690426405187141, 
        "accumulated_operating_revenue": 8543851, 
        "long_term_average": 4918153, 
        "date": "2014-02-28", 
        "operating_revenue": 4029743, 
        "short_term_average": 4353955
    }, 
    {
        "accumulated_operating_revenue_yoy": -7.260792703200833, 
        "accumulated_operating_revenue": 13555523, 
        "long_term_average": 4906109, 
        "date": "2014-03-31", 
        "operating_revenue": 5011672, 
        "short_term_average": 4518507
    }, 
    {
        "accumulated_operating_revenue_yoy": -6.62247869613361, 
        "accumulated_operating_revenue": 18457013, 
        "long_term_average": 4885467, 
        "date": "2014-04-30", 
        "operating_revenue": 4901490, 
        "short_term_average": 4647635
    }, 
    {
        "accumulated_operating_revenue_yoy": -5.605768204835729, 
        "accumulated_operating_revenue": 23647861, 
        "long_term_average": 4877520, 
        "date": "2014-05-31", 
        "operating_revenue": 5190848, 
        "short_term_average": 5034670
    }, 
    {
        "accumulated_operating_revenue_yoy": -3.957819993058003, 
        "accumulated_operating_revenue": 28643881, 
        "long_term_average": 4896185, 
        "date": "2014-06-30", 
        "operating_revenue": 4996020, 
        "short_term_average": 5029452
    }, 
    {
        "accumulated_operating_revenue_yoy": -2.576828800058961, 
        "accumulated_operating_revenue": 33998371, 
        "long_term_average": 4919613, 
        "date": "2014-07-31", 
        "operating_revenue": 5354490, 
        "short_term_average": 5180452
    }, 
    {
        "accumulated_operating_revenue_yoy": -1.608471404673148, 
        "accumulated_operating_revenue": 39482956, 
        "long_term_average": 4940763, 
        "date": "2014-08-31", 
        "operating_revenue": 5484585, 
        "short_term_average": 5278365
    }, 
    {
        "accumulated_operating_revenue_yoy": -0.9347478066316669, 
        "accumulated_operating_revenue": 45124368, 
        "long_term_average": 4959069, 
        "date": "2014-09-30", 
        "operating_revenue": 5641412, 
        "short_term_average": 5493495
    }, 
    {
        "accumulated_operating_revenue_yoy": 0.40804352968635915, 
        "accumulated_operating_revenue": 50968625, 
        "long_term_average": 5011811, 
        "date": "2014-10-31", 
        "operating_revenue": 5844257, 
        "short_term_average": 5656751
    }, 
    {
        "accumulated_operating_revenue_yoy": 1.9278989302085991, 
        "accumulated_operating_revenue": 56484974, 
        "long_term_average": 5083582, 
        "date": "2014-11-30", 
        "operating_revenue": 5516349, 
        "short_term_average": 5667339
    }, 
    {
        "accumulated_operating_revenue_yoy": 3.037463459763001, 
        "accumulated_operating_revenue": 61755106, 
        "long_term_average": 5146258, 
        "date": "2014-12-31", 
        "operating_revenue": 5270132, 
        "short_term_average": 5543579
    }, 
    {
        "accumulated_operating_revenue_yoy": 4.122962941958854, 
        "accumulated_operating_revenue": 4700223, 
        "long_term_average": 5161768, 
        "date": "2015-01-31", 
        "operating_revenue": 4700223, 
        "short_term_average": 5162234
    }, 
    {
        "accumulated_operating_revenue_yoy": 0.6843869351186017, 
        "accumulated_operating_revenue": 8602324, 
        "long_term_average": 5151131, 
        "date": "2015-02-28", 
        "operating_revenue": 3902101, 
        "short_term_average": 4624152
    }, 
    {
        "accumulated_operating_revenue_yoy": -0.9763769350691965, 
        "accumulated_operating_revenue": 13423170, 
        "long_term_average": 5135229, 
        "date": "2015-03-31", 
        "operating_revenue": 4820846, 
        "short_term_average": 4474390
    }, 
    {
        "accumulated_operating_revenue_yoy": -0.8656709511988748, 
        "accumulated_operating_revenue": 18297236, 
        "long_term_average": 5132944, 
        "date": "2015-04-30", 
        "operating_revenue": 4874066, 
        "short_term_average": 4532337
    }, 
    {
        "accumulated_operating_revenue_yoy": 0.5616321915965253, 
        "accumulated_operating_revenue": 23780675, 
        "long_term_average": 5157326, 
        "date": "2015-05-31", 
        "operating_revenue": 5483439, 
        "short_term_average": 5059450
    }, 
    {
        "accumulated_operating_revenue_yoy": 3.571792523506155, 
        "accumulated_operating_revenue": 29666981, 
        "long_term_average": 5231517, 
        "date": "2015-06-30", 
        "operating_revenue": 5886306, 
        "short_term_average": 5414603
    }, 
    {
        "accumulated_operating_revenue_yoy": 3.0102324608434916, 
        "accumulated_operating_revenue": 35021801, 
        "long_term_average": 5231544, 
        "date": "2015-07-31", 
        "operating_revenue": 5354820, 
        "short_term_average": 5574855
    }, 
    {
        "accumulated_operating_revenue_yoy": 2.651151550051116, 
        "accumulated_operating_revenue": 40529709, 
        "long_term_average": 5233488, 
        "date": "2015-08-31", 
        "operating_revenue": 5507908, 
        "short_term_average": 5583011
    }, 
    {
        "accumulated_operating_revenue_yoy": 4.294750455009143, 
        "accumulated_operating_revenue": 47062347, 
        "long_term_average": 5307757, 
        "date": "2015-09-30", 
        "operating_revenue": 6532638, 
        "short_term_average": 5798455
    }
]