[
    {
        "date": "2012-01-31", 
        "operating_revenue": 274916, 
        "accumulated_operating_revenue": 274916, 
        "long_term_average": 274916, 
        "short_term_average": 274916
    }, 
    {
        "date": "2012-02-29", 
        "operating_revenue": 279568, 
        "accumulated_operating_revenue": 554484, 
        "long_term_average": 277242, 
        "short_term_average": 277242
    }, 
    {
        "date": "2012-03-31", 
        "operating_revenue": 310825, 
        "accumulated_operating_revenue": 865309, 
        "long_term_average": 288436, 
        "short_term_average": 288436
    }, 
    {
        "date": "2012-04-30", 
        "operating_revenue": 326137, 
        "accumulated_operating_revenue": 1191446, 
        "long_term_average": 297861, 
        "short_term_average": 305510
    }, 
    {
        "date": "2012-05-31", 
        "operating_revenue": 293703, 
        "accumulated_operating_revenue": 1485149, 
        "long_term_average": 297029, 
        "short_term_average": 310221
    }, 
    {
        "date": "2012-06-30", 
        "operating_revenue": 277586, 
        "accumulated_operating_revenue": 1762735, 
        "long_term_average": 293789, 
        "short_term_average": 299142
    }, 
    {
        "date": "2012-07-31", 
        "operating_revenue": 297171, 
        "accumulated_operating_revenue": 2059906, 
        "long_term_average": 294272, 
        "short_term_average": 289486
    }, 
    {
        "date": "2012-08-31", 
        "operating_revenue": 379108, 
        "accumulated_operating_revenue": 2439014, 
        "long_term_average": 304876, 
        "short_term_average": 317955
    }, 
    {
        "date": "2012-09-30", 
        "operating_revenue": 383698, 
        "accumulated_operating_revenue": 2822712, 
        "long_term_average": 313634, 
        "short_term_average": 353325
    }, 
    {
        "date": "2012-10-31", 
        "operating_revenue": 347294, 
        "accumulated_operating_revenue": 3170006, 
        "long_term_average": 317000, 
        "short_term_average": 370033
    }, 
    {
        "date": "2012-11-30", 
        "operating_revenue": 329680, 
        "accumulated_operating_revenue": 3499686, 
        "long_term_average": 318153, 
        "short_term_average": 353557
    }, 
    {
        "date": "2012-12-31", 
        "operating_revenue": 236108, 
        "accumulated_operating_revenue": 3735794, 
        "long_term_average": 311316, 
        "short_term_average": 304360
    }, 
    {
        "accumulated_operating_revenue_yoy": 3.9153777881243723, 
        "accumulated_operating_revenue": 285680, 
        "long_term_average": 312213, 
        "date": "2013-01-31", 
        "operating_revenue": 285680, 
        "short_term_average": 283822
    }, 
    {
        "accumulated_operating_revenue_yoy": -7.432676145749922, 
        "accumulated_operating_revenue": 513271, 
        "long_term_average": 307881, 
        "date": "2013-02-28", 
        "operating_revenue": 227591, 
        "short_term_average": 249793
    }, 
    {
        "accumulated_operating_revenue_yoy": -10.785164605938457, 
        "accumulated_operating_revenue": 771984, 
        "long_term_average": 303539, 
        "date": "2013-03-31", 
        "operating_revenue": 258713, 
        "short_term_average": 257328
    }, 
    {
        "accumulated_operating_revenue_yoy": -10.54147649159089, 
        "accumulated_operating_revenue": 1065850, 
        "long_term_average": 300849, 
        "date": "2013-04-30", 
        "operating_revenue": 293866, 
        "short_term_average": 260056
    }, 
    {
        "accumulated_operating_revenue_yoy": -8.297887956023267, 
        "accumulated_operating_revenue": 1361913, 
        "long_term_average": 301046, 
        "date": "2013-05-31", 
        "operating_revenue": 296063, 
        "short_term_average": 282880
    }, 
    {
        "accumulated_operating_revenue_yoy": -6.334814932477088, 
        "accumulated_operating_revenue": 1651069, 
        "long_term_average": 302010, 
        "date": "2013-06-30", 
        "operating_revenue": 289156, 
        "short_term_average": 293028
    }, 
    {
        "accumulated_operating_revenue_yoy": -4.4437464622172085, 
        "accumulated_operating_revenue": 1968369, 
        "long_term_average": 303688, 
        "date": "2013-07-31", 
        "operating_revenue": 317300, 
        "short_term_average": 300839
    }, 
    {
        "accumulated_operating_revenue_yoy": -8.535088359476411, 
        "accumulated_operating_revenue": 2230842, 
        "long_term_average": 293968, 
        "date": "2013-08-31", 
        "operating_revenue": 262473, 
        "short_term_average": 289643
    }, 
    {
        "accumulated_operating_revenue_yoy": -9.911638169249997, 
        "accumulated_operating_revenue": 2542935, 
        "long_term_average": 288001, 
        "date": "2013-09-30", 
        "operating_revenue": 312093, 
        "short_term_average": 297288
    }, 
    {
        "accumulated_operating_revenue_yoy": -8.485630626566637, 
        "accumulated_operating_revenue": 2901011, 
        "long_term_average": 288899, 
        "date": "2013-10-31", 
        "operating_revenue": 358076, 
        "short_term_average": 310880
    }, 
    {
        "accumulated_operating_revenue_yoy": -6.688200027088144, 
        "accumulated_operating_revenue": 3265620, 
        "long_term_average": 291810, 
        "date": "2013-11-30", 
        "operating_revenue": 364609, 
        "short_term_average": 344926
    }, 
    {
        "accumulated_operating_revenue_yoy": -2.6820001316989104, 
        "accumulated_operating_revenue": 3635600, 
        "long_term_average": 302966, 
        "date": "2013-12-31", 
        "operating_revenue": 369980, 
        "short_term_average": 364221
    }, 
    {
        "accumulated_operating_revenue_yoy": 37.91024922990759, 
        "accumulated_operating_revenue": 393982, 
        "long_term_average": 311991, 
        "date": "2014-01-31", 
        "operating_revenue": 393982, 
        "short_term_average": 376190
    }, 
    {
        "accumulated_operating_revenue_yoy": 37.898692893227945, 
        "accumulated_operating_revenue": 707794, 
        "long_term_average": 319176, 
        "date": "2014-02-28", 
        "operating_revenue": 313812, 
        "short_term_average": 359258
    }, 
    {
        "accumulated_operating_revenue_yoy": 46.29059669630459, 
        "accumulated_operating_revenue": 1129340, 
        "long_term_average": 332746, 
        "date": "2014-03-31", 
        "operating_revenue": 421546, 
        "short_term_average": 376446
    }, 
    {
        "accumulated_operating_revenue_yoy": 36.18773748651311, 
        "accumulated_operating_revenue": 1451557, 
        "long_term_average": 335108, 
        "date": "2014-04-30", 
        "operating_revenue": 322217, 
        "short_term_average": 352525
    }, 
    {
        "accumulated_operating_revenue_yoy": 30.196789369071297, 
        "accumulated_operating_revenue": 1773167, 
        "long_term_average": 337237, 
        "date": "2014-05-31", 
        "operating_revenue": 321610, 
        "short_term_average": 355124
    }, 
    {
        "accumulated_operating_revenue_yoy": 28.632419359820823, 
        "accumulated_operating_revenue": 2123810, 
        "long_term_average": 342361, 
        "date": "2014-06-30", 
        "operating_revenue": 350643, 
        "short_term_average": 331490
    }, 
    {
        "accumulated_operating_revenue_yoy": 24.490021942024082, 
        "accumulated_operating_revenue": 2450423, 
        "long_term_average": 343137, 
        "date": "2014-07-31", 
        "operating_revenue": 326613, 
        "short_term_average": 332955
    }, 
    {
        "accumulated_operating_revenue_yoy": 25.07039942766005, 
        "accumulated_operating_revenue": 2790123, 
        "long_term_average": 349573, 
        "date": "2014-08-31", 
        "operating_revenue": 339700, 
        "short_term_average": 338985
    }, 
    {
        "accumulated_operating_revenue_yoy": 22.865507769565482, 
        "accumulated_operating_revenue": 3124390, 
        "long_term_average": 351421, 
        "date": "2014-09-30", 
        "operating_revenue": 334267, 
        "short_term_average": 333526
    }, 
    {
        "accumulated_operating_revenue_yoy": 18.25015485980577, 
        "accumulated_operating_revenue": 3430450, 
        "long_term_average": 347086, 
        "date": "2014-10-31", 
        "operating_revenue": 306060, 
        "short_term_average": 326675
    }, 
    {
        "accumulated_operating_revenue_yoy": 12.245392911606372, 
        "accumulated_operating_revenue": 3665508, 
        "long_term_average": 336290, 
        "date": "2014-11-30", 
        "operating_revenue": 235058, 
        "short_term_average": 291795
    }, 
    {
        "accumulated_operating_revenue_yoy": 7.819617119595115, 
        "accumulated_operating_revenue": 3919890, 
        "long_term_average": 326657, 
        "date": "2014-12-31", 
        "operating_revenue": 254382, 
        "short_term_average": 265166
    }, 
    {
        "accumulated_operating_revenue_yoy": -16.53146590453371, 
        "accumulated_operating_revenue": 328851, 
        "long_term_average": 321229, 
        "date": "2015-01-31", 
        "operating_revenue": 328851, 
        "short_term_average": 272763
    }, 
    {
        "accumulated_operating_revenue_yoy": -11.278987954122245, 
        "accumulated_operating_revenue": 627962, 
        "long_term_average": 320004, 
        "date": "2015-02-28", 
        "operating_revenue": 299111, 
        "short_term_average": 294114
    }, 
    {
        "accumulated_operating_revenue_yoy": -20.51136061770592, 
        "accumulated_operating_revenue": 897697, 
        "long_term_average": 307353, 
        "date": "2015-03-31", 
        "operating_revenue": 269735, 
        "short_term_average": 299232
    }, 
    {
        "accumulated_operating_revenue_yoy": -17.63086120627712, 
        "accumulated_operating_revenue": 1195635, 
        "long_term_average": 305330, 
        "date": "2015-04-30", 
        "operating_revenue": 297938, 
        "short_term_average": 288928
    }, 
    {
        "accumulated_operating_revenue_yoy": -15.53863792863278, 
        "accumulated_operating_revenue": 1497641, 
        "long_term_average": 303697, 
        "date": "2015-05-31", 
        "operating_revenue": 302006, 
        "short_term_average": 289893
    }, 
    {
        "accumulated_operating_revenue_yoy": -15.057090794374261, 
        "accumulated_operating_revenue": 1804026, 
        "long_term_average": 300008, 
        "date": "2015-06-30", 
        "operating_revenue": 306385, 
        "short_term_average": 302109
    }, 
    {
        "accumulated_operating_revenue_yoy": -14.816054207783717, 
        "accumulated_operating_revenue": 2087367, 
        "long_term_average": 296402, 
        "date": "2015-07-31", 
        "operating_revenue": 283341, 
        "short_term_average": 297244
    }, 
    {
        "accumulated_operating_revenue_yoy": -14.620932482188062, 
        "accumulated_operating_revenue": 2382181, 
        "long_term_average": 292662, 
        "date": "2015-08-31", 
        "operating_revenue": 294814, 
        "short_term_average": 294846
    }
]