[
    {
        "date": "2012-01-31", 
        "operating_revenue": 17221, 
        "accumulated_operating_revenue": 17221, 
        "long_term_average": 17221, 
        "short_term_average": 17221
    }, 
    {
        "date": "2012-02-29", 
        "operating_revenue": 27265, 
        "accumulated_operating_revenue": 44486, 
        "long_term_average": 22243, 
        "short_term_average": 22243
    }, 
    {
        "date": "2012-03-31", 
        "operating_revenue": 22296, 
        "accumulated_operating_revenue": 66782, 
        "long_term_average": 22260, 
        "short_term_average": 22260
    }, 
    {
        "date": "2012-04-30", 
        "operating_revenue": 18099, 
        "accumulated_operating_revenue": 84881, 
        "long_term_average": 21220, 
        "short_term_average": 22553
    }, 
    {
        "date": "2012-05-31", 
        "operating_revenue": 23547, 
        "accumulated_operating_revenue": 108428, 
        "long_term_average": 21685, 
        "short_term_average": 21314
    }, 
    {
        "date": "2012-06-30", 
        "operating_revenue": 19452, 
        "accumulated_operating_revenue": 127880, 
        "long_term_average": 21313, 
        "short_term_average": 20366
    }, 
    {
        "date": "2012-07-31", 
        "operating_revenue": 25292, 
        "accumulated_operating_revenue": 153172, 
        "long_term_average": 21881, 
        "short_term_average": 22763
    }, 
    {
        "date": "2012-08-31", 
        "operating_revenue": 27179, 
        "accumulated_operating_revenue": 180351, 
        "long_term_average": 22543, 
        "short_term_average": 23974
    }, 
    {
        "date": "2012-09-30", 
        "operating_revenue": 24103, 
        "accumulated_operating_revenue": 204454, 
        "long_term_average": 22717, 
        "short_term_average": 25524
    }, 
    {
        "date": "2012-10-31", 
        "operating_revenue": 25825, 
        "accumulated_operating_revenue": 230279, 
        "long_term_average": 23027, 
        "short_term_average": 25702
    }, 
    {
        "date": "2012-11-30", 
        "operating_revenue": 17804, 
        "accumulated_operating_revenue": 248083, 
        "long_term_average": 22553, 
        "short_term_average": 22577
    }, 
    {
        "date": "2012-12-31", 
        "operating_revenue": 11658, 
        "accumulated_operating_revenue": 259741, 
        "long_term_average": 21645, 
        "short_term_average": 18429
    }, 
    {
        "accumulated_operating_revenue_yoy": -1.0626560594622845, 
        "accumulated_operating_revenue": 17038, 
        "long_term_average": 21629, 
        "date": "2013-01-31", 
        "operating_revenue": 17038, 
        "short_term_average": 15500
    }, 
    {
        "accumulated_operating_revenue_yoy": -29.231668390055297, 
        "accumulated_operating_revenue": 31482, 
        "long_term_average": 20561, 
        "date": "2013-02-28", 
        "operating_revenue": 14444, 
        "short_term_average": 14380
    }, 
    {
        "accumulated_operating_revenue_yoy": -26.361893923512326, 
        "accumulated_operating_revenue": 49177, 
        "long_term_average": 20178, 
        "date": "2013-03-31", 
        "operating_revenue": 17695, 
        "short_term_average": 16392
    }, 
    {
        "accumulated_operating_revenue_yoy": -21.157856292927747, 
        "accumulated_operating_revenue": 66922, 
        "long_term_average": 20148, 
        "date": "2013-04-30", 
        "operating_revenue": 17745, 
        "short_term_average": 16628
    }, 
    {
        "accumulated_operating_revenue_yoy": -21.962961596635555, 
        "accumulated_operating_revenue": 84614, 
        "long_term_average": 19660, 
        "date": "2013-05-31", 
        "operating_revenue": 17692, 
        "short_term_average": 17710
    }, 
    {
        "accumulated_operating_revenue_yoy": -20.308101345010947, 
        "accumulated_operating_revenue": 101910, 
        "long_term_average": 19480, 
        "date": "2013-06-30", 
        "operating_revenue": 17296, 
        "short_term_average": 17577
    }, 
    {
        "accumulated_operating_revenue_yoy": -23.076671976601467, 
        "accumulated_operating_revenue": 117825, 
        "long_term_average": 18699, 
        "date": "2013-07-31", 
        "operating_revenue": 15915, 
        "short_term_average": 16967
    }, 
    {
        "accumulated_operating_revenue_yoy": -25.688795737201346, 
        "accumulated_operating_revenue": 134021, 
        "long_term_average": 17784, 
        "date": "2013-08-31", 
        "operating_revenue": 16196, 
        "short_term_average": 16469
    }, 
    {
        "accumulated_operating_revenue_yoy": -25.262895321196943, 
        "accumulated_operating_revenue": 152803, 
        "long_term_average": 17340, 
        "date": "2013-09-30", 
        "operating_revenue": 18782, 
        "short_term_average": 16964
    }, 
    {
        "accumulated_operating_revenue_yoy": -26.10007860030659, 
        "accumulated_operating_revenue": 170176, 
        "long_term_average": 16636, 
        "date": "2013-10-31", 
        "operating_revenue": 17373, 
        "short_term_average": 17450
    }, 
    {
        "accumulated_operating_revenue_yoy": -24.166105698496068, 
        "accumulated_operating_revenue": 188131, 
        "long_term_average": 16649, 
        "date": "2013-11-30", 
        "operating_revenue": 17955, 
        "short_term_average": 18036
    }, 
    {
        "accumulated_operating_revenue_yoy": -20.571261371905088, 
        "accumulated_operating_revenue": 206309, 
        "long_term_average": 17192, 
        "date": "2013-12-31", 
        "operating_revenue": 18178, 
        "short_term_average": 17835
    }, 
    {
        "accumulated_operating_revenue_yoy": -7.630003521540087, 
        "accumulated_operating_revenue": 15738, 
        "long_term_average": 17084, 
        "date": "2014-01-31", 
        "operating_revenue": 15738, 
        "short_term_average": 17290
    }, 
    {
        "accumulated_operating_revenue_yoy": 17.638650657518582, 
        "accumulated_operating_revenue": 37035, 
        "long_term_average": 17655, 
        "date": "2014-02-28", 
        "operating_revenue": 21297, 
        "short_term_average": 18404
    }, 
    {
        "accumulated_operating_revenue_yoy": 10.71232486731602, 
        "accumulated_operating_revenue": 54445, 
        "long_term_average": 17631, 
        "date": "2014-03-31", 
        "operating_revenue": 17410, 
        "short_term_average": 18148
    }, 
    {
        "accumulated_operating_revenue_yoy": 8.529332655927796, 
        "accumulated_operating_revenue": 72630, 
        "long_term_average": 17668, 
        "date": "2014-04-30", 
        "operating_revenue": 18185, 
        "short_term_average": 18964
    }, 
    {
        "accumulated_operating_revenue_yoy": 10.208712506204646, 
        "accumulated_operating_revenue": 93252, 
        "long_term_average": 17912, 
        "date": "2014-05-31", 
        "operating_revenue": 20622, 
        "short_term_average": 18739
    }, 
    {
        "accumulated_operating_revenue_yoy": 8.05318418212148, 
        "accumulated_operating_revenue": 110117, 
        "long_term_average": 17876, 
        "date": "2014-06-30", 
        "operating_revenue": 16865, 
        "short_term_average": 18557
    }, 
    {
        "accumulated_operating_revenue_yoy": 13.141523445788245, 
        "accumulated_operating_revenue": 133309, 
        "long_term_average": 18482, 
        "date": "2014-07-31", 
        "operating_revenue": 23192, 
        "short_term_average": 20226
    }, 
    {
        "accumulated_operating_revenue_yoy": 15.423702255616655, 
        "accumulated_operating_revenue": 154692, 
        "long_term_average": 18915, 
        "date": "2014-08-31", 
        "operating_revenue": 21383, 
        "short_term_average": 20480
    }, 
    {
        "accumulated_operating_revenue_yoy": 12.184970190375843, 
        "accumulated_operating_revenue": 171422, 
        "long_term_average": 18744, 
        "date": "2014-09-30", 
        "operating_revenue": 16730, 
        "short_term_average": 20435
    }, 
    {
        "accumulated_operating_revenue_yoy": 13.307987025197443, 
        "accumulated_operating_revenue": 192823, 
        "long_term_average": 19079, 
        "date": "2014-10-31", 
        "operating_revenue": 21401, 
        "short_term_average": 19838
    }, 
    {
        "accumulated_operating_revenue_yoy": 12.61567737374489, 
        "accumulated_operating_revenue": 211865, 
        "long_term_average": 19170, 
        "date": "2014-11-30", 
        "operating_revenue": 19042, 
        "short_term_average": 19057
    }, 
    {
        "accumulated_operating_revenue_yoy": 17.07099544857471, 
        "accumulated_operating_revenue": 241528, 
        "long_term_average": 20127, 
        "date": "2014-12-31", 
        "operating_revenue": 29663, 
        "short_term_average": 23368
    }, 
    {
        "accumulated_operating_revenue_yoy": 12.714449104079298, 
        "accumulated_operating_revenue": 17739, 
        "long_term_average": 20294, 
        "date": "2015-01-31", 
        "operating_revenue": 17739, 
        "short_term_average": 22148
    }, 
    {
        "accumulated_operating_revenue_yoy": -0.27271499932496285, 
        "accumulated_operating_revenue": 36934, 
        "long_term_average": 20118, 
        "date": "2015-02-28", 
        "operating_revenue": 19195, 
        "short_term_average": 22199
    }, 
    {
        "accumulated_operating_revenue_yoy": 5.5799430618054915, 
        "accumulated_operating_revenue": 57483, 
        "long_term_average": 20380, 
        "date": "2015-03-31", 
        "operating_revenue": 20549, 
        "short_term_average": 19161
    }, 
    {
        "accumulated_operating_revenue_yoy": 8.718160539721879, 
        "accumulated_operating_revenue": 78962, 
        "long_term_average": 20655, 
        "date": "2015-04-30", 
        "operating_revenue": 21479, 
        "short_term_average": 20407
    }, 
    {
        "accumulated_operating_revenue_yoy": 2.7023549092780854, 
        "accumulated_operating_revenue": 95772, 
        "long_term_average": 20337, 
        "date": "2015-05-31", 
        "operating_revenue": 16810, 
        "short_term_average": 19612
    }, 
    {
        "accumulated_operating_revenue_yoy": 2.551831234051055, 
        "accumulated_operating_revenue": 112927, 
        "long_term_average": 20361, 
        "date": "2015-06-30", 
        "operating_revenue": 17155, 
        "short_term_average": 18481
    }, 
    {
        "accumulated_operating_revenue_yoy": -2.917282404038737, 
        "accumulated_operating_revenue": 129420, 
        "long_term_average": 19803, 
        "date": "2015-07-31", 
        "operating_revenue": 16493, 
        "short_term_average": 16819
    }, 
    {
        "accumulated_operating_revenue_yoy": -3.650479662813849, 
        "accumulated_operating_revenue": 149045, 
        "long_term_average": 19656, 
        "date": "2015-08-31", 
        "operating_revenue": 19625, 
        "short_term_average": 17757
    }, 
    {
        "accumulated_operating_revenue_yoy": -3.6961416854312747, 
        "accumulated_operating_revenue": 165086, 
        "long_term_average": 19599, 
        "date": "2015-09-30", 
        "operating_revenue": 16041, 
        "short_term_average": 17386
    }
]