[
    {
        "date": "2011-09-30", 
        "operating_revenue": 376309, 
        "accumulated_operating_revenue": 376309, 
        "long_term_average": 376309, 
        "short_term_average": 376309
    }, 
    {
        "date": "2011-10-31", 
        "operating_revenue": 308336, 
        "accumulated_operating_revenue": 684645, 
        "long_term_average": 342322, 
        "short_term_average": 342322
    }, 
    {
        "date": "2011-11-30", 
        "operating_revenue": 344231, 
        "accumulated_operating_revenue": 1028876, 
        "long_term_average": 342958, 
        "short_term_average": 342958
    }, 
    {
        "date": "2011-12-31", 
        "operating_revenue": 467504, 
        "accumulated_operating_revenue": 1496380, 
        "long_term_average": 374095, 
        "short_term_average": 373357
    }, 
    {
        "date": "2012-01-31", 
        "operating_revenue": 338212, 
        "accumulated_operating_revenue": 338212, 
        "long_term_average": 366918, 
        "short_term_average": 383315
    }, 
    {
        "date": "2012-02-29", 
        "operating_revenue": 471756, 
        "accumulated_operating_revenue": 809968, 
        "long_term_average": 384391, 
        "short_term_average": 425824
    }, 
    {
        "date": "2012-03-31", 
        "operating_revenue": 615618, 
        "accumulated_operating_revenue": 1425586, 
        "long_term_average": 417423, 
        "short_term_average": 475195
    }, 
    {
        "date": "2012-04-30", 
        "operating_revenue": 526285, 
        "accumulated_operating_revenue": 1951871, 
        "long_term_average": 431031, 
        "short_term_average": 537886
    }, 
    {
        "date": "2012-05-31", 
        "operating_revenue": 358254, 
        "accumulated_operating_revenue": 2310125, 
        "long_term_average": 422945, 
        "short_term_average": 500052
    }, 
    {
        "date": "2012-06-30", 
        "operating_revenue": 406901, 
        "accumulated_operating_revenue": 2717026, 
        "long_term_average": 421340, 
        "short_term_average": 430480
    }, 
    {
        "date": "2012-07-31", 
        "operating_revenue": 315396, 
        "accumulated_operating_revenue": 3032422, 
        "long_term_average": 411709, 
        "short_term_average": 360183
    }, 
    {
        "date": "2012-08-31", 
        "operating_revenue": 356049, 
        "accumulated_operating_revenue": 3388471, 
        "long_term_average": 407070, 
        "short_term_average": 359448
    }, 
    {
        "accumulated_operating_revenue_yoy": 946.7748578960375, 
        "accumulated_operating_revenue": 3939108, 
        "long_term_average": 421598, 
        "date": "2012-09-30", 
        "operating_revenue": 550637, 
        "short_term_average": 407360
    }, 
    {
        "accumulated_operating_revenue_yoy": 537.0454761226621, 
        "accumulated_operating_revenue": 4361500, 
        "long_term_average": 431102, 
        "date": "2012-10-31", 
        "operating_revenue": 422392, 
        "short_term_average": 443026
    }, 
    {
        "accumulated_operating_revenue_yoy": 357.3678460766895, 
        "accumulated_operating_revenue": 4705748, 
        "long_term_average": 431104, 
        "date": "2012-11-30", 
        "operating_revenue": 344248, 
        "short_term_average": 439092
    }, 
    {
        "accumulated_operating_revenue_yoy": 242.31605608201124, 
        "accumulated_operating_revenue": 5122349, 
        "long_term_average": 426862, 
        "date": "2012-12-31", 
        "operating_revenue": 416601, 
        "short_term_average": 394413
    }, 
    {
        "accumulated_operating_revenue_yoy": 5.12548342459759, 
        "accumulated_operating_revenue": 355547, 
        "long_term_average": 428307, 
        "date": "2013-01-31", 
        "operating_revenue": 355547, 
        "short_term_average": 372132
    }, 
    {
        "accumulated_operating_revenue_yoy": -28.371861604409066, 
        "accumulated_operating_revenue": 580165, 
        "long_term_average": 407712, 
        "date": "2013-02-28", 
        "operating_revenue": 224618, 
        "short_term_average": 332255
    }, 
    {
        "accumulated_operating_revenue_yoy": -39.78293838463621, 
        "accumulated_operating_revenue": 858446, 
        "long_term_average": 379600, 
        "date": "2013-03-31", 
        "operating_revenue": 278281, 
        "short_term_average": 286148
    }, 
    {
        "accumulated_operating_revenue_yoy": -39.2648899440588, 
        "accumulated_operating_revenue": 1185471, 
        "long_term_average": 362995, 
        "date": "2013-04-30", 
        "operating_revenue": 327025, 
        "short_term_average": 276641
    }, 
    {
        "accumulated_operating_revenue_yoy": -33.840419890698556, 
        "accumulated_operating_revenue": 1528369, 
        "long_term_average": 361716, 
        "date": "2013-05-31", 
        "operating_revenue": 342898, 
        "short_term_average": 316068
    }, 
    {
        "accumulated_operating_revenue_yoy": -33.29537516387403, 
        "accumulated_operating_revenue": 1812382, 
        "long_term_average": 351475, 
        "date": "2013-06-30", 
        "operating_revenue": 284013, 
        "short_term_average": 317978
    }, 
    {
        "accumulated_operating_revenue_yoy": -30.70726963463529, 
        "accumulated_operating_revenue": 2101248, 
        "long_term_average": 349264, 
        "date": "2013-07-31", 
        "operating_revenue": 288866, 
        "short_term_average": 305259
    }, 
    {
        "accumulated_operating_revenue_yoy": -27.54023865041194, 
        "accumulated_operating_revenue": 2455278, 
        "long_term_average": 349096, 
        "date": "2013-08-31", 
        "operating_revenue": 354030, 
        "short_term_average": 308969
    }, 
    {
        "accumulated_operating_revenue_yoy": -27.014186968217167, 
        "accumulated_operating_revenue": 2874990, 
        "long_term_average": 338185, 
        "date": "2013-09-30", 
        "operating_revenue": 419712, 
        "short_term_average": 354202
    }, 
    {
        "accumulated_operating_revenue_yoy": -25.16932248079789, 
        "accumulated_operating_revenue": 3263740, 
        "long_term_average": 335382, 
        "date": "2013-10-31", 
        "operating_revenue": 388750, 
        "short_term_average": 387497
    }, 
    {
        "accumulated_operating_revenue_yoy": -22.105816121050257, 
        "accumulated_operating_revenue": 3665504, 
        "long_term_average": 340175, 
        "date": "2013-11-30", 
        "operating_revenue": 401764, 
        "short_term_average": 403408
    }, 
    {
        "accumulated_operating_revenue_yoy": -18.873469964658792, 
        "accumulated_operating_revenue": 4155584, 
        "long_term_average": 346298, 
        "date": "2013-12-31", 
        "operating_revenue": 490080, 
        "short_term_average": 426864
    }, 
    {
        "accumulated_operating_revenue_yoy": 24.30536609787173, 
        "accumulated_operating_revenue": 441964, 
        "long_term_average": 353500, 
        "date": "2014-01-31", 
        "operating_revenue": 441964, 
        "short_term_average": 444602
    }, 
    {
        "accumulated_operating_revenue_yoy": 25.602371739074233, 
        "accumulated_operating_revenue": 728701, 
        "long_term_average": 358676, 
        "date": "2014-02-28", 
        "operating_revenue": 286737, 
        "short_term_average": 406260
    }, 
    {
        "accumulated_operating_revenue_yoy": 29.073814776934135, 
        "accumulated_operating_revenue": 1108029, 
        "long_term_average": 367097, 
        "date": "2014-03-31", 
        "operating_revenue": 379328, 
        "short_term_average": 369343
    }, 
    {
        "accumulated_operating_revenue_yoy": 23.239539389829023, 
        "accumulated_operating_revenue": 1460969, 
        "long_term_average": 369256, 
        "date": "2014-04-30", 
        "operating_revenue": 352940, 
        "short_term_average": 339668
    }, 
    {
        "accumulated_operating_revenue_yoy": 19.716835397734446, 
        "accumulated_operating_revenue": 1829715, 
        "long_term_average": 371410, 
        "date": "2014-05-31", 
        "operating_revenue": 368746, 
        "short_term_average": 367004
    }, 
    {
        "accumulated_operating_revenue_yoy": 17.24459854489837, 
        "accumulated_operating_revenue": 2124920, 
        "long_term_average": 372343, 
        "date": "2014-06-30", 
        "operating_revenue": 295205, 
        "short_term_average": 338963
    }, 
    {
        "accumulated_operating_revenue_yoy": 19.757258543494153, 
        "accumulated_operating_revenue": 2516397, 
        "long_term_average": 380894, 
        "date": "2014-07-31", 
        "operating_revenue": 391477, 
        "short_term_average": 351809
    }, 
    {
        "accumulated_operating_revenue_yoy": 20.995463650144707, 
        "accumulated_operating_revenue": 2970775, 
        "long_term_average": 389256, 
        "date": "2014-08-31", 
        "operating_revenue": 454378, 
        "short_term_average": 380353
    }, 
    {
        "accumulated_operating_revenue_yoy": 22.461260734819945, 
        "accumulated_operating_revenue": 3520749, 
        "long_term_average": 400111, 
        "date": "2014-09-30", 
        "operating_revenue": 549974, 
        "short_term_average": 465276
    }, 
    {
        "accumulated_operating_revenue_yoy": 19.86490958225839, 
        "accumulated_operating_revenue": 3912079, 
        "long_term_average": 400326, 
        "date": "2014-10-31", 
        "operating_revenue": 391330, 
        "short_term_average": 465227
    }, 
    {
        "accumulated_operating_revenue_yoy": 17.945908666311645, 
        "accumulated_operating_revenue": 4323312, 
        "long_term_average": 401116, 
        "date": "2014-11-30", 
        "operating_revenue": 411233, 
        "short_term_average": 450845
    }, 
    {
        "accumulated_operating_revenue_yoy": 11.83494305493524, 
        "accumulated_operating_revenue": 4647395, 
        "long_term_average": 387282, 
        "date": "2014-12-31", 
        "operating_revenue": 324083, 
        "short_term_average": 375548
    }, 
    {
        "accumulated_operating_revenue_yoy": -12.458028255695034, 
        "accumulated_operating_revenue": 386904, 
        "long_term_average": 382694, 
        "date": "2015-01-31", 
        "operating_revenue": 386904, 
        "short_term_average": 374073
    }, 
    {
        "accumulated_operating_revenue_yoy": -16.115251660145933, 
        "accumulated_operating_revenue": 611269, 
        "long_term_average": 377496, 
        "date": "2015-02-28", 
        "operating_revenue": 224365, 
        "short_term_average": 311784
    }, 
    {
        "accumulated_operating_revenue_yoy": -17.88211319378825, 
        "accumulated_operating_revenue": 909890, 
        "long_term_average": 370771, 
        "date": "2015-03-31", 
        "operating_revenue": 298621, 
        "short_term_average": 303296
    }, 
    {
        "accumulated_operating_revenue_yoy": -21.0077010532051, 
        "accumulated_operating_revenue": 1154053, 
        "long_term_average": 361706, 
        "date": "2015-04-30", 
        "operating_revenue": 244163, 
        "short_term_average": 255716
    }, 
    {
        "accumulated_operating_revenue_yoy": -25.316620347977693, 
        "accumulated_operating_revenue": 1366493, 
        "long_term_average": 348681, 
        "date": "2015-05-31", 
        "operating_revenue": 212440, 
        "short_term_average": 251741
    }, 
    {
        "accumulated_operating_revenue_yoy": -26.191338968055266, 
        "accumulated_operating_revenue": 1568375, 
        "long_term_average": 340904, 
        "date": "2015-06-30", 
        "operating_revenue": 201882, 
        "short_term_average": 219495
    }, 
    {
        "accumulated_operating_revenue_yoy": -27.265689793780552, 
        "accumulated_operating_revenue": 1830284, 
        "long_term_average": 330106, 
        "date": "2015-07-31", 
        "operating_revenue": 261909, 
        "short_term_average": 225410
    }, 
    {
        "accumulated_operating_revenue_yoy": -26.91560283091113, 
        "accumulated_operating_revenue": 2171173, 
        "long_term_average": 320649, 
        "date": "2015-08-31", 
        "operating_revenue": 340889, 
        "short_term_average": 268226
    }, 
    {
        "accumulated_operating_revenue_yoy": -28.404864987535323, 
        "accumulated_operating_revenue": 2520685, 
        "long_term_average": 303944, 
        "date": "2015-09-30", 
        "operating_revenue": 349512, 
        "short_term_average": 317436
    }, 
    {
        "accumulated_operating_revenue_yoy": -27.42454843064263, 
        "accumulated_operating_revenue": 2839209, 
        "long_term_average": 297877, 
        "date": "2015-10-31", 
        "operating_revenue": 318524, 
        "short_term_average": 336308
    }
]