[
    {
        "date": "2011-09-30", 
        "operating_revenue": 921946, 
        "accumulated_operating_revenue": 921946, 
        "long_term_average": 921946, 
        "short_term_average": 921946
    }, 
    {
        "date": "2011-10-31", 
        "operating_revenue": 930625, 
        "accumulated_operating_revenue": 1852571, 
        "long_term_average": 926285, 
        "short_term_average": 926285
    }, 
    {
        "date": "2011-11-30", 
        "operating_revenue": 855151, 
        "accumulated_operating_revenue": 2707722, 
        "long_term_average": 902574, 
        "short_term_average": 902574
    }, 
    {
        "date": "2011-12-31", 
        "operating_revenue": 815992, 
        "accumulated_operating_revenue": 3523714, 
        "long_term_average": 880928, 
        "short_term_average": 867256
    }, 
    {
        "date": "2012-01-31", 
        "operating_revenue": 658700, 
        "accumulated_operating_revenue": 658700, 
        "long_term_average": 836482, 
        "short_term_average": 776614
    }, 
    {
        "date": "2012-02-29", 
        "operating_revenue": 769512, 
        "accumulated_operating_revenue": 1428212, 
        "long_term_average": 825321, 
        "short_term_average": 748068
    }, 
    {
        "date": "2012-03-31", 
        "operating_revenue": 887096, 
        "accumulated_operating_revenue": 2315308, 
        "long_term_average": 834146, 
        "short_term_average": 771769
    }, 
    {
        "date": "2012-04-30", 
        "operating_revenue": 850438, 
        "accumulated_operating_revenue": 3165746, 
        "long_term_average": 836182, 
        "short_term_average": 835682
    }, 
    {
        "date": "2012-05-31", 
        "operating_revenue": 924286, 
        "accumulated_operating_revenue": 4090032, 
        "long_term_average": 845971, 
        "short_term_average": 887273
    }, 
    {
        "date": "2012-06-30", 
        "operating_revenue": 887680, 
        "accumulated_operating_revenue": 4977712, 
        "long_term_average": 850142, 
        "short_term_average": 887468
    }, 
    {
        "date": "2012-07-31", 
        "operating_revenue": 923473, 
        "accumulated_operating_revenue": 5901185, 
        "long_term_average": 856809, 
        "short_term_average": 911813
    }, 
    {
        "date": "2012-08-31", 
        "operating_revenue": 971735, 
        "accumulated_operating_revenue": 6872920, 
        "long_term_average": 866386, 
        "short_term_average": 927629
    }, 
    {
        "accumulated_operating_revenue_yoy": 761.8160933503698, 
        "accumulated_operating_revenue": 7945479, 
        "long_term_average": 878937, 
        "date": "2012-09-30", 
        "operating_revenue": 1072559, 
        "short_term_average": 989255
    }, 
    {
        "accumulated_operating_revenue_yoy": 384.24897075469715, 
        "accumulated_operating_revenue": 8971056, 
        "long_term_average": 886849, 
        "date": "2012-10-31", 
        "operating_revenue": 1025577, 
        "short_term_average": 1023290
    }, 
    {
        "accumulated_operating_revenue_yoy": 269.9126055038147, 
        "accumulated_operating_revenue": 10016205, 
        "long_term_average": 902683, 
        "date": "2012-11-30", 
        "operating_revenue": 1045149, 
        "short_term_average": 1047761
    }, 
    {
        "accumulated_operating_revenue_yoy": 210.21816753573077, 
        "accumulated_operating_revenue": 10931201, 
        "long_term_average": 910933, 
        "date": "2012-12-31", 
        "operating_revenue": 914996, 
        "short_term_average": 995240
    }, 
    {
        "accumulated_operating_revenue_yoy": 28.739790496432366, 
        "accumulated_operating_revenue": 848009, 
        "long_term_average": 926709, 
        "date": "2013-01-31", 
        "operating_revenue": 848009, 
        "short_term_average": 936051
    }, 
    {
        "accumulated_operating_revenue_yoy": 4.611220182998042, 
        "accumulated_operating_revenue": 1494070, 
        "long_term_average": 916421, 
        "date": "2013-02-28", 
        "operating_revenue": 646061, 
        "short_term_average": 803022
    }, 
    {
        "accumulated_operating_revenue_yoy": 0.5662745518090898, 
        "accumulated_operating_revenue": 2328419, 
        "long_term_average": 912026, 
        "date": "2013-03-31", 
        "operating_revenue": 834349, 
        "short_term_average": 776139
    }, 
    {
        "accumulated_operating_revenue_yoy": -1.064425257111594, 
        "accumulated_operating_revenue": 3132049, 
        "long_term_average": 908125, 
        "date": "2013-04-30", 
        "operating_revenue": 803630, 
        "short_term_average": 761346
    }, 
    {
        "accumulated_operating_revenue_yoy": -3.7725866203491805, 
        "accumulated_operating_revenue": 3935732, 
        "long_term_average": 898075, 
        "date": "2013-05-31", 
        "operating_revenue": 803683, 
        "short_term_average": 813887
    }, 
    {
        "accumulated_operating_revenue_yoy": -6.393881365575188, 
        "accumulated_operating_revenue": 4659443, 
        "long_term_average": 884411, 
        "date": "2013-06-30", 
        "operating_revenue": 723711, 
        "short_term_average": 777008
    }, 
    {
        "accumulated_operating_revenue_yoy": -8.043943716389165, 
        "accumulated_operating_revenue": 5426497, 
        "long_term_average": 871376, 
        "date": "2013-07-31", 
        "operating_revenue": 767054, 
        "short_term_average": 764816
    }, 
    {
        "accumulated_operating_revenue_yoy": -9.084974072155648, 
        "accumulated_operating_revenue": 6248517, 
        "long_term_average": 858899, 
        "date": "2013-08-31", 
        "operating_revenue": 822020, 
        "short_term_average": 770928
    }, 
    {
        "accumulated_operating_revenue_yoy": -10.596403313129391, 
        "accumulated_operating_revenue": 7103544, 
        "long_term_average": 840772, 
        "date": "2013-09-30", 
        "operating_revenue": 855027, 
        "short_term_average": 814700
    }, 
    {
        "accumulated_operating_revenue_yoy": -11.9117192000585, 
        "accumulated_operating_revenue": 7902449, 
        "long_term_average": 821882, 
        "date": "2013-10-31", 
        "operating_revenue": 798905, 
        "short_term_average": 825317
    }, 
    {
        "accumulated_operating_revenue_yoy": -13.310560237135721, 
        "accumulated_operating_revenue": 8682992, 
        "long_term_average": 799832, 
        "date": "2013-11-30", 
        "operating_revenue": 780543, 
        "short_term_average": 811491
    }, 
    {
        "accumulated_operating_revenue_yoy": -13.091260511996804, 
        "accumulated_operating_revenue": 9500169, 
        "long_term_average": 791680, 
        "date": "2013-12-31", 
        "operating_revenue": 817177, 
        "short_term_average": 798875
    }, 
    {
        "accumulated_operating_revenue_yoy": -6.6113685114191005, 
        "accumulated_operating_revenue": 791944, 
        "long_term_average": 787008, 
        "date": "2014-01-31", 
        "operating_revenue": 791944, 
        "short_term_average": 796554
    }, 
    {
        "accumulated_operating_revenue_yoy": -5.260061442904282, 
        "accumulated_operating_revenue": 1415481, 
        "long_term_average": 785131, 
        "date": "2014-02-28", 
        "operating_revenue": 623537, 
        "short_term_average": 744219
    }, 
    {
        "accumulated_operating_revenue_yoy": -6.968848819735624, 
        "accumulated_operating_revenue": 2166155, 
        "long_term_average": 778158, 
        "date": "2014-03-31", 
        "operating_revenue": 750674, 
        "short_term_average": 722051
    }, 
    {
        "accumulated_operating_revenue_yoy": -5.395956448957216, 
        "accumulated_operating_revenue": 2963045, 
        "long_term_average": 777597, 
        "date": "2014-04-30", 
        "operating_revenue": 796890, 
        "short_term_average": 723700
    }, 
    {
        "accumulated_operating_revenue_yoy": -4.403450234924533, 
        "accumulated_operating_revenue": 3762424, 
        "long_term_average": 777238, 
        "date": "2014-05-31", 
        "operating_revenue": 799379, 
        "short_term_average": 782314
    }, 
    {
        "accumulated_operating_revenue_yoy": -2.909382087086375, 
        "accumulated_operating_revenue": 4523882, 
        "long_term_average": 780384, 
        "date": "2014-06-30", 
        "operating_revenue": 761458, 
        "short_term_average": 785909
    }, 
    {
        "accumulated_operating_revenue_yoy": -1.6890822937891607, 
        "accumulated_operating_revenue": 5334839, 
        "long_term_average": 784042, 
        "date": "2014-07-31", 
        "operating_revenue": 810957, 
        "short_term_average": 790598
    }, 
    {
        "accumulated_operating_revenue_yoy": -1.6082536064157302, 
        "accumulated_operating_revenue": 6148025, 
        "long_term_average": 783306, 
        "date": "2014-08-31", 
        "operating_revenue": 813186, 
        "short_term_average": 795200
    }, 
    {
        "accumulated_operating_revenue_yoy": -0.8496040849468941, 
        "accumulated_operating_revenue": 7043192, 
        "long_term_average": 786651, 
        "date": "2014-09-30", 
        "operating_revenue": 895167, 
        "short_term_average": 839770
    }, 
    {
        "accumulated_operating_revenue_yoy": -0.5160678670624764, 
        "accumulated_operating_revenue": 7861667, 
        "long_term_average": 788282, 
        "date": "2014-10-31", 
        "operating_revenue": 818475, 
        "short_term_average": 842276
    }, 
    {
        "accumulated_operating_revenue_yoy": 0.026580699371829435, 
        "accumulated_operating_revenue": 8685300, 
        "long_term_average": 791873, 
        "date": "2014-11-30", 
        "operating_revenue": 823633, 
        "short_term_average": 845758
    }, 
    {
        "accumulated_operating_revenue_yoy": 0.2744582754264687, 
        "accumulated_operating_revenue": 9526243, 
        "long_term_average": 793853, 
        "date": "2014-12-31", 
        "operating_revenue": 840943, 
        "short_term_average": 827683
    }, 
    {
        "accumulated_operating_revenue_yoy": 0.08775873041528189, 
        "accumulated_operating_revenue": 792639, 
        "long_term_average": 793911, 
        "date": "2015-01-31", 
        "operating_revenue": 792639, 
        "short_term_average": 819071
    }, 
    {
        "accumulated_operating_revenue_yoy": -1.2635280869188636, 
        "accumulated_operating_revenue": 1397596, 
        "long_term_average": 792363, 
        "date": "2015-02-28", 
        "operating_revenue": 604957, 
        "short_term_average": 746179
    }, 
    {
        "accumulated_operating_revenue_yoy": -1.43507736057669, 
        "accumulated_operating_revenue": 2135069, 
        "long_term_average": 791263, 
        "date": "2015-03-31", 
        "operating_revenue": 737473, 
        "short_term_average": 711689
    }, 
    {
        "accumulated_operating_revenue_yoy": -2.4579781947287334, 
        "accumulated_operating_revenue": 2890214, 
        "long_term_average": 787784, 
        "date": "2015-04-30", 
        "operating_revenue": 755145, 
        "short_term_average": 699191
    }, 
    {
        "accumulated_operating_revenue_yoy": -3.0785738130524365, 
        "accumulated_operating_revenue": 3646595, 
        "long_term_average": 784201, 
        "date": "2015-05-31", 
        "operating_revenue": 756381, 
        "short_term_average": 749666
    }, 
    {
        "accumulated_operating_revenue_yoy": -3.74340002679115, 
        "accumulated_operating_revenue": 4354535, 
        "long_term_average": 779741, 
        "date": "2015-06-30", 
        "operating_revenue": 707940, 
        "short_term_average": 739822
    }, 
    {
        "accumulated_operating_revenue_yoy": -4.564598856685272, 
        "accumulated_operating_revenue": 5091325, 
        "long_term_average": 773560, 
        "date": "2015-07-31", 
        "operating_revenue": 736790, 
        "short_term_average": 733703
    }, 
    {
        "accumulated_operating_revenue_yoy": -4.073015317927302, 
        "accumulated_operating_revenue": 5897615, 
        "long_term_average": 772986, 
        "date": "2015-08-31", 
        "operating_revenue": 806290, 
        "short_term_average": 750340
    }
]