[
    {
        "date": "2011-09-30", 
        "operating_revenue": 351358, 
        "accumulated_operating_revenue": 351358, 
        "long_term_average": 351358, 
        "short_term_average": 351358
    }, 
    {
        "date": "2011-10-31", 
        "operating_revenue": 274734, 
        "accumulated_operating_revenue": 626092, 
        "long_term_average": 313046, 
        "short_term_average": 313046
    }, 
    {
        "date": "2011-11-30", 
        "operating_revenue": 211798, 
        "accumulated_operating_revenue": 837890, 
        "long_term_average": 279296, 
        "short_term_average": 279296
    }, 
    {
        "date": "2011-12-31", 
        "operating_revenue": 122146, 
        "accumulated_operating_revenue": 960036, 
        "long_term_average": 240009, 
        "short_term_average": 202892
    }, 
    {
        "date": "2012-01-31", 
        "operating_revenue": 174619, 
        "accumulated_operating_revenue": 174619, 
        "long_term_average": 226931, 
        "short_term_average": 169521
    }, 
    {
        "date": "2012-02-29", 
        "operating_revenue": 131700, 
        "accumulated_operating_revenue": 306319, 
        "long_term_average": 211059, 
        "short_term_average": 142821
    }, 
    {
        "date": "2012-03-31", 
        "operating_revenue": 154816, 
        "accumulated_operating_revenue": 461135, 
        "long_term_average": 203024, 
        "short_term_average": 153711
    }, 
    {
        "date": "2012-04-30", 
        "operating_revenue": 196412, 
        "accumulated_operating_revenue": 657547, 
        "long_term_average": 202197, 
        "short_term_average": 160976
    }, 
    {
        "date": "2012-05-31", 
        "operating_revenue": 192164, 
        "accumulated_operating_revenue": 849711, 
        "long_term_average": 201083, 
        "short_term_average": 181130
    }, 
    {
        "date": "2012-06-30", 
        "operating_revenue": 160880, 
        "accumulated_operating_revenue": 1010591, 
        "long_term_average": 197062, 
        "short_term_average": 183152
    }, 
    {
        "date": "2012-07-31", 
        "operating_revenue": 187086, 
        "accumulated_operating_revenue": 1197677, 
        "long_term_average": 196155, 
        "short_term_average": 180043
    }, 
    {
        "date": "2012-08-31", 
        "operating_revenue": 198910, 
        "accumulated_operating_revenue": 1396587, 
        "long_term_average": 196385, 
        "short_term_average": 182292
    }, 
    {
        "accumulated_operating_revenue_yoy": 353.90143386517457, 
        "accumulated_operating_revenue": 1594819, 
        "long_term_average": 183624, 
        "date": "2012-09-30", 
        "operating_revenue": 198232, 
        "short_term_average": 194742
    }, 
    {
        "accumulated_operating_revenue_yoy": 185.94519655258333, 
        "accumulated_operating_revenue": 1790280, 
        "long_term_average": 177018, 
        "date": "2012-10-31", 
        "operating_revenue": 195461, 
        "short_term_average": 197534
    }, 
    {
        "accumulated_operating_revenue_yoy": 144.9221258160379, 
        "accumulated_operating_revenue": 2052178, 
        "long_term_average": 181193, 
        "date": "2012-11-30", 
        "operating_revenue": 261898, 
        "short_term_average": 218530
    }, 
    {
        "accumulated_operating_revenue_yoy": 139.41268869084075, 
        "accumulated_operating_revenue": 2298448, 
        "long_term_average": 191537, 
        "date": "2012-12-31", 
        "operating_revenue": 246270, 
        "short_term_average": 234543
    }, 
    {
        "accumulated_operating_revenue_yoy": -32.40655369690584, 
        "accumulated_operating_revenue": 118031, 
        "long_term_average": 186821, 
        "date": "2013-01-31", 
        "operating_revenue": 118031, 
        "short_term_average": 208733
    }, 
    {
        "accumulated_operating_revenue_yoy": -34.46733633891466, 
        "accumulated_operating_revenue": 200739, 
        "long_term_average": 182739, 
        "date": "2013-02-28", 
        "operating_revenue": 82708, 
        "short_term_average": 149003
    }, 
    {
        "accumulated_operating_revenue_yoy": -32.76545913886389, 
        "accumulated_operating_revenue": 310042, 
        "long_term_average": 178946, 
        "date": "2013-03-31", 
        "operating_revenue": 109303, 
        "short_term_average": 103347
    }, 
    {
        "accumulated_operating_revenue_yoy": -31.366274958291957, 
        "accumulated_operating_revenue": 451299, 
        "long_term_average": 174350, 
        "date": "2013-04-30", 
        "operating_revenue": 141257, 
        "short_term_average": 111089
    }, 
    {
        "accumulated_operating_revenue_yoy": -29.16509260207294, 
        "accumulated_operating_revenue": 601892, 
        "long_term_average": 170885, 
        "date": "2013-05-31", 
        "operating_revenue": 150593, 
        "short_term_average": 133717
    }, 
    {
        "accumulated_operating_revenue_yoy": -26.955217293643024, 
        "accumulated_operating_revenue": 738184, 
        "long_term_average": 168836, 
        "date": "2013-06-30", 
        "operating_revenue": 136292, 
        "short_term_average": 142714
    }, 
    {
        "accumulated_operating_revenue_yoy": -25.71219118343259, 
        "accumulated_operating_revenue": 889728, 
        "long_term_average": 165874, 
        "date": "2013-07-31", 
        "operating_revenue": 151544, 
        "short_term_average": 146143
    }, 
    {
        "accumulated_operating_revenue_yoy": -24.730575323986262, 
        "accumulated_operating_revenue": 1051203, 
        "long_term_average": 162755, 
        "date": "2013-08-31", 
        "operating_revenue": 161475, 
        "short_term_average": 149770
    }, 
    {
        "accumulated_operating_revenue_yoy": -23.74846299172508, 
        "accumulated_operating_revenue": 1216074, 
        "long_term_average": 159975, 
        "date": "2013-09-30", 
        "operating_revenue": 164871, 
        "short_term_average": 159296
    }, 
    {
        "accumulated_operating_revenue_yoy": -20.12713095158299, 
        "accumulated_operating_revenue": 1429948, 
        "long_term_average": 161509, 
        "date": "2013-10-31", 
        "operating_revenue": 213874, 
        "short_term_average": 180073
    }, 
    {
        "accumulated_operating_revenue_yoy": -20.694598616689195, 
        "accumulated_operating_revenue": 1627488, 
        "long_term_average": 156146, 
        "date": "2013-11-30", 
        "operating_revenue": 197540, 
        "short_term_average": 192095
    }, 
    {
        "accumulated_operating_revenue_yoy": -21.26730733085978, 
        "accumulated_operating_revenue": 1809630, 
        "long_term_average": 150802, 
        "date": "2013-12-31", 
        "operating_revenue": 182142, 
        "short_term_average": 197852
    }, 
    {
        "accumulated_operating_revenue_yoy": 13.51763519753285, 
        "accumulated_operating_revenue": 133986, 
        "long_term_average": 152132, 
        "date": "2014-01-31", 
        "operating_revenue": 133986, 
        "short_term_average": 171222
    }, 
    {
        "accumulated_operating_revenue_yoy": 14.059051803585751, 
        "accumulated_operating_revenue": 228961, 
        "long_term_average": 153154, 
        "date": "2014-02-28", 
        "operating_revenue": 94975, 
        "short_term_average": 137034
    }, 
    {
        "accumulated_operating_revenue_yoy": 13.084033776069049, 
        "accumulated_operating_revenue": 350608, 
        "long_term_average": 154183, 
        "date": "2014-03-31", 
        "operating_revenue": 121647, 
        "short_term_average": 116869
    }, 
    {
        "accumulated_operating_revenue_yoy": 0.4491479041610994, 
        "accumulated_operating_revenue": 453326, 
        "long_term_average": 150971, 
        "date": "2014-04-30", 
        "operating_revenue": 102718, 
        "short_term_average": 106446
    }, 
    {
        "accumulated_operating_revenue_yoy": -7.397174243884284, 
        "accumulated_operating_revenue": 557369, 
        "long_term_average": 147092, 
        "date": "2014-05-31", 
        "operating_revenue": 104043, 
        "short_term_average": 109469
    }, 
    {
        "accumulated_operating_revenue_yoy": -8.658545836810335, 
        "accumulated_operating_revenue": 674268, 
        "long_term_average": 145476, 
        "date": "2014-06-30", 
        "operating_revenue": 116899, 
        "short_term_average": 107886
    }, 
    {
        "accumulated_operating_revenue_yoy": -7.055864264134656, 
        "accumulated_operating_revenue": 826950, 
        "long_term_average": 145571, 
        "date": "2014-07-31", 
        "operating_revenue": 152682, 
        "short_term_average": 124541
    }, 
    {
        "accumulated_operating_revenue_yoy": -6.308106046120493, 
        "accumulated_operating_revenue": 984892, 
        "long_term_average": 145276, 
        "date": "2014-08-31", 
        "operating_revenue": 157942, 
        "short_term_average": 142507
    }, 
    {
        "accumulated_operating_revenue_yoy": -6.853201367679927, 
        "accumulated_operating_revenue": 1132734, 
        "long_term_average": 143857, 
        "date": "2014-09-30", 
        "operating_revenue": 147842, 
        "short_term_average": 152822
    }, 
    {
        "accumulated_operating_revenue_yoy": -7.994556445409204, 
        "accumulated_operating_revenue": 1315630, 
        "long_term_average": 141276, 
        "date": "2014-10-31", 
        "operating_revenue": 182896, 
        "short_term_average": 162893
    }, 
    {
        "accumulated_operating_revenue_yoy": -11.143062191549186, 
        "accumulated_operating_revenue": 1446136, 
        "long_term_average": 135689, 
        "date": "2014-11-30", 
        "operating_revenue": 130506, 
        "short_term_average": 153748
    }, 
    {
        "accumulated_operating_revenue_yoy": -11.719743815034013, 
        "accumulated_operating_revenue": 1597546, 
        "long_term_average": 133128, 
        "date": "2014-12-31", 
        "operating_revenue": 151410, 
        "short_term_average": 154937
    }, 
    {
        "accumulated_operating_revenue_yoy": 20.05881211469855, 
        "accumulated_operating_revenue": 160862, 
        "long_term_average": 135368, 
        "date": "2015-01-31", 
        "operating_revenue": 160862, 
        "short_term_average": 147592
    }, 
    {
        "accumulated_operating_revenue_yoy": -0.11399321281790348, 
        "accumulated_operating_revenue": 228700, 
        "long_term_average": 133107, 
        "date": "2015-02-28", 
        "operating_revenue": 67838, 
        "short_term_average": 126703
    }, 
    {
        "accumulated_operating_revenue_yoy": -8.406254278282297, 
        "accumulated_operating_revenue": 321135, 
        "long_term_average": 130672, 
        "date": "2015-03-31", 
        "operating_revenue": 92435, 
        "short_term_average": 107045
    }, 
    {
        "accumulated_operating_revenue_yoy": -5.190745732651558, 
        "accumulated_operating_revenue": 429795, 
        "long_term_average": 131167, 
        "date": "2015-04-30", 
        "operating_revenue": 108660, 
        "short_term_average": 89644
    }, 
    {
        "accumulated_operating_revenue_yoy": -3.98694581148216, 
        "accumulated_operating_revenue": 535147, 
        "long_term_average": 131277, 
        "date": "2015-05-31", 
        "operating_revenue": 105352, 
        "short_term_average": 102149
    }, 
    {
        "accumulated_operating_revenue_yoy": -5.838331345992988, 
        "accumulated_operating_revenue": 634902, 
        "long_term_average": 129848, 
        "date": "2015-06-30", 
        "operating_revenue": 99755, 
        "short_term_average": 104589
    }, 
    {
        "accumulated_operating_revenue_yoy": -9.723320636072314, 
        "accumulated_operating_revenue": 746543, 
        "long_term_average": 126428, 
        "date": "2015-07-31", 
        "operating_revenue": 111641, 
        "short_term_average": 105582
    }, 
    {
        "accumulated_operating_revenue_yoy": -11.545631399178793, 
        "accumulated_operating_revenue": 871180, 
        "long_term_average": 123652, 
        "date": "2015-08-31", 
        "operating_revenue": 124637, 
        "short_term_average": 112011
    }
]