[
    {
        "date": "2011-09-30", 
        "operating_revenue": 3506221, 
        "accumulated_operating_revenue": 3506221, 
        "long_term_average": 3506221, 
        "short_term_average": 3506221
    }, 
    {
        "date": "2011-10-31", 
        "operating_revenue": 3159185, 
        "accumulated_operating_revenue": 6665406, 
        "long_term_average": 3332703, 
        "short_term_average": 3332703
    }, 
    {
        "date": "2011-11-30", 
        "operating_revenue": 3265388, 
        "accumulated_operating_revenue": 9930794, 
        "long_term_average": 3310264, 
        "short_term_average": 3310264
    }, 
    {
        "date": "2011-12-31", 
        "operating_revenue": 3138307, 
        "accumulated_operating_revenue": 13069101, 
        "long_term_average": 3267275, 
        "short_term_average": 3187626
    }, 
    {
        "date": "2012-01-31", 
        "operating_revenue": 2814705, 
        "accumulated_operating_revenue": 2814705, 
        "long_term_average": 3176761, 
        "short_term_average": 3072800
    }, 
    {
        "date": "2012-02-29", 
        "operating_revenue": 3154029, 
        "accumulated_operating_revenue": 5968734, 
        "long_term_average": 3172972, 
        "short_term_average": 3035680
    }, 
    {
        "date": "2012-03-31", 
        "operating_revenue": 3381180, 
        "accumulated_operating_revenue": 9349914, 
        "long_term_average": 3202716, 
        "short_term_average": 3116638
    }, 
    {
        "date": "2012-04-30", 
        "operating_revenue": 3429356, 
        "accumulated_operating_revenue": 12779270, 
        "long_term_average": 3231046, 
        "short_term_average": 3321521
    }, 
    {
        "date": "2012-05-31", 
        "operating_revenue": 3492493, 
        "accumulated_operating_revenue": 16271763, 
        "long_term_average": 3260096, 
        "short_term_average": 3434343
    }, 
    {
        "date": "2012-06-30", 
        "operating_revenue": 3102736, 
        "accumulated_operating_revenue": 19374499, 
        "long_term_average": 3244360, 
        "short_term_average": 3341528
    }, 
    {
        "date": "2012-07-31", 
        "operating_revenue": 3304768, 
        "accumulated_operating_revenue": 22679267, 
        "long_term_average": 3249851, 
        "short_term_average": 3299999
    }, 
    {
        "date": "2012-08-31", 
        "operating_revenue": 3250995, 
        "accumulated_operating_revenue": 25930262, 
        "long_term_average": 3249946, 
        "short_term_average": 3219499
    }, 
    {
        "accumulated_operating_revenue_yoy": 733.9804307828856, 
        "accumulated_operating_revenue": 29241197, 
        "long_term_average": 3233673, 
        "date": "2012-09-30", 
        "operating_revenue": 3310935, 
        "short_term_average": 3288899
    }, 
    {
        "accumulated_operating_revenue_yoy": 390.60963428184266, 
        "accumulated_operating_revenue": 32701124, 
        "long_term_average": 3258734, 
        "date": "2012-10-31", 
        "operating_revenue": 3459927, 
        "short_term_average": 3340619
    }, 
    {
        "accumulated_operating_revenue_yoy": 262.12219284782265, 
        "accumulated_operating_revenue": 35961609, 
        "long_term_average": 3258326, 
        "date": "2012-11-30", 
        "operating_revenue": 3260485, 
        "short_term_average": 3343782
    }, 
    {
        "accumulated_operating_revenue_yoy": 199.33610582701903, 
        "accumulated_operating_revenue": 39120538, 
        "long_term_average": 3260044, 
        "date": "2012-12-31", 
        "operating_revenue": 3158929, 
        "short_term_average": 3293113
    }, 
    {
        "accumulated_operating_revenue_yoy": 29.61297898003521, 
        "accumulated_operating_revenue": 3648223, 
        "long_term_average": 3329504, 
        "date": "2013-01-31", 
        "operating_revenue": 3648223, 
        "short_term_average": 3355879
    }, 
    {
        "accumulated_operating_revenue_yoy": 10.886680492044041, 
        "accumulated_operating_revenue": 6618531, 
        "long_term_average": 3314194, 
        "date": "2013-02-28", 
        "operating_revenue": 2970308, 
        "short_term_average": 3259153
    }, 
    {
        "accumulated_operating_revenue_yoy": 6.9749732457432225, 
        "accumulated_operating_revenue": 10002068, 
        "long_term_average": 3314391, 
        "date": "2013-03-31", 
        "operating_revenue": 3383537, 
        "short_term_average": 3334022
    }, 
    {
        "accumulated_operating_revenue_yoy": 5.11025277656705, 
        "accumulated_operating_revenue": 13432323, 
        "long_term_average": 3314465, 
        "date": "2013-04-30", 
        "operating_revenue": 3430255, 
        "short_term_average": 3261366
    }, 
    {
        "accumulated_operating_revenue_yoy": 4.508294522234622, 
        "accumulated_operating_revenue": 17005342, 
        "long_term_average": 3321176, 
        "date": "2013-05-31", 
        "operating_revenue": 3573019, 
        "short_term_average": 3462270
    }, 
    {
        "accumulated_operating_revenue_yoy": 4.411221162415607, 
        "accumulated_operating_revenue": 20229151, 
        "long_term_average": 3331265, 
        "date": "2013-06-30", 
        "operating_revenue": 3223809, 
        "short_term_average": 3409027
    }, 
    {
        "accumulated_operating_revenue_yoy": 4.199461120149959, 
        "accumulated_operating_revenue": 23631674, 
        "long_term_average": 3339412, 
        "date": "2013-07-31", 
        "operating_revenue": 3402523, 
        "short_term_average": 3399783
    }, 
    {
        "accumulated_operating_revenue_yoy": 4.671761511703969, 
        "accumulated_operating_revenue": 27141662, 
        "long_term_average": 3360994, 
        "date": "2013-08-31", 
        "operating_revenue": 3509988, 
        "short_term_average": 3378773
    }, 
    {
        "accumulated_operating_revenue_yoy": 4.174302440491749, 
        "accumulated_operating_revenue": 30461813, 
        "long_term_average": 3361762, 
        "date": "2013-09-30", 
        "operating_revenue": 3320151, 
        "short_term_average": 3410887
    }, 
    {
        "accumulated_operating_revenue_yoy": 3.654874370679124, 
        "accumulated_operating_revenue": 33896309, 
        "long_term_average": 3359643, 
        "date": "2013-10-31", 
        "operating_revenue": 3434496, 
        "short_term_average": 3421545
    }, 
    {
        "accumulated_operating_revenue_yoy": 3.9382386922676345, 
        "accumulated_operating_revenue": 37377863, 
        "long_term_average": 3378066, 
        "date": "2013-11-30", 
        "operating_revenue": 3481554, 
        "short_term_average": 3412067
    }, 
    {
        "accumulated_operating_revenue_yoy": 4.220711381832223, 
        "accumulated_operating_revenue": 40771703, 
        "long_term_average": 3397641, 
        "date": "2013-12-31", 
        "operating_revenue": 3393840, 
        "short_term_average": 3436630
    }, 
    {
        "accumulated_operating_revenue_yoy": 0.0262045384835302, 
        "accumulated_operating_revenue": 3649179, 
        "long_term_average": 3397721, 
        "date": "2014-01-31", 
        "operating_revenue": 3649179, 
        "short_term_average": 3508191
    }, 
    {
        "accumulated_operating_revenue_yoy": -2.329535058459347, 
        "accumulated_operating_revenue": 6464350, 
        "long_term_average": 3384793, 
        "date": "2014-02-28", 
        "operating_revenue": 2815171, 
        "short_term_average": 3286063
    }, 
    {
        "accumulated_operating_revenue_yoy": -1.7222738337711763, 
        "accumulated_operating_revenue": 9829805, 
        "long_term_average": 3383286, 
        "date": "2014-03-31", 
        "operating_revenue": 3365455, 
        "short_term_average": 3276601
    }, 
    {
        "accumulated_operating_revenue_yoy": -0.7933772885002841, 
        "accumulated_operating_revenue": 13325754, 
        "long_term_average": 3388761, 
        "date": "2014-04-30", 
        "operating_revenue": 3495949, 
        "short_term_average": 3225525
    }, 
    {
        "accumulated_operating_revenue_yoy": -1.3089004619842401, 
        "accumulated_operating_revenue": 16782759, 
        "long_term_average": 3379093, 
        "date": "2014-05-31", 
        "operating_revenue": 3457005, 
        "short_term_average": 3439469
    }, 
    {
        "accumulated_operating_revenue_yoy": -0.30375471516328095, 
        "accumulated_operating_revenue": 20167704, 
        "long_term_average": 3392521, 
        "date": "2014-06-30", 
        "operating_revenue": 3384945, 
        "short_term_average": 3445966
    }, 
    {
        "accumulated_operating_revenue_yoy": 0.8646700187214837, 
        "accumulated_operating_revenue": 23836010, 
        "long_term_average": 3414669, 
        "date": "2014-07-31", 
        "operating_revenue": 3668306, 
        "short_term_average": 3503418
    }, 
    {
        "accumulated_operating_revenue_yoy": 1.4723748309886109, 
        "accumulated_operating_revenue": 27541289, 
        "long_term_average": 3430944, 
        "date": "2014-08-31", 
        "operating_revenue": 3705279, 
        "short_term_average": 3586176
    }, 
    {
        "accumulated_operating_revenue_yoy": 2.9909874372874654, 
        "accumulated_operating_revenue": 31372922, 
        "long_term_average": 3473567, 
        "date": "2014-09-30", 
        "operating_revenue": 3831633, 
        "short_term_average": 3735072
    }, 
    {
        "accumulated_operating_revenue_yoy": 3.817539543907273, 
        "accumulated_operating_revenue": 35190314, 
        "long_term_average": 3505475, 
        "date": "2014-10-31", 
        "operating_revenue": 3817392, 
        "short_term_average": 3784768
    }, 
    {
        "accumulated_operating_revenue_yoy": 3.873637719738017, 
        "accumulated_operating_revenue": 38825746, 
        "long_term_average": 3518298, 
        "date": "2014-11-30", 
        "operating_revenue": 3635432, 
        "short_term_average": 3761485
    }, 
    {
        "accumulated_operating_revenue_yoy": 4.0753141952397725, 
        "accumulated_operating_revenue": 42433278, 
        "long_term_average": 3536106, 
        "date": "2014-12-31", 
        "operating_revenue": 3607532, 
        "short_term_average": 3686785
    }, 
    {
        "accumulated_operating_revenue_yoy": 5.456569820225316, 
        "accumulated_operating_revenue": 3848299, 
        "long_term_average": 3552699, 
        "date": "2015-01-31", 
        "operating_revenue": 3848299, 
        "short_term_average": 3697087
    }, 
    {
        "accumulated_operating_revenue_yoy": 4.866753811288064, 
        "accumulated_operating_revenue": 6778954, 
        "long_term_average": 3562323, 
        "date": "2015-02-28", 
        "operating_revenue": 2930655, 
        "short_term_average": 3462162
    }, 
    {
        "accumulated_operating_revenue_yoy": 1.659178386549886, 
        "accumulated_operating_revenue": 9992899, 
        "long_term_average": 3549697, 
        "date": "2015-03-31", 
        "operating_revenue": 3213945, 
        "short_term_average": 3330966
    }, 
    {
        "accumulated_operating_revenue_yoy": 0.7600170316816595, 
        "accumulated_operating_revenue": 13427032, 
        "long_term_average": 3544546, 
        "date": "2015-04-30", 
        "operating_revenue": 3434133, 
        "short_term_average": 3192911
    }, 
    {
        "accumulated_operating_revenue_yoy": -0.23225025158259138, 
        "accumulated_operating_revenue": 16743781, 
        "long_term_average": 3532858, 
        "date": "2015-05-31", 
        "operating_revenue": 3316749, 
        "short_term_average": 3321609
    }, 
    {
        "accumulated_operating_revenue_yoy": 0.2903305205193412, 
        "accumulated_operating_revenue": 20226257, 
        "long_term_average": 3540985, 
        "date": "2015-06-30", 
        "operating_revenue": 3482476, 
        "short_term_average": 3411119
    }, 
    {
        "accumulated_operating_revenue_yoy": 0.9209469202270011, 
        "accumulated_operating_revenue": 24055527, 
        "long_term_average": 3554399, 
        "date": "2015-07-31", 
        "operating_revenue": 3829270, 
        "short_term_average": 3542831
    }, 
    {
        "accumulated_operating_revenue_yoy": 1.7411276574600412, 
        "accumulated_operating_revenue": 28020818, 
        "long_term_average": 3576067, 
        "date": "2015-08-31", 
        "operating_revenue": 3965291, 
        "short_term_average": 3759012
    }, 
    {
        "accumulated_operating_revenue_yoy": 2.5421412771178917, 
        "accumulated_operating_revenue": 32170466, 
        "long_term_average": 3602568, 
        "date": "2015-09-30", 
        "operating_revenue": 4149648, 
        "short_term_average": 3981403
    }, 
    {
        "accumulated_operating_revenue_yoy": 2.414047797356966, 
        "accumulated_operating_revenue": 36039825, 
        "long_term_average": 3606899, 
        "date": "2015-10-31", 
        "operating_revenue": 3869359, 
        "short_term_average": 3994766
    }
]