[
    {
        "date": "2011-09-30", 
        "operating_revenue": 7338079, 
        "accumulated_operating_revenue": 7338079, 
        "long_term_average": 7338079, 
        "short_term_average": 7338079
    }, 
    {
        "date": "2011-10-31", 
        "operating_revenue": 7550265, 
        "accumulated_operating_revenue": 14888344, 
        "long_term_average": 7444172, 
        "short_term_average": 7444172
    }, 
    {
        "date": "2011-11-30", 
        "operating_revenue": 7506597, 
        "accumulated_operating_revenue": 22394941, 
        "long_term_average": 7464980, 
        "short_term_average": 7464980
    }, 
    {
        "date": "2011-12-31", 
        "operating_revenue": 8386357, 
        "accumulated_operating_revenue": 30781298, 
        "long_term_average": 7695324, 
        "short_term_average": 7814406
    }, 
    {
        "date": "2012-01-31", 
        "operating_revenue": 8906465, 
        "accumulated_operating_revenue": 8906465, 
        "long_term_average": 7937552, 
        "short_term_average": 8266473
    }, 
    {
        "date": "2012-02-29", 
        "operating_revenue": 7783535, 
        "accumulated_operating_revenue": 16690000, 
        "long_term_average": 7911883, 
        "short_term_average": 8358785
    }, 
    {
        "date": "2012-03-31", 
        "operating_revenue": 8069775, 
        "accumulated_operating_revenue": 24759775, 
        "long_term_average": 7934439, 
        "short_term_average": 8253258
    }, 
    {
        "date": "2012-04-30", 
        "operating_revenue": 7748175, 
        "accumulated_operating_revenue": 32507950, 
        "long_term_average": 7911156, 
        "short_term_average": 7867161
    }, 
    {
        "date": "2012-05-31", 
        "operating_revenue": 8044019, 
        "accumulated_operating_revenue": 40551969, 
        "long_term_average": 7925918, 
        "short_term_average": 7953989
    }, 
    {
        "date": "2012-06-30", 
        "operating_revenue": 8113094, 
        "accumulated_operating_revenue": 48665063, 
        "long_term_average": 7944636, 
        "short_term_average": 7968429
    }, 
    {
        "date": "2012-07-31", 
        "operating_revenue": 8402850, 
        "accumulated_operating_revenue": 57067913, 
        "long_term_average": 7986291, 
        "short_term_average": 8186654
    }, 
    {
        "date": "2012-08-31", 
        "operating_revenue": 8369180, 
        "accumulated_operating_revenue": 65437093, 
        "long_term_average": 8018199, 
        "short_term_average": 8295041
    }, 
    {
        "accumulated_operating_revenue_yoy": 899.5971697769947, 
        "accumulated_operating_revenue": 73351230, 
        "long_term_average": 8066204, 
        "date": "2012-09-30", 
        "operating_revenue": 7914137, 
        "short_term_average": 8228722
    }, 
    {
        "accumulated_operating_revenue_yoy": 448.660267387696, 
        "accumulated_operating_revenue": 81686428, 
        "long_term_average": 8131615, 
        "date": "2012-10-31", 
        "operating_revenue": 8335198, 
        "short_term_average": 8206171
    }, 
    {
        "accumulated_operating_revenue_yoy": 301.52979192934686, 
        "accumulated_operating_revenue": 89922360, 
        "long_term_average": 8192393, 
        "date": "2012-11-30", 
        "operating_revenue": 8235932, 
        "short_term_average": 8161755
    }, 
    {
        "accumulated_operating_revenue_yoy": 224.02874953486366, 
        "accumulated_operating_revenue": 99740255, 
        "long_term_average": 8311687, 
        "date": "2012-12-31", 
        "operating_revenue": 9817895, 
        "short_term_average": 8796341
    }, 
    {
        "accumulated_operating_revenue_yoy": 4.727666925093176, 
        "accumulated_operating_revenue": 9327533, 
        "long_term_average": 8346776, 
        "date": "2013-01-31", 
        "operating_revenue": 9327533, 
        "short_term_average": 9127120
    }, 
    {
        "accumulated_operating_revenue_yoy": 7.012810065907729, 
        "accumulated_operating_revenue": 17860438, 
        "long_term_average": 8409224, 
        "date": "2013-02-28", 
        "operating_revenue": 8532905, 
        "short_term_average": 9226111
    }, 
    {
        "accumulated_operating_revenue_yoy": 6.4494931799662965, 
        "accumulated_operating_revenue": 26356655, 
        "long_term_average": 8444761, 
        "date": "2013-03-31", 
        "operating_revenue": 8496217, 
        "short_term_average": 8785551
    }, 
    {
        "accumulated_operating_revenue_yoy": 7.501983360993234, 
        "accumulated_operating_revenue": 34946691, 
        "long_term_average": 8514916, 
        "date": "2013-04-30", 
        "operating_revenue": 8590036, 
        "short_term_average": 8539719
    }, 
    {
        "accumulated_operating_revenue_yoy": 8.821971135359666, 
        "accumulated_operating_revenue": 44129452, 
        "long_term_average": 8609811, 
        "date": "2013-05-31", 
        "operating_revenue": 9182761, 
        "short_term_average": 8756338
    }, 
    {
        "accumulated_operating_revenue_yoy": 8.734461106112203, 
        "accumulated_operating_revenue": 52915694, 
        "long_term_average": 8665907, 
        "date": "2013-06-30", 
        "operating_revenue": 8786242, 
        "short_term_average": 8853013
    }, 
    {
        "accumulated_operating_revenue_yoy": 8.617658753352343, 
        "accumulated_operating_revenue": 61985831, 
        "long_term_average": 8721514, 
        "date": "2013-07-31", 
        "operating_revenue": 9070137, 
        "short_term_average": 9013046
    }, 
    {
        "accumulated_operating_revenue_yoy": 8.831138021366566, 
        "accumulated_operating_revenue": 71215933, 
        "long_term_average": 8793257, 
        "date": "2013-08-31", 
        "operating_revenue": 9230102, 
        "short_term_average": 9028827
    }, 
    {
        "accumulated_operating_revenue_yoy": 9.055144678555491, 
        "accumulated_operating_revenue": 79993290, 
        "long_term_average": 8865192, 
        "date": "2013-09-30", 
        "operating_revenue": 8777357, 
        "short_term_average": 9025865
    }, 
    {
        "accumulated_operating_revenue_yoy": 9.331373872780922, 
        "accumulated_operating_revenue": 89308894, 
        "long_term_average": 8946893, 
        "date": "2013-10-31", 
        "operating_revenue": 9315604, 
        "short_term_average": 9107687
    }, 
    {
        "accumulated_operating_revenue_yoy": 9.644554480109285, 
        "accumulated_operating_revenue": 98594971, 
        "long_term_average": 9034405, 
        "date": "2013-11-30", 
        "operating_revenue": 9286077, 
        "short_term_average": 9126346
    }, 
    {
        "accumulated_operating_revenue_yoy": 8.690248485929779, 
        "accumulated_operating_revenue": 108407931, 
        "long_term_average": 9033994, 
        "date": "2013-12-31", 
        "operating_revenue": 9812960, 
        "short_term_average": 9471547
    }, 
    {
        "accumulated_operating_revenue_yoy": 6.604382959567122, 
        "accumulated_operating_revenue": 9943559, 
        "long_term_average": 9085329, 
        "date": "2014-01-31", 
        "operating_revenue": 9943559, 
        "short_term_average": 9680865
    }, 
    {
        "accumulated_operating_revenue_yoy": 5.304567558757518, 
        "accumulated_operating_revenue": 18807857, 
        "long_term_average": 9112945, 
        "date": "2014-02-28", 
        "operating_revenue": 8864298, 
        "short_term_average": 9540272
    }, 
    {
        "accumulated_operating_revenue_yoy": 5.197241455715833, 
        "accumulated_operating_revenue": 27726474, 
        "long_term_average": 9148145, 
        "date": "2014-03-31", 
        "operating_revenue": 8918617, 
        "short_term_average": 9242158
    }, 
    {
        "accumulated_operating_revenue_yoy": 5.189484177486218, 
        "accumulated_operating_revenue": 36760244, 
        "long_term_average": 9185123, 
        "date": "2014-04-30", 
        "operating_revenue": 9033770, 
        "short_term_average": 8938895
    }, 
    {
        "accumulated_operating_revenue_yoy": 3.6958695974742675, 
        "accumulated_operating_revenue": 45760419, 
        "long_term_average": 9169908, 
        "date": "2014-05-31", 
        "operating_revenue": 9000175, 
        "short_term_average": 8984187
    }, 
    {
        "accumulated_operating_revenue_yoy": 3.3015139138116565, 
        "accumulated_operating_revenue": 54662713, 
        "long_term_average": 9179579, 
        "date": "2014-06-30", 
        "operating_revenue": 8902294, 
        "short_term_average": 8978746
    }, 
    {
        "accumulated_operating_revenue_yoy": 2.9966041755574753, 
        "accumulated_operating_revenue": 63843301, 
        "long_term_average": 9188783, 
        "date": "2014-07-31", 
        "operating_revenue": 9180588, 
        "short_term_average": 9027685
    }, 
    {
        "accumulated_operating_revenue_yoy": 2.441921248156645, 
        "accumulated_operating_revenue": 72954970, 
        "long_term_average": 9178914, 
        "date": "2014-08-31", 
        "operating_revenue": 9111669, 
        "short_term_average": 9064850
    }, 
    {
        "accumulated_operating_revenue_yoy": 3.0465530296353607, 
        "accumulated_operating_revenue": 82430328, 
        "long_term_average": 9237080, 
        "date": "2014-09-30", 
        "operating_revenue": 9475358, 
        "short_term_average": 9255871
    }, 
    {
        "accumulated_operating_revenue_yoy": 3.517212966493572, 
        "accumulated_operating_revenue": 92450078, 
        "long_term_average": 9295759, 
        "date": "2014-10-31", 
        "operating_revenue": 10019750, 
        "short_term_average": 9535592
    }, 
    {
        "accumulated_operating_revenue_yoy": 4.091705650991064, 
        "accumulated_operating_revenue": 102629187, 
        "long_term_average": 9370178, 
        "date": "2014-11-30", 
        "operating_revenue": 10179109, 
        "short_term_average": 9891405
    }, 
    {
        "accumulated_operating_revenue_yoy": 3.888966389368689, 
        "accumulated_operating_revenue": 112623879, 
        "long_term_average": 9385323, 
        "date": "2014-12-31", 
        "operating_revenue": 9994692, 
        "short_term_average": 10064517
    }, 
    {
        "accumulated_operating_revenue_yoy": 6.402747748567691, 
        "accumulated_operating_revenue": 10580220, 
        "long_term_average": 9438378, 
        "date": "2015-01-31", 
        "operating_revenue": 10580220, 
        "short_term_average": 10251340
    }, 
    {
        "accumulated_operating_revenue_yoy": 6.582424568625761, 
        "accumulated_operating_revenue": 20045870, 
        "long_term_average": 9488491, 
        "date": "2015-02-28", 
        "operating_revenue": 9465650, 
        "short_term_average": 10013520
    }, 
    {
        "accumulated_operating_revenue_yoy": 7.181208833117402, 
        "accumulated_operating_revenue": 29717570, 
        "long_term_average": 9551247, 
        "date": "2015-03-31", 
        "operating_revenue": 9671700, 
        "short_term_average": 9905856
    }, 
    {
        "accumulated_operating_revenue_yoy": 6.598084604661493, 
        "accumulated_operating_revenue": 39185716, 
        "long_term_average": 9587445, 
        "date": "2015-04-30", 
        "operating_revenue": 9468146, 
        "short_term_average": 9535165
    }, 
    {
        "accumulated_operating_revenue_yoy": 6.53940690534324, 
        "accumulated_operating_revenue": 48752879, 
        "long_term_average": 9634694, 
        "date": "2015-05-31", 
        "operating_revenue": 9567163, 
        "short_term_average": 9569003
    }, 
    {
        "accumulated_operating_revenue_yoy": 6.186571822734082, 
        "accumulated_operating_revenue": 58044461, 
        "long_term_average": 9667135, 
        "date": "2015-06-30", 
        "operating_revenue": 9291582, 
        "short_term_average": 9442297
    }, 
    {
        "accumulated_operating_revenue_yoy": 5.515939722477696, 
        "accumulated_operating_revenue": 67364859, 
        "long_term_average": 9678786, 
        "date": "2015-07-31", 
        "operating_revenue": 9320398, 
        "short_term_average": 9393047
    }, 
    {
        "accumulated_operating_revenue_yoy": 5.082070488138094, 
        "accumulated_operating_revenue": 76662593, 
        "long_term_average": 9694291, 
        "date": "2015-08-31", 
        "operating_revenue": 9297734, 
        "short_term_average": 9303238
    }, 
    {
        "accumulated_operating_revenue_yoy": 3.8577985520086733, 
        "accumulated_operating_revenue": 85610324, 
        "long_term_average": 9650322, 
        "date": "2015-09-30", 
        "operating_revenue": 8947731, 
        "short_term_average": 9188621
    }
]