[
    {
        "date": "2011-09-30", 
        "operating_revenue": 170569, 
        "accumulated_operating_revenue": 170569, 
        "long_term_average": 170569, 
        "short_term_average": 170569
    }, 
    {
        "date": "2011-10-31", 
        "operating_revenue": 172502, 
        "accumulated_operating_revenue": 343071, 
        "long_term_average": 171535, 
        "short_term_average": 171535
    }, 
    {
        "date": "2011-11-30", 
        "operating_revenue": 171569, 
        "accumulated_operating_revenue": 514640, 
        "long_term_average": 171546, 
        "short_term_average": 171546
    }, 
    {
        "date": "2011-12-31", 
        "operating_revenue": 118804, 
        "accumulated_operating_revenue": 633444, 
        "long_term_average": 158361, 
        "short_term_average": 154291
    }, 
    {
        "date": "2012-01-31", 
        "operating_revenue": 178645, 
        "accumulated_operating_revenue": 178645, 
        "long_term_average": 162417, 
        "short_term_average": 156339
    }, 
    {
        "date": "2012-02-29", 
        "operating_revenue": 170396, 
        "accumulated_operating_revenue": 349041, 
        "long_term_average": 163747, 
        "short_term_average": 155948
    }, 
    {
        "date": "2012-03-31", 
        "operating_revenue": 184423, 
        "accumulated_operating_revenue": 533464, 
        "long_term_average": 166701, 
        "short_term_average": 177821
    }, 
    {
        "date": "2012-04-30", 
        "operating_revenue": 200843, 
        "accumulated_operating_revenue": 734307, 
        "long_term_average": 170968, 
        "short_term_average": 185220
    }, 
    {
        "date": "2012-05-31", 
        "operating_revenue": 141837, 
        "accumulated_operating_revenue": 876144, 
        "long_term_average": 167732, 
        "short_term_average": 175701
    }, 
    {
        "date": "2012-06-30", 
        "operating_revenue": 116365, 
        "accumulated_operating_revenue": 992509, 
        "long_term_average": 162595, 
        "short_term_average": 153015
    }, 
    {
        "date": "2012-07-31", 
        "operating_revenue": 103988, 
        "accumulated_operating_revenue": 1096497, 
        "long_term_average": 157267, 
        "short_term_average": 120730
    }, 
    {
        "date": "2012-08-31", 
        "operating_revenue": 132508, 
        "accumulated_operating_revenue": 1229005, 
        "long_term_average": 155204, 
        "short_term_average": 117620
    }, 
    {
        "accumulated_operating_revenue_yoy": 689.1410514220051, 
        "accumulated_operating_revenue": 1346030, 
        "long_term_average": 150742, 
        "date": "2012-09-30", 
        "operating_revenue": 117025, 
        "short_term_average": 117840
    }, 
    {
        "accumulated_operating_revenue_yoy": 321.3635078453148, 
        "accumulated_operating_revenue": 1445576, 
        "long_term_average": 144662, 
        "date": "2012-10-31", 
        "operating_revenue": 99546, 
        "short_term_average": 116359
    }, 
    {
        "accumulated_operating_revenue_yoy": 202.318708223224, 
        "accumulated_operating_revenue": 1555853, 
        "long_term_average": 139554, 
        "date": "2012-11-30", 
        "operating_revenue": 110277, 
        "short_term_average": 108949
    }, 
    {
        "accumulated_operating_revenue_yoy": 162.12972259584114, 
        "accumulated_operating_revenue": 1660445, 
        "long_term_average": 138370, 
        "date": "2012-12-31", 
        "operating_revenue": 104592, 
        "short_term_average": 104805
    }, 
    {
        "accumulated_operating_revenue_yoy": -42.24859357944527, 
        "accumulated_operating_revenue": 103170, 
        "long_term_average": 132080, 
        "date": "2013-01-31", 
        "operating_revenue": 103170, 
        "short_term_average": 106013
    }, 
    {
        "accumulated_operating_revenue_yoy": -44.12948622081647, 
        "accumulated_operating_revenue": 195011, 
        "long_term_average": 125534, 
        "date": "2013-02-28", 
        "operating_revenue": 91841, 
        "short_term_average": 99867
    }, 
    {
        "accumulated_operating_revenue_yoy": -37.209446185684506, 
        "accumulated_operating_revenue": 334965, 
        "long_term_average": 121828, 
        "date": "2013-03-31", 
        "operating_revenue": 139954, 
        "short_term_average": 111655
    }, 
    {
        "accumulated_operating_revenue_yoy": -40.39223376598616, 
        "accumulated_operating_revenue": 437704, 
        "long_term_average": 113653, 
        "date": "2013-04-30", 
        "operating_revenue": 102739, 
        "short_term_average": 111511
    }, 
    {
        "accumulated_operating_revenue_yoy": -35.23210796398766, 
        "accumulated_operating_revenue": 567460, 
        "long_term_average": 112646, 
        "date": "2013-05-31", 
        "operating_revenue": 129756, 
        "short_term_average": 124149
    }, 
    {
        "accumulated_operating_revenue_yoy": -31.676690085429954, 
        "accumulated_operating_revenue": 678115, 
        "long_term_average": 112170, 
        "date": "2013-06-30", 
        "operating_revenue": 110655, 
        "short_term_average": 114383
    }, 
    {
        "accumulated_operating_revenue_yoy": -29.804823907406952, 
        "accumulated_operating_revenue": 769688, 
        "long_term_average": 111136, 
        "date": "2013-07-31", 
        "operating_revenue": 91573, 
        "short_term_average": 110661
    }, 
    {
        "accumulated_operating_revenue_yoy": -29.71647796388135, 
        "accumulated_operating_revenue": 863788, 
        "long_term_average": 107935, 
        "date": "2013-08-31", 
        "operating_revenue": 94100, 
        "short_term_average": 98776
    }, 
    {
        "accumulated_operating_revenue_yoy": -29.809291026202985, 
        "accumulated_operating_revenue": 944788, 
        "long_term_average": 104933, 
        "date": "2013-09-30", 
        "operating_revenue": 81000, 
        "short_term_average": 88891
    }, 
    {
        "accumulated_operating_revenue_yoy": -27.241528636335964, 
        "accumulated_operating_revenue": 1051779, 
        "long_term_average": 105554, 
        "date": "2013-10-31", 
        "operating_revenue": 106991, 
        "short_term_average": 94030
    }, 
    {
        "accumulated_operating_revenue_yoy": -25.466608991980603, 
        "accumulated_operating_revenue": 1159630, 
        "long_term_average": 105351, 
        "date": "2013-11-30", 
        "operating_revenue": 107851, 
        "short_term_average": 98614
    }, 
    {
        "accumulated_operating_revenue_yoy": -25.431375324084808, 
        "accumulated_operating_revenue": 1238171, 
        "long_term_average": 103180, 
        "date": "2013-12-31", 
        "operating_revenue": 78541, 
        "short_term_average": 97794
    }, 
    {
        "accumulated_operating_revenue_yoy": 7.756130658137056, 
        "accumulated_operating_revenue": 111172, 
        "long_term_average": 103847, 
        "date": "2014-01-31", 
        "operating_revenue": 111172, 
        "short_term_average": 99188
    }, 
    {
        "accumulated_operating_revenue_yoy": -1.220443974955259, 
        "accumulated_operating_revenue": 192631, 
        "long_term_average": 102982, 
        "date": "2014-02-28", 
        "operating_revenue": 81459, 
        "short_term_average": 90390
    }, 
    {
        "accumulated_operating_revenue_yoy": -15.933306464854539, 
        "accumulated_operating_revenue": 281594, 
        "long_term_average": 98733, 
        "date": "2014-03-31", 
        "operating_revenue": 88963, 
        "short_term_average": 93864
    }, 
    {
        "accumulated_operating_revenue_yoy": -21.116553652696798, 
        "accumulated_operating_revenue": 345276, 
        "long_term_average": 95478, 
        "date": "2014-04-30", 
        "operating_revenue": 63682, 
        "short_term_average": 78034
    }, 
    {
        "accumulated_operating_revenue_yoy": -23.987065167588906, 
        "accumulated_operating_revenue": 431343, 
        "long_term_average": 91837, 
        "date": "2014-05-31", 
        "operating_revenue": 86067, 
        "short_term_average": 79570
    }, 
    {
        "accumulated_operating_revenue_yoy": -24.78429174992442, 
        "accumulated_operating_revenue": 510049, 
        "long_term_average": 89175, 
        "date": "2014-06-30", 
        "operating_revenue": 78706, 
        "short_term_average": 76151
    }, 
    {
        "accumulated_operating_revenue_yoy": -23.573318019769047, 
        "accumulated_operating_revenue": 588247, 
        "long_term_average": 88060, 
        "date": "2014-07-31", 
        "operating_revenue": 78198, 
        "short_term_average": 80990
    }, 
    {
        "accumulated_operating_revenue_yoy": -20.32037953757172, 
        "accumulated_operating_revenue": 688263, 
        "long_term_average": 88553, 
        "date": "2014-08-31", 
        "operating_revenue": 100016, 
        "short_term_average": 85640
    }, 
    {
        "accumulated_operating_revenue_yoy": -17.400729052443513, 
        "accumulated_operating_revenue": 780388, 
        "long_term_average": 89480, 
        "date": "2014-09-30", 
        "operating_revenue": 92125, 
        "short_term_average": 90113
    }, 
    {
        "accumulated_operating_revenue_yoy": -13.536874191251206, 
        "accumulated_operating_revenue": 909401, 
        "long_term_average": 91316, 
        "date": "2014-10-31", 
        "operating_revenue": 129013, 
        "short_term_average": 107051
    }, 
    {
        "accumulated_operating_revenue_yoy": -11.310417978148203, 
        "accumulated_operating_revenue": 1028471, 
        "long_term_average": 92251, 
        "date": "2014-11-30", 
        "operating_revenue": 119070, 
        "short_term_average": 113402
    }, 
    {
        "accumulated_operating_revenue_yoy": -8.498018448178806, 
        "accumulated_operating_revenue": 1132951, 
        "long_term_average": 94412, 
        "date": "2014-12-31", 
        "operating_revenue": 104480, 
        "short_term_average": 117521
    }, 
    {
        "accumulated_operating_revenue_yoy": 0.5127190299715756, 
        "accumulated_operating_revenue": 111742, 
        "long_term_average": 94460, 
        "date": "2015-01-31", 
        "operating_revenue": 111742, 
        "short_term_average": 111764
    }, 
    {
        "accumulated_operating_revenue_yoy": -0.210246533527833, 
        "accumulated_operating_revenue": 192226, 
        "long_term_average": 94378, 
        "date": "2015-02-28", 
        "operating_revenue": 80484, 
        "short_term_average": 98902
    }, 
    {
        "accumulated_operating_revenue_yoy": 19.438979523711442, 
        "accumulated_operating_revenue": 336333, 
        "long_term_average": 98974, 
        "date": "2015-03-31", 
        "operating_revenue": 144107, 
        "short_term_average": 112111
    }, 
    {
        "accumulated_operating_revenue_yoy": 34.53034673710307, 
        "accumulated_operating_revenue": 464501, 
        "long_term_average": 104348, 
        "date": "2015-04-30", 
        "operating_revenue": 128168, 
        "short_term_average": 117586
    }, 
    {
        "accumulated_operating_revenue_yoy": 29.20205034044832, 
        "accumulated_operating_revenue": 557304, 
        "long_term_average": 104909, 
        "date": "2015-05-31", 
        "operating_revenue": 92803, 
        "short_term_average": 121692
    }, 
    {
        "accumulated_operating_revenue_yoy": 29.605194795009893, 
        "accumulated_operating_revenue": 661050, 
        "long_term_average": 106996, 
        "date": "2015-06-30", 
        "operating_revenue": 103746, 
        "short_term_average": 108239
    }, 
    {
        "accumulated_operating_revenue_yoy": 34.61539115371604, 
        "accumulated_operating_revenue": 791871, 
        "long_term_average": 111381, 
        "date": "2015-07-31", 
        "operating_revenue": 130821, 
        "short_term_average": 109123
    }, 
    {
        "accumulated_operating_revenue_yoy": 38.36062667904566, 
        "accumulated_operating_revenue": 952285, 
        "long_term_average": 116414, 
        "date": "2015-08-31", 
        "operating_revenue": 160414, 
        "short_term_average": 131660
    }
]