[
    {
        "date": "2012-01-31", 
        "operating_revenue": 490179, 
        "accumulated_operating_revenue": 490179, 
        "long_term_average": 490179, 
        "short_term_average": 490179
    }, 
    {
        "date": "2012-02-29", 
        "operating_revenue": 498514, 
        "accumulated_operating_revenue": 988693, 
        "long_term_average": 494346, 
        "short_term_average": 494346
    }, 
    {
        "date": "2012-03-31", 
        "operating_revenue": 602947, 
        "accumulated_operating_revenue": 1591640, 
        "long_term_average": 530546, 
        "short_term_average": 530546
    }, 
    {
        "date": "2012-04-30", 
        "operating_revenue": 590635, 
        "accumulated_operating_revenue": 2182275, 
        "long_term_average": 545568, 
        "short_term_average": 564032
    }, 
    {
        "date": "2012-05-31", 
        "operating_revenue": 521586, 
        "accumulated_operating_revenue": 2703861, 
        "long_term_average": 540772, 
        "short_term_average": 571722
    }, 
    {
        "date": "2012-06-30", 
        "operating_revenue": 593317, 
        "accumulated_operating_revenue": 3297178, 
        "long_term_average": 549529, 
        "short_term_average": 568512
    }, 
    {
        "date": "2012-07-31", 
        "operating_revenue": 440333, 
        "accumulated_operating_revenue": 3737511, 
        "long_term_average": 533930, 
        "short_term_average": 518412
    }, 
    {
        "date": "2012-08-31", 
        "operating_revenue": 618195, 
        "accumulated_operating_revenue": 4355706, 
        "long_term_average": 544463, 
        "short_term_average": 550615
    }, 
    {
        "date": "2012-09-30", 
        "operating_revenue": 598043, 
        "accumulated_operating_revenue": 4953749, 
        "long_term_average": 550416, 
        "short_term_average": 552190
    }, 
    {
        "date": "2012-10-31", 
        "operating_revenue": 431102, 
        "accumulated_operating_revenue": 5384851, 
        "long_term_average": 538485, 
        "short_term_average": 549113
    }, 
    {
        "date": "2012-11-30", 
        "operating_revenue": 500621, 
        "accumulated_operating_revenue": 5885472, 
        "long_term_average": 535042, 
        "short_term_average": 509922
    }, 
    {
        "date": "2012-12-31", 
        "operating_revenue": 565918, 
        "accumulated_operating_revenue": 6451390, 
        "long_term_average": 537615, 
        "short_term_average": 499213
    }, 
    {
        "accumulated_operating_revenue_yoy": 11.202234285842518, 
        "accumulated_operating_revenue": 545090, 
        "long_term_average": 542191, 
        "date": "2013-01-31", 
        "operating_revenue": 545090, 
        "short_term_average": 537209
    }, 
    {
        "accumulated_operating_revenue_yoy": 0.5778335641093848, 
        "accumulated_operating_revenue": 994406, 
        "long_term_average": 538091, 
        "date": "2013-02-28", 
        "operating_revenue": 449316, 
        "short_term_average": 520108
    }, 
    {
        "accumulated_operating_revenue_yoy": -7.514010705938529, 
        "accumulated_operating_revenue": 1472044, 
        "long_term_average": 527649, 
        "date": "2013-03-31", 
        "operating_revenue": 477638, 
        "short_term_average": 490681
    }, 
    {
        "accumulated_operating_revenue_yoy": -10.933635770010653, 
        "accumulated_operating_revenue": 1943673, 
        "long_term_average": 517732, 
        "date": "2013-04-30", 
        "operating_revenue": 471629, 
        "short_term_average": 466194
    }, 
    {
        "accumulated_operating_revenue_yoy": -7.57701671794519, 
        "accumulated_operating_revenue": 2498989, 
        "long_term_average": 520543, 
        "date": "2013-05-31", 
        "operating_revenue": 555316, 
        "short_term_average": 501527
    }, 
    {
        "accumulated_operating_revenue_yoy": -10.22792824651869, 
        "accumulated_operating_revenue": 2959945, 
        "long_term_average": 509513, 
        "date": "2013-06-30", 
        "operating_revenue": 460956, 
        "short_term_average": 495967
    }, 
    {
        "accumulated_operating_revenue_yoy": -8.938033894749742, 
        "accumulated_operating_revenue": 3403451, 
        "long_term_average": 509777, 
        "date": "2013-07-31", 
        "operating_revenue": 443506, 
        "short_term_average": 486592
    }, 
    {
        "accumulated_operating_revenue_yoy": -10.756809573465242, 
        "accumulated_operating_revenue": 3887171, 
        "long_term_average": 498571, 
        "date": "2013-08-31", 
        "operating_revenue": 483720, 
        "short_term_average": 462727
    }, 
    {
        "accumulated_operating_revenue_yoy": -10.673471748366742, 
        "accumulated_operating_revenue": 4425012, 
        "long_term_average": 493554, 
        "date": "2013-09-30", 
        "operating_revenue": 537841, 
        "short_term_average": 488355
    }, 
    {
        "accumulated_operating_revenue_yoy": -9.760901462268873, 
        "accumulated_operating_revenue": 4859241, 
        "long_term_average": 493815, 
        "date": "2013-10-31", 
        "operating_revenue": 434229, 
        "short_term_average": 485263
    }, 
    {
        "accumulated_operating_revenue_yoy": -8.758057127788561, 
        "accumulated_operating_revenue": 5370019, 
        "long_term_average": 494661, 
        "date": "2013-11-30", 
        "operating_revenue": 510778, 
        "short_term_average": 494282
    }, 
    {
        "accumulated_operating_revenue_yoy": -9.226693782270177, 
        "accumulated_operating_revenue": 5856140, 
        "long_term_average": 488011, 
        "date": "2013-12-31", 
        "operating_revenue": 486121, 
        "short_term_average": 477042
    }, 
    {
        "accumulated_operating_revenue_yoy": -1.7824579427250544, 
        "accumulated_operating_revenue": 535374, 
        "long_term_average": 487202, 
        "date": "2014-01-31", 
        "operating_revenue": 535374, 
        "short_term_average": 510757
    }, 
    {
        "accumulated_operating_revenue_yoy": -2.078929531800894, 
        "accumulated_operating_revenue": 973733, 
        "long_term_average": 486288, 
        "date": "2014-02-28", 
        "operating_revenue": 438359, 
        "short_term_average": 486618
    }, 
    {
        "accumulated_operating_revenue_yoy": 4.327655966805341, 
        "accumulated_operating_revenue": 1535749, 
        "long_term_average": 493320, 
        "date": "2014-03-31", 
        "operating_revenue": 562016, 
        "short_term_average": 511916
    }, 
    {
        "accumulated_operating_revenue_yoy": 2.890558236905076, 
        "accumulated_operating_revenue": 1999856, 
        "long_term_average": 492693, 
        "date": "2014-04-30", 
        "operating_revenue": 464107, 
        "short_term_average": 488160
    }, 
    {
        "accumulated_operating_revenue_yoy": 5.265289282986039, 
        "accumulated_operating_revenue": 2630568, 
        "long_term_average": 498976, 
        "date": "2014-05-31", 
        "operating_revenue": 630712, 
        "short_term_average": 552278
    }, 
    {
        "accumulated_operating_revenue_yoy": 6.051497578502303, 
        "accumulated_operating_revenue": 3139066, 
        "long_term_average": 502938, 
        "date": "2014-06-30", 
        "operating_revenue": 508498, 
        "short_term_average": 534439
    }, 
    {
        "accumulated_operating_revenue_yoy": 6.964342956604928, 
        "accumulated_operating_revenue": 3640479, 
        "long_term_average": 507764, 
        "date": "2014-07-31", 
        "operating_revenue": 501413, 
        "short_term_average": 546874
    }, 
    {
        "accumulated_operating_revenue_yoy": 8.188217086410656, 
        "accumulated_operating_revenue": 4205461, 
        "long_term_average": 514535, 
        "date": "2014-08-31", 
        "operating_revenue": 564982, 
        "short_term_average": 524964
    }, 
    {
        "accumulated_operating_revenue_yoy": 6.33266079278429, 
        "accumulated_operating_revenue": 4705233, 
        "long_term_average": 511363, 
        "date": "2014-09-30", 
        "operating_revenue": 499772, 
        "short_term_average": 522055
    }, 
    {
        "accumulated_operating_revenue_yoy": 7.4786370957933554, 
        "accumulated_operating_revenue": 5222646, 
        "long_term_average": 518295, 
        "date": "2014-10-31", 
        "operating_revenue": 517413, 
        "short_term_average": 527389
    }, 
    {
        "accumulated_operating_revenue_yoy": 6.81863509235256, 
        "accumulated_operating_revenue": 5736181, 
        "long_term_average": 518525, 
        "date": "2014-11-30", 
        "operating_revenue": 513535, 
        "short_term_average": 510240
    }, 
    {
        "accumulated_operating_revenue_yoy": 5.718630360612964, 
        "accumulated_operating_revenue": 6191031, 
        "long_term_average": 515919, 
        "date": "2014-12-31", 
        "operating_revenue": 454850, 
        "short_term_average": 495266
    }, 
    {
        "accumulated_operating_revenue_yoy": -3.5067074605789594, 
        "accumulated_operating_revenue": 516600, 
        "long_term_average": 514354, 
        "date": "2015-01-31", 
        "operating_revenue": 516600, 
        "short_term_average": 494995
    }, 
    {
        "accumulated_operating_revenue_yoy": -1.3183285356458085, 
        "accumulated_operating_revenue": 960896, 
        "long_term_average": 514849, 
        "date": "2015-02-28", 
        "operating_revenue": 444296, 
        "short_term_average": 471915
    }, 
    {
        "accumulated_operating_revenue_yoy": -4.283577589827504, 
        "accumulated_operating_revenue": 1469964, 
        "long_term_average": 510437, 
        "date": "2015-03-31", 
        "operating_revenue": 509068, 
        "short_term_average": 489988
    }, 
    {
        "accumulated_operating_revenue_yoy": 3.496001712123273, 
        "accumulated_operating_revenue": 2069771, 
        "long_term_average": 521745, 
        "date": "2015-04-30", 
        "operating_revenue": 599807, 
        "short_term_average": 517723
    }, 
    {
        "accumulated_operating_revenue_yoy": -3.706043713753075, 
        "accumulated_operating_revenue": 2533078, 
        "long_term_average": 507795, 
        "date": "2015-05-31", 
        "operating_revenue": 463307, 
        "short_term_average": 524060
    }, 
    {
        "accumulated_operating_revenue_yoy": -5.6926168484511, 
        "accumulated_operating_revenue": 2960371, 
        "long_term_average": 501028, 
        "date": "2015-06-30", 
        "operating_revenue": 427293, 
        "short_term_average": 496802
    }, 
    {
        "accumulated_operating_revenue_yoy": -7.696185034991275, 
        "accumulated_operating_revenue": 3360301, 
        "long_term_average": 492571, 
        "date": "2015-07-31", 
        "operating_revenue": 399930, 
        "short_term_average": 430176
    }, 
    {
        "accumulated_operating_revenue_yoy": -10.177290908178675, 
        "accumulated_operating_revenue": 3777459, 
        "long_term_average": 480252, 
        "date": "2015-08-31", 
        "operating_revenue": 417158, 
        "short_term_average": 414793
    }
]