[
    {
        "date": "2012-01-31", 
        "operating_revenue": 1718301, 
        "accumulated_operating_revenue": 1718301, 
        "long_term_average": 1718301, 
        "short_term_average": 1718301
    }, 
    {
        "date": "2012-02-29", 
        "operating_revenue": 1773960, 
        "accumulated_operating_revenue": 3492261, 
        "long_term_average": 1746130, 
        "short_term_average": 1746130
    }, 
    {
        "date": "2012-03-31", 
        "operating_revenue": 1924278, 
        "accumulated_operating_revenue": 5416539, 
        "long_term_average": 1805513, 
        "short_term_average": 1805513
    }, 
    {
        "date": "2012-04-30", 
        "operating_revenue": 1921219, 
        "accumulated_operating_revenue": 7337758, 
        "long_term_average": 1834439, 
        "short_term_average": 1873152
    }, 
    {
        "date": "2012-05-31", 
        "operating_revenue": 2263456, 
        "accumulated_operating_revenue": 9601214, 
        "long_term_average": 1920242, 
        "short_term_average": 2036317
    }, 
    {
        "date": "2012-06-30", 
        "operating_revenue": 1944374, 
        "accumulated_operating_revenue": 11545588, 
        "long_term_average": 1924264, 
        "short_term_average": 2043016
    }, 
    {
        "date": "2012-07-31", 
        "operating_revenue": 2159041, 
        "accumulated_operating_revenue": 13704629, 
        "long_term_average": 1957804, 
        "short_term_average": 2122290
    }, 
    {
        "date": "2012-08-31", 
        "operating_revenue": 2482002, 
        "accumulated_operating_revenue": 16186631, 
        "long_term_average": 2023328, 
        "short_term_average": 2195139
    }, 
    {
        "date": "2012-09-30", 
        "operating_revenue": 2585938, 
        "accumulated_operating_revenue": 18772569, 
        "long_term_average": 2085841, 
        "short_term_average": 2408993
    }, 
    {
        "date": "2012-10-31", 
        "operating_revenue": 2486807, 
        "accumulated_operating_revenue": 21259376, 
        "long_term_average": 2125937, 
        "short_term_average": 2518249
    }, 
    {
        "date": "2012-11-30", 
        "operating_revenue": 2863401, 
        "accumulated_operating_revenue": 24122777, 
        "long_term_average": 2192979, 
        "short_term_average": 2645382
    }, 
    {
        "date": "2012-12-31", 
        "operating_revenue": 2590122, 
        "accumulated_operating_revenue": 26712899, 
        "long_term_average": 2226074, 
        "short_term_average": 2646776
    }, 
    {
        "accumulated_operating_revenue_yoy": 58.787488338771844, 
        "accumulated_operating_revenue": 2728447, 
        "long_term_average": 2310253, 
        "date": "2013-01-31", 
        "operating_revenue": 2728447, 
        "short_term_average": 2727323
    }, 
    {
        "accumulated_operating_revenue_yoy": 28.2457983524141, 
        "accumulated_operating_revenue": 4478678, 
        "long_term_average": 2308276, 
        "date": "2013-02-28", 
        "operating_revenue": 1750231, 
        "short_term_average": 2356266
    }, 
    {
        "accumulated_operating_revenue_yoy": 30.26159324247458, 
        "accumulated_operating_revenue": 7055670, 
        "long_term_average": 2362669, 
        "date": "2013-03-31", 
        "operating_revenue": 2576992, 
        "short_term_average": 2351890
    }, 
    {
        "accumulated_operating_revenue_yoy": 29.44981287199714, 
        "accumulated_operating_revenue": 9498714, 
        "long_term_average": 2406154, 
        "date": "2013-04-30", 
        "operating_revenue": 2443044, 
        "short_term_average": 2256755
    }, 
    {
        "accumulated_operating_revenue_yoy": 27.92259395530607, 
        "accumulated_operating_revenue": 12282122, 
        "long_term_average": 2449483, 
        "date": "2013-05-31", 
        "operating_revenue": 2783408, 
        "short_term_average": 2601148
    }, 
    {
        "accumulated_operating_revenue_yoy": 27.972009740863786, 
        "accumulated_operating_revenue": 14775121, 
        "long_term_average": 2495202, 
        "date": "2013-06-30", 
        "operating_revenue": 2492999, 
        "short_term_average": 2573150
    }, 
    {
        "accumulated_operating_revenue_yoy": 29.719775704982602, 
        "accumulated_operating_revenue": 17777614, 
        "long_term_average": 2565490, 
        "date": "2013-07-31", 
        "operating_revenue": 3002493, 
        "short_term_average": 2759633
    }, 
    {
        "accumulated_operating_revenue_yoy": 30.76089768154967, 
        "accumulated_operating_revenue": 21165784, 
        "long_term_average": 2641004, 
        "date": "2013-08-31", 
        "operating_revenue": 3388170, 
        "short_term_average": 2961220
    }, 
    {
        "accumulated_operating_revenue_yoy": 32.34540248593573, 
        "accumulated_operating_revenue": 24844632, 
        "long_term_average": 2732080, 
        "date": "2013-09-30", 
        "operating_revenue": 3678848, 
        "short_term_average": 3356503
    }, 
    {
        "accumulated_operating_revenue_yoy": 32.23092719184232, 
        "accumulated_operating_revenue": 28111470, 
        "long_term_average": 2797082, 
        "date": "2013-10-31", 
        "operating_revenue": 3266838, 
        "short_term_average": 3444618
    }, 
    {
        "accumulated_operating_revenue_yoy": 30.175796095117907, 
        "accumulated_operating_revenue": 31402017, 
        "long_term_average": 2832678, 
        "date": "2013-11-30", 
        "operating_revenue": 3290547, 
        "short_term_average": 3412077
    }, 
    {
        "accumulated_operating_revenue_yoy": 29.8719543693105, 
        "accumulated_operating_revenue": 34692564, 
        "long_term_average": 2891047, 
        "date": "2013-12-31", 
        "operating_revenue": 3290547, 
        "short_term_average": 3282644
    }, 
    {
        "accumulated_operating_revenue_yoy": 28.891710192648052, 
        "accumulated_operating_revenue": 3516742, 
        "long_term_average": 2956738, 
        "date": "2014-01-31", 
        "operating_revenue": 3516742, 
        "short_term_average": 3365945
    }, 
    {
        "accumulated_operating_revenue_yoy": 43.958931631164376, 
        "accumulated_operating_revenue": 6447457, 
        "long_term_average": 3055111, 
        "date": "2014-02-28", 
        "operating_revenue": 2930715, 
        "short_term_average": 3246001
    }, 
    {
        "accumulated_operating_revenue_yoy": 45.36893023624971, 
        "accumulated_operating_revenue": 10256752, 
        "long_term_average": 3157803, 
        "date": "2014-03-31", 
        "operating_revenue": 3809295, 
        "short_term_average": 3418917
    }, 
    {
        "accumulated_operating_revenue_yoy": 46.68857278995873, 
        "accumulated_operating_revenue": 13933528, 
        "long_term_average": 3260614, 
        "date": "2014-04-30", 
        "operating_revenue": 3676776, 
        "short_term_average": 3472262
    }, 
    {
        "accumulated_operating_revenue_yoy": 49.90135255129366, 
        "accumulated_operating_revenue": 18411067, 
        "long_term_average": 3401792, 
        "date": "2014-05-31", 
        "operating_revenue": 4477539, 
        "short_term_average": 3987870
    }, 
    {
        "accumulated_operating_revenue_yoy": 60.535280895499945, 
        "accumulated_operating_revenue": 23719282, 
        "long_term_average": 3636393, 
        "date": "2014-06-30", 
        "operating_revenue": 5308215, 
        "short_term_average": 4487510
    }, 
    {
        "accumulated_operating_revenue_yoy": 61.7214042334365, 
        "accumulated_operating_revenue": 28750207, 
        "long_term_average": 3805429, 
        "date": "2014-07-31", 
        "operating_revenue": 5030925, 
        "short_term_average": 4938893
    }, 
    {
        "accumulated_operating_revenue_yoy": 60.5488887158633, 
        "accumulated_operating_revenue": 33981431, 
        "long_term_average": 3959017, 
        "date": "2014-08-31", 
        "operating_revenue": 5231224, 
        "short_term_average": 5190121
    }, 
    {
        "accumulated_operating_revenue_yoy": 64.80445353346349, 
        "accumulated_operating_revenue": 40945060, 
        "long_term_average": 4232749, 
        "date": "2014-09-30", 
        "operating_revenue": 6963629, 
        "short_term_average": 5741926
    }, 
    {
        "accumulated_operating_revenue_yoy": 69.76765711647238, 
        "accumulated_operating_revenue": 47724184, 
        "long_term_average": 4525439, 
        "date": "2014-10-31", 
        "operating_revenue": 6779124, 
        "short_term_average": 6324659
    }, 
    {
        "accumulated_operating_revenue_yoy": 73.61323000366505, 
        "accumulated_operating_revenue": 54518056, 
        "long_term_average": 4817383, 
        "date": "2014-11-30", 
        "operating_revenue": 6793872, 
        "short_term_average": 6845541
    }, 
    {
        "accumulated_operating_revenue_yoy": 75.87220708160977, 
        "accumulated_operating_revenue": 61014578, 
        "long_term_average": 5084548, 
        "date": "2014-12-31", 
        "operating_revenue": 6496522, 
        "short_term_average": 6689839
    }, 
    {
        "accumulated_operating_revenue_yoy": 92.36273232440708, 
        "accumulated_operating_revenue": 6764901, 
        "long_term_average": 5355228, 
        "date": "2015-01-31", 
        "operating_revenue": 6764901, 
        "short_term_average": 6685098
    }, 
    {
        "accumulated_operating_revenue_yoy": 75.89824949588652, 
        "accumulated_operating_revenue": 11340964, 
        "long_term_average": 5492340, 
        "date": "2015-02-28", 
        "operating_revenue": 4576063, 
        "short_term_average": 5945828
    }, 
    {
        "accumulated_operating_revenue_yoy": 65.78788294774019, 
        "accumulated_operating_revenue": 17004452, 
        "long_term_average": 5646856, 
        "date": "2015-03-31", 
        "operating_revenue": 5663488, 
        "short_term_average": 5668150
    }, 
    {
        "accumulated_operating_revenue_yoy": 63.488184758375624, 
        "accumulated_operating_revenue": 22779672, 
        "long_term_average": 5821726, 
        "date": "2015-04-30", 
        "operating_revenue": 5775220, 
        "short_term_average": 5338257
    }, 
    {
        "accumulated_operating_revenue_yoy": 54.496939259413914, 
        "accumulated_operating_revenue": 28444535, 
        "long_term_average": 5920670, 
        "date": "2015-05-31", 
        "operating_revenue": 5664863, 
        "short_term_average": 5701190
    }, 
    {
        "accumulated_operating_revenue_yoy": 44.233096937757225, 
        "accumulated_operating_revenue": 34211055, 
        "long_term_average": 5958862, 
        "date": "2015-06-30", 
        "operating_revenue": 5766520, 
        "short_term_average": 5735534
    }, 
    {
        "accumulated_operating_revenue_yoy": 37.523082877281546, 
        "accumulated_operating_revenue": 39538171, 
        "long_term_average": 5983545, 
        "date": "2015-07-31", 
        "operating_revenue": 5327116, 
        "short_term_average": 5586166
    }, 
    {
        "accumulated_operating_revenue_yoy": 32.704128910874886, 
        "accumulated_operating_revenue": 45094762, 
        "long_term_average": 6010659, 
        "date": "2015-08-31", 
        "operating_revenue": 5556591, 
        "short_term_average": 5550075
    }, 
    {
        "accumulated_operating_revenue_yoy": 29.20461467146464, 
        "accumulated_operating_revenue": 52902907, 
        "long_term_average": 6081035, 
        "date": "2015-09-30", 
        "operating_revenue": 7808145, 
        "short_term_average": 6230617
    }
]