[
    {
        "date": "2012-01-31", 
        "operating_revenue": 113745, 
        "accumulated_operating_revenue": 113745, 
        "long_term_average": 113745, 
        "short_term_average": 113745
    }, 
    {
        "date": "2012-02-29", 
        "operating_revenue": 217465, 
        "accumulated_operating_revenue": 331210, 
        "long_term_average": 165605, 
        "short_term_average": 165605
    }, 
    {
        "date": "2012-03-31", 
        "operating_revenue": 170490, 
        "accumulated_operating_revenue": 501700, 
        "long_term_average": 167233, 
        "short_term_average": 167233
    }, 
    {
        "date": "2012-04-30", 
        "operating_revenue": 112973, 
        "accumulated_operating_revenue": 614673, 
        "long_term_average": 153668, 
        "short_term_average": 166976
    }, 
    {
        "date": "2012-05-31", 
        "operating_revenue": 447320, 
        "accumulated_operating_revenue": 1061993, 
        "long_term_average": 212398, 
        "short_term_average": 243594
    }, 
    {
        "date": "2012-06-30", 
        "operating_revenue": 164293, 
        "accumulated_operating_revenue": 1226286, 
        "long_term_average": 204381, 
        "short_term_average": 241528
    }, 
    {
        "date": "2012-07-31", 
        "operating_revenue": 428220, 
        "accumulated_operating_revenue": 1654506, 
        "long_term_average": 236358, 
        "short_term_average": 346611
    }, 
    {
        "date": "2012-08-31", 
        "operating_revenue": 475895, 
        "accumulated_operating_revenue": 2130401, 
        "long_term_average": 266300, 
        "short_term_average": 356136
    }, 
    {
        "date": "2012-09-30", 
        "operating_revenue": 598721, 
        "accumulated_operating_revenue": 2729122, 
        "long_term_average": 303235, 
        "short_term_average": 500945
    }, 
    {
        "date": "2012-10-31", 
        "operating_revenue": 885780, 
        "accumulated_operating_revenue": 3614902, 
        "long_term_average": 361490, 
        "short_term_average": 653465
    }, 
    {
        "date": "2012-11-30", 
        "operating_revenue": 904779, 
        "accumulated_operating_revenue": 4519681, 
        "long_term_average": 410880, 
        "short_term_average": 796426
    }, 
    {
        "date": "2012-12-31", 
        "operating_revenue": 841953, 
        "accumulated_operating_revenue": 5361634, 
        "long_term_average": 446802, 
        "short_term_average": 877504
    }, 
    {
        "accumulated_operating_revenue_yoy": 715.3879291397425, 
        "accumulated_operating_revenue": 927463, 
        "long_term_average": 514612, 
        "date": "2013-01-31", 
        "operating_revenue": 927463, 
        "short_term_average": 891398
    }, 
    {
        "accumulated_operating_revenue_yoy": 376.76368467135654, 
        "accumulated_operating_revenue": 1579089, 
        "long_term_average": 550792, 
        "date": "2013-02-28", 
        "operating_revenue": 651626, 
        "short_term_average": 807014
    }, 
    {
        "accumulated_operating_revenue_yoy": 410.0265098664541, 
        "accumulated_operating_revenue": 2558803, 
        "long_term_average": 618228, 
        "date": "2013-03-31", 
        "operating_revenue": 979714, 
        "short_term_average": 852934
    }, 
    {
        "accumulated_operating_revenue_yoy": 522.219131147781, 
        "accumulated_operating_revenue": 3824613, 
        "long_term_average": 714297, 
        "date": "2013-04-30", 
        "operating_revenue": 1265810, 
        "short_term_average": 965716
    }, 
    {
        "accumulated_operating_revenue_yoy": 367.11682657041996, 
        "accumulated_operating_revenue": 4960748, 
        "long_term_average": 771699, 
        "date": "2013-05-31", 
        "operating_revenue": 1136135, 
        "short_term_average": 1127219
    }, 
    {
        "accumulated_operating_revenue_yoy": 372.79223606891054, 
        "accumulated_operating_revenue": 5797785, 
        "long_term_average": 827761, 
        "date": "2013-06-30", 
        "operating_revenue": 837037, 
        "short_term_average": 1079660
    }, 
    {
        "accumulated_operating_revenue_yoy": 287.6369139791575, 
        "accumulated_operating_revenue": 6413476, 
        "long_term_average": 843383, 
        "date": "2013-07-31", 
        "operating_revenue": 615691, 
        "short_term_average": 862954
    }, 
    {
        "accumulated_operating_revenue_yoy": 241.36080484378292, 
        "accumulated_operating_revenue": 7272354, 
        "long_term_average": 875298, 
        "date": "2013-08-31", 
        "operating_revenue": 858878, 
        "short_term_average": 770535
    }, 
    {
        "accumulated_operating_revenue_yoy": 196.04477190832802, 
        "accumulated_operating_revenue": 8079423, 
        "long_term_average": 892661, 
        "date": "2013-09-30", 
        "operating_revenue": 807069, 
        "short_term_average": 760546
    }, 
    {
        "accumulated_operating_revenue_yoy": 142.40078984160567, 
        "accumulated_operating_revenue": 8762551, 
        "long_term_average": 875773, 
        "date": "2013-10-31", 
        "operating_revenue": 683128, 
        "short_term_average": 783025
    }, 
    {
        "accumulated_operating_revenue_yoy": 103.39523961978732, 
        "accumulated_operating_revenue": 9192816, 
        "long_term_average": 836230, 
        "date": "2013-11-30", 
        "operating_revenue": 430265, 
        "short_term_average": 640154
    }, 
    {
        "accumulated_operating_revenue_yoy": 77.51914808060378, 
        "accumulated_operating_revenue": 9517927, 
        "long_term_average": 793160, 
        "date": "2013-12-31", 
        "operating_revenue": 325111, 
        "short_term_average": 479501
    }, 
    {
        "accumulated_operating_revenue_yoy": -65.53684621381123, 
        "accumulated_operating_revenue": 319633, 
        "long_term_average": 742508, 
        "date": "2014-01-31", 
        "operating_revenue": 319633, 
        "short_term_average": 358336
    }, 
    {
        "accumulated_operating_revenue_yoy": -51.130240284113185, 
        "accumulated_operating_revenue": 771697, 
        "long_term_average": 725877, 
        "date": "2014-02-28", 
        "operating_revenue": 452064, 
        "short_term_average": 365602
    }, 
    {
        "accumulated_operating_revenue_yoy": -56.52127186031907, 
        "accumulated_operating_revenue": 1112535, 
        "long_term_average": 672638, 
        "date": "2014-03-31", 
        "operating_revenue": 340838, 
        "short_term_average": 370845
    }, 
    {
        "accumulated_operating_revenue_yoy": -55.78567034102535, 
        "accumulated_operating_revenue": 1691027, 
        "long_term_average": 615361, 
        "date": "2014-04-30", 
        "operating_revenue": 578492, 
        "short_term_average": 457131
    }, 
    {
        "accumulated_operating_revenue_yoy": -57.34983917747888, 
        "accumulated_operating_revenue": 2115767, 
        "long_term_average": 556078, 
        "date": "2014-05-31", 
        "operating_revenue": 424740, 
        "short_term_average": 448023
    }, 
    {
        "accumulated_operating_revenue_yoy": -59.988461110579294, 
        "accumulated_operating_revenue": 2319783, 
        "long_term_average": 503327, 
        "date": "2014-06-30", 
        "operating_revenue": 204016, 
        "short_term_average": 402416
    }, 
    {
        "accumulated_operating_revenue_yoy": -61.09568352637478, 
        "accumulated_operating_revenue": 2495119, 
        "long_term_average": 466630, 
        "date": "2014-07-31", 
        "operating_revenue": 175336, 
        "short_term_average": 268030
    }, 
    {
        "accumulated_operating_revenue_yoy": -60.33500294402611, 
        "accumulated_operating_revenue": 2884579, 
        "long_term_average": 427512, 
        "date": "2014-08-31", 
        "operating_revenue": 389460, 
        "short_term_average": 256270
    }, 
    {
        "accumulated_operating_revenue_yoy": -57.530370671271946, 
        "accumulated_operating_revenue": 3431301, 
        "long_term_average": 405817, 
        "date": "2014-09-30", 
        "operating_revenue": 546722, 
        "short_term_average": 370506
    }, 
    {
        "accumulated_operating_revenue_yoy": -55.85001445355354, 
        "accumulated_operating_revenue": 3868665, 
        "long_term_average": 385336, 
        "date": "2014-10-31", 
        "operating_revenue": 437364, 
        "short_term_average": 457848
    }, 
    {
        "accumulated_operating_revenue_yoy": -53.109460691914215, 
        "accumulated_operating_revenue": 4310561, 
        "long_term_average": 386306, 
        "date": "2014-11-30", 
        "operating_revenue": 441896, 
        "short_term_average": 475327
    }, 
    {
        "accumulated_operating_revenue_yoy": -50.459569610063205, 
        "accumulated_operating_revenue": 4715222, 
        "long_term_average": 392935, 
        "date": "2014-12-31", 
        "operating_revenue": 404661, 
        "short_term_average": 427973
    }, 
    {
        "accumulated_operating_revenue_yoy": 77.5170273407314, 
        "accumulated_operating_revenue": 567403, 
        "long_term_average": 413582, 
        "date": "2015-01-31", 
        "operating_revenue": 567403, 
        "short_term_average": 471320
    }, 
    {
        "accumulated_operating_revenue_yoy": 23.00682780936041, 
        "accumulated_operating_revenue": 949240, 
        "long_term_average": 407730, 
        "date": "2015-02-28", 
        "operating_revenue": 381837, 
        "short_term_average": 451300
    }, 
    {
        "accumulated_operating_revenue_yoy": 19.153554719626797, 
        "accumulated_operating_revenue": 1325625, 
        "long_term_average": 410692, 
        "date": "2015-03-31", 
        "operating_revenue": 376385, 
        "short_term_average": 441875
    }, 
    {
        "accumulated_operating_revenue_yoy": -9.826986795598177, 
        "accumulated_operating_revenue": 1524850, 
        "long_term_average": 379087, 
        "date": "2015-04-30", 
        "operating_revenue": 199225, 
        "short_term_average": 319149
    }, 
    {
        "accumulated_operating_revenue_yoy": -14.703509412898491, 
        "accumulated_operating_revenue": 1804675, 
        "long_term_average": 367010, 
        "date": "2015-05-31", 
        "operating_revenue": 279825, 
        "short_term_average": 285145
    }, 
    {
        "accumulated_operating_revenue_yoy": -8.139899292304497, 
        "accumulated_operating_revenue": 2130955, 
        "long_term_average": 377199, 
        "date": "2015-06-30", 
        "operating_revenue": 326280, 
        "short_term_average": 268443
    }, 
    {
        "accumulated_operating_revenue_yoy": -3.3479365112445536, 
        "accumulated_operating_revenue": 2411584, 
        "long_term_average": 385973, 
        "date": "2015-07-31", 
        "operating_revenue": 280629, 
        "short_term_average": 295578
    }, 
    {
        "accumulated_operating_revenue_yoy": -3.2120805150422296, 
        "accumulated_operating_revenue": 2791924, 
        "long_term_average": 385213, 
        "date": "2015-08-31", 
        "operating_revenue": 380340, 
        "short_term_average": 329083
    }, 
    {
        "accumulated_operating_revenue_yoy": -8.085825172434594, 
        "accumulated_operating_revenue": 3153852, 
        "long_term_average": 369814, 
        "date": "2015-09-30", 
        "operating_revenue": 361928, 
        "short_term_average": 340965
    }, 
    {
        "accumulated_operating_revenue_yoy": -9.764479478062846, 
        "accumulated_operating_revenue": 3490910, 
        "long_term_average": 361455, 
        "date": "2015-10-31", 
        "operating_revenue": 337058, 
        "short_term_average": 359775
    }
]