[
    {
        "date": "2011-09-30", 
        "operating_revenue": 117794, 
        "accumulated_operating_revenue": 117794, 
        "long_term_average": 117794, 
        "short_term_average": 117794
    }, 
    {
        "date": "2011-10-31", 
        "operating_revenue": 174544, 
        "accumulated_operating_revenue": 292338, 
        "long_term_average": 146169, 
        "short_term_average": 146169
    }, 
    {
        "date": "2011-11-30", 
        "operating_revenue": 129527, 
        "accumulated_operating_revenue": 421865, 
        "long_term_average": 140621, 
        "short_term_average": 140621
    }, 
    {
        "date": "2011-12-31", 
        "operating_revenue": 123289, 
        "accumulated_operating_revenue": 545154, 
        "long_term_average": 136288, 
        "short_term_average": 142453
    }, 
    {
        "date": "2012-01-31", 
        "operating_revenue": 102833, 
        "accumulated_operating_revenue": 102833, 
        "long_term_average": 129597, 
        "short_term_average": 118549
    }, 
    {
        "date": "2012-02-29", 
        "operating_revenue": 106705, 
        "accumulated_operating_revenue": 209538, 
        "long_term_average": 125782, 
        "short_term_average": 110942
    }, 
    {
        "date": "2012-03-31", 
        "operating_revenue": 111139, 
        "accumulated_operating_revenue": 320677, 
        "long_term_average": 123690, 
        "short_term_average": 106892
    }, 
    {
        "date": "2012-04-30", 
        "operating_revenue": 94645, 
        "accumulated_operating_revenue": 415322, 
        "long_term_average": 120059, 
        "short_term_average": 104163
    }, 
    {
        "date": "2012-05-31", 
        "operating_revenue": 95181, 
        "accumulated_operating_revenue": 510503, 
        "long_term_average": 117295, 
        "short_term_average": 100321
    }, 
    {
        "date": "2012-06-30", 
        "operating_revenue": 98111, 
        "accumulated_operating_revenue": 608614, 
        "long_term_average": 115376, 
        "short_term_average": 95979
    }, 
    {
        "date": "2012-07-31", 
        "operating_revenue": 115226, 
        "accumulated_operating_revenue": 723840, 
        "long_term_average": 115363, 
        "short_term_average": 102839
    }, 
    {
        "date": "2012-08-31", 
        "operating_revenue": 96190, 
        "accumulated_operating_revenue": 820030, 
        "long_term_average": 113765, 
        "short_term_average": 103175
    }, 
    {
        "accumulated_operating_revenue_yoy": 695.5812689950252, 
        "accumulated_operating_revenue": 937147, 
        "long_term_average": 113708, 
        "date": "2012-09-30", 
        "operating_revenue": 117117, 
        "short_term_average": 109511
    }, 
    {
        "accumulated_operating_revenue_yoy": 257.7779830196553, 
        "accumulated_operating_revenue": 1045921, 
        "long_term_average": 108228, 
        "date": "2012-10-31", 
        "operating_revenue": 108774, 
        "short_term_average": 107360
    }, 
    {
        "accumulated_operating_revenue_yoy": 174.74476432033944, 
        "accumulated_operating_revenue": 1159052, 
        "long_term_average": 106861, 
        "date": "2012-11-30", 
        "operating_revenue": 113131, 
        "short_term_average": 113007
    }, 
    {
        "accumulated_operating_revenue_yoy": 129.25045033146597, 
        "accumulated_operating_revenue": 1249768, 
        "long_term_average": 104147, 
        "date": "2012-12-31", 
        "operating_revenue": 90716, 
        "short_term_average": 104207
    }, 
    {
        "accumulated_operating_revenue_yoy": -8.658699055750587, 
        "accumulated_operating_revenue": 93929, 
        "long_term_average": 103405, 
        "date": "2013-01-31", 
        "operating_revenue": 93929, 
        "short_term_average": 99258
    }, 
    {
        "accumulated_operating_revenue_yoy": -17.24699099924596, 
        "accumulated_operating_revenue": 173399, 
        "long_term_average": 101135, 
        "date": "2013-02-28", 
        "operating_revenue": 79470, 
        "short_term_average": 88038
    }, 
    {
        "accumulated_operating_revenue_yoy": -18.29473270611862, 
        "accumulated_operating_revenue": 262010, 
        "long_term_average": 99258, 
        "date": "2013-03-31", 
        "operating_revenue": 88611, 
        "short_term_average": 87336
    }, 
    {
        "accumulated_operating_revenue_yoy": -18.47361806020389, 
        "accumulated_operating_revenue": 338597, 
        "long_term_average": 97753, 
        "date": "2013-04-30", 
        "operating_revenue": 76587, 
        "short_term_average": 81556
    }, 
    {
        "accumulated_operating_revenue_yoy": -17.20224954603597, 
        "accumulated_operating_revenue": 422685, 
        "long_term_average": 96829, 
        "date": "2013-05-31", 
        "operating_revenue": 84088, 
        "short_term_average": 83095
    }, 
    {
        "accumulated_operating_revenue_yoy": -17.71927691443181, 
        "accumulated_operating_revenue": 500772, 
        "long_term_average": 95160, 
        "date": "2013-06-30", 
        "operating_revenue": 78087, 
        "short_term_average": 79587
    }, 
    {
        "accumulated_operating_revenue_yoy": -19.429570070733863, 
        "accumulated_operating_revenue": 583201, 
        "long_term_average": 92427, 
        "date": "2013-07-31", 
        "operating_revenue": 82429, 
        "short_term_average": 81534
    }, 
    {
        "accumulated_operating_revenue_yoy": -18.39322951599332, 
        "accumulated_operating_revenue": 669200, 
        "long_term_average": 91578, 
        "date": "2013-08-31", 
        "operating_revenue": 85999, 
        "short_term_average": 82171
    }, 
    {
        "accumulated_operating_revenue_yoy": -18.57670141397241, 
        "accumulated_operating_revenue": 763056, 
        "long_term_average": 89639, 
        "date": "2013-09-30", 
        "operating_revenue": 93856, 
        "short_term_average": 87428
    }, 
    {
        "accumulated_operating_revenue_yoy": -19.033273067468766, 
        "accumulated_operating_revenue": 846848, 
        "long_term_average": 87557, 
        "date": "2013-10-31", 
        "operating_revenue": 83792, 
        "short_term_average": 87882
    }, 
    {
        "accumulated_operating_revenue_yoy": -20.050524048964153, 
        "accumulated_operating_revenue": 926656, 
        "long_term_average": 84781, 
        "date": "2013-11-30", 
        "operating_revenue": 79808, 
        "short_term_average": 85818
    }, 
    {
        "accumulated_operating_revenue_yoy": -19.757827052700982, 
        "accumulated_operating_revenue": 1002841, 
        "long_term_average": 83570, 
        "date": "2013-12-31", 
        "operating_revenue": 76185, 
        "short_term_average": 79928
    }, 
    {
        "accumulated_operating_revenue_yoy": -26.121857999127002, 
        "accumulated_operating_revenue": 69393, 
        "long_term_average": 81525, 
        "date": "2014-01-31", 
        "operating_revenue": 69393, 
        "short_term_average": 75128
    }, 
    {
        "accumulated_operating_revenue_yoy": -20.502425042820317, 
        "accumulated_operating_revenue": 137848, 
        "long_term_average": 80607, 
        "date": "2014-02-28", 
        "operating_revenue": 68455, 
        "short_term_average": 71344
    }, 
    {
        "accumulated_operating_revenue_yoy": -15.094462043433458, 
        "accumulated_operating_revenue": 222461, 
        "long_term_average": 80274, 
        "date": "2014-03-31", 
        "operating_revenue": 84613, 
        "short_term_average": 74153
    }, 
    {
        "accumulated_operating_revenue_yoy": -11.385216053302303, 
        "accumulated_operating_revenue": 300047, 
        "long_term_average": 80357, 
        "date": "2014-04-30", 
        "operating_revenue": 77586, 
        "short_term_average": 76884
    }, 
    {
        "accumulated_operating_revenue_yoy": -14.496847534215787, 
        "accumulated_operating_revenue": 361409, 
        "long_term_average": 78463, 
        "date": "2014-05-31", 
        "operating_revenue": 61362, 
        "short_term_average": 74520
    }, 
    {
        "accumulated_operating_revenue_yoy": -15.2836021183293, 
        "accumulated_operating_revenue": 424236, 
        "long_term_average": 77192, 
        "date": "2014-06-30", 
        "operating_revenue": 62827, 
        "short_term_average": 67258
    }, 
    {
        "accumulated_operating_revenue_yoy": -14.308960375582346, 
        "accumulated_operating_revenue": 499751, 
        "long_term_average": 76615, 
        "date": "2014-07-31", 
        "operating_revenue": 75515, 
        "short_term_average": 66568
    }, 
    {
        "accumulated_operating_revenue_yoy": -15.706515242080096, 
        "accumulated_operating_revenue": 564092, 
        "long_term_average": 74811, 
        "date": "2014-08-31", 
        "operating_revenue": 64341, 
        "short_term_average": 67561
    }, 
    {
        "accumulated_operating_revenue_yoy": -17.3617663710134, 
        "accumulated_operating_revenue": 630576, 
        "long_term_average": 72530, 
        "date": "2014-09-30", 
        "operating_revenue": 66484, 
        "short_term_average": 68780
    }, 
    {
        "accumulated_operating_revenue_yoy": -16.986047082829504, 
        "accumulated_operating_revenue": 703002, 
        "long_term_average": 71582, 
        "date": "2014-10-31", 
        "operating_revenue": 72426, 
        "short_term_average": 67750
    }, 
    {
        "accumulated_operating_revenue_yoy": -17.100952241176877, 
        "accumulated_operating_revenue": 768189, 
        "long_term_average": 70364, 
        "date": "2014-11-30", 
        "operating_revenue": 65187, 
        "short_term_average": 68032
    }, 
    {
        "accumulated_operating_revenue_yoy": -16.759785449537862, 
        "accumulated_operating_revenue": 834767, 
        "long_term_average": 69563, 
        "date": "2014-12-31", 
        "operating_revenue": 66578, 
        "short_term_average": 68063
    }, 
    {
        "accumulated_operating_revenue_yoy": 16.645771187295548, 
        "accumulated_operating_revenue": 80944, 
        "long_term_average": 70526, 
        "date": "2015-01-31", 
        "operating_revenue": 80944, 
        "short_term_average": 70903
    }, 
    {
        "accumulated_operating_revenue_yoy": 18.93752539028495, 
        "accumulated_operating_revenue": 163953, 
        "long_term_average": 71739, 
        "date": "2015-02-28", 
        "operating_revenue": 83009, 
        "short_term_average": 76843
    }, 
    {
        "accumulated_operating_revenue_yoy": 14.438485846957445, 
        "accumulated_operating_revenue": 254581, 
        "long_term_average": 72240, 
        "date": "2015-03-31", 
        "operating_revenue": 90628, 
        "short_term_average": 84860
    }, 
    {
        "accumulated_operating_revenue_yoy": 12.13076617996514, 
        "accumulated_operating_revenue": 336445, 
        "long_term_average": 72597, 
        "date": "2015-04-30", 
        "operating_revenue": 81864, 
        "short_term_average": 85167
    }, 
    {
        "accumulated_operating_revenue_yoy": 12.671792899457401, 
        "accumulated_operating_revenue": 407206, 
        "long_term_average": 73380, 
        "date": "2015-05-31", 
        "operating_revenue": 70761, 
        "short_term_average": 81084
    }, 
    {
        "accumulated_operating_revenue_yoy": 14.406603871430054, 
        "accumulated_operating_revenue": 485354, 
        "long_term_average": 74657, 
        "date": "2015-06-30", 
        "operating_revenue": 78148, 
        "short_term_average": 76924
    }, 
    {
        "accumulated_operating_revenue_yoy": 12.77896392403417, 
        "accumulated_operating_revenue": 563614, 
        "long_term_average": 74885, 
        "date": "2015-07-31", 
        "operating_revenue": 78260, 
        "short_term_average": 75723
    }, 
    {
        "accumulated_operating_revenue_yoy": 12.755366145947825, 
        "accumulated_operating_revenue": 636044, 
        "long_term_average": 75559, 
        "date": "2015-08-31", 
        "operating_revenue": 72430, 
        "short_term_average": 76279
    }, 
    {
        "accumulated_operating_revenue_yoy": 13.00366648905128, 
        "accumulated_operating_revenue": 712574, 
        "long_term_average": 76397, 
        "date": "2015-09-30", 
        "operating_revenue": 76530, 
        "short_term_average": 75740
    }
]