[
    {
        "date": "2011-09-30", 
        "operating_revenue": 258725, 
        "accumulated_operating_revenue": 258725, 
        "long_term_average": 258725, 
        "short_term_average": 258725
    }, 
    {
        "date": "2011-10-31", 
        "operating_revenue": 335543, 
        "accumulated_operating_revenue": 594268, 
        "long_term_average": 297134, 
        "short_term_average": 297134
    }, 
    {
        "date": "2011-11-30", 
        "operating_revenue": 339003, 
        "accumulated_operating_revenue": 933271, 
        "long_term_average": 311090, 
        "short_term_average": 311090
    }, 
    {
        "date": "2011-12-31", 
        "operating_revenue": 330719, 
        "accumulated_operating_revenue": 1263990, 
        "long_term_average": 315997, 
        "short_term_average": 335088
    }, 
    {
        "date": "2012-01-31", 
        "operating_revenue": 301371, 
        "accumulated_operating_revenue": 301371, 
        "long_term_average": 313072, 
        "short_term_average": 323697
    }, 
    {
        "date": "2012-02-29", 
        "operating_revenue": 327554, 
        "accumulated_operating_revenue": 628925, 
        "long_term_average": 315485, 
        "short_term_average": 319881
    }, 
    {
        "date": "2012-03-31", 
        "operating_revenue": 325070, 
        "accumulated_operating_revenue": 953995, 
        "long_term_average": 316855, 
        "short_term_average": 317998
    }, 
    {
        "date": "2012-04-30", 
        "operating_revenue": 364844, 
        "accumulated_operating_revenue": 1318839, 
        "long_term_average": 322853, 
        "short_term_average": 339156
    }, 
    {
        "date": "2012-05-31", 
        "operating_revenue": 351881, 
        "accumulated_operating_revenue": 1670720, 
        "long_term_average": 326078, 
        "short_term_average": 347265
    }, 
    {
        "date": "2012-06-30", 
        "operating_revenue": 249491, 
        "accumulated_operating_revenue": 1920211, 
        "long_term_average": 318420, 
        "short_term_average": 322072
    }, 
    {
        "date": "2012-07-31", 
        "operating_revenue": 422024, 
        "accumulated_operating_revenue": 2342235, 
        "long_term_average": 327838, 
        "short_term_average": 341132
    }, 
    {
        "date": "2012-08-31", 
        "operating_revenue": 398993, 
        "accumulated_operating_revenue": 2741228, 
        "long_term_average": 333768, 
        "short_term_average": 356836
    }, 
    {
        "accumulated_operating_revenue_yoy": 1077.0022224369504, 
        "accumulated_operating_revenue": 3045199, 
        "long_term_average": 337538, 
        "date": "2012-09-30", 
        "operating_revenue": 303971, 
        "short_term_average": 374996
    }, 
    {
        "accumulated_operating_revenue_yoy": 463.55566848627217, 
        "accumulated_operating_revenue": 3349031, 
        "long_term_average": 334896, 
        "date": "2012-10-31", 
        "operating_revenue": 303832, 
        "short_term_average": 335598
    }, 
    {
        "accumulated_operating_revenue_yoy": 296.2144971824904, 
        "accumulated_operating_revenue": 3697755, 
        "long_term_average": 335706, 
        "date": "2012-11-30", 
        "operating_revenue": 348724, 
        "short_term_average": 318842
    }, 
    {
        "accumulated_operating_revenue_yoy": 218.9414473215769, 
        "accumulated_operating_revenue": 4031388, 
        "long_term_average": 335949, 
        "date": "2012-12-31", 
        "operating_revenue": 333633, 
        "short_term_average": 328729
    }, 
    {
        "accumulated_operating_revenue_yoy": 24.160917938355052, 
        "accumulated_operating_revenue": 374185, 
        "long_term_average": 342016, 
        "date": "2013-01-31", 
        "operating_revenue": 374185, 
        "short_term_average": 352180
    }, 
    {
        "accumulated_operating_revenue_yoy": 9.334658345589697, 
        "accumulated_operating_revenue": 687633, 
        "long_term_average": 340841, 
        "date": "2013-02-28", 
        "operating_revenue": 313448, 
        "short_term_average": 340422
    }, 
    {
        "accumulated_operating_revenue_yoy": 13.580888788725307, 
        "accumulated_operating_revenue": 1083556, 
        "long_term_average": 346745, 
        "date": "2013-03-31", 
        "operating_revenue": 395923, 
        "short_term_average": 361185
    }, 
    {
        "accumulated_operating_revenue_yoy": 10.230740825832418, 
        "accumulated_operating_revenue": 1453766, 
        "long_term_average": 347192, 
        "date": "2013-04-30", 
        "operating_revenue": 370210, 
        "short_term_average": 359860
    }, 
    {
        "accumulated_operating_revenue_yoy": 11.279388527102089, 
        "accumulated_operating_revenue": 1859167, 
        "long_term_average": 351652, 
        "date": "2013-05-31", 
        "operating_revenue": 405401, 
        "short_term_average": 390511
    }, 
    {
        "accumulated_operating_revenue_yoy": 16.1589012874106, 
        "accumulated_operating_revenue": 2230496, 
        "long_term_average": 361806, 
        "date": "2013-06-30", 
        "operating_revenue": 371329, 
        "short_term_average": 382313
    }, 
    {
        "accumulated_operating_revenue_yoy": 10.182453938225668, 
        "accumulated_operating_revenue": 2580732, 
        "long_term_average": 355823, 
        "date": "2013-07-31", 
        "operating_revenue": 350236, 
        "short_term_average": 375655
    }, 
    {
        "accumulated_operating_revenue_yoy": 5.093228290386644, 
        "accumulated_operating_revenue": 2880845, 
        "long_term_average": 347583, 
        "date": "2013-08-31", 
        "operating_revenue": 300113, 
        "short_term_average": 340559
    }, 
    {
        "accumulated_operating_revenue_yoy": 2.2332202263300363, 
        "accumulated_operating_revenue": 3113205, 
        "long_term_average": 341616, 
        "date": "2013-09-30", 
        "operating_revenue": 232360, 
        "short_term_average": 294236
    }, 
    {
        "accumulated_operating_revenue_yoy": 1.929334186515443, 
        "accumulated_operating_revenue": 3413645, 
        "long_term_average": 341333, 
        "date": "2013-10-31", 
        "operating_revenue": 300440, 
        "short_term_average": 277637
    }, 
    {
        "accumulated_operating_revenue_yoy": 1.1364192597941183, 
        "accumulated_operating_revenue": 3739777, 
        "long_term_average": 339450, 
        "date": "2013-11-30", 
        "operating_revenue": 326132, 
        "short_term_average": 286310
    }, 
    {
        "accumulated_operating_revenue_yoy": -0.11752775966987052, 
        "accumulated_operating_revenue": 4026650, 
        "long_term_average": 335554, 
        "date": "2013-12-31", 
        "operating_revenue": 286873, 
        "short_term_average": 304481
    }, 
    {
        "accumulated_operating_revenue_yoy": -35.02705880780897, 
        "accumulated_operating_revenue": 243119, 
        "long_term_average": 324632, 
        "date": "2014-01-31", 
        "operating_revenue": 243119, 
        "short_term_average": 285374
    }, 
    {
        "accumulated_operating_revenue_yoy": -38.0284250465001, 
        "accumulated_operating_revenue": 426137, 
        "long_term_average": 313762, 
        "date": "2014-02-28", 
        "operating_revenue": 183018, 
        "short_term_average": 237670
    }, 
    {
        "accumulated_operating_revenue_yoy": -42.063538940303964, 
        "accumulated_operating_revenue": 627774, 
        "long_term_average": 297572, 
        "date": "2014-03-31", 
        "operating_revenue": 201637, 
        "short_term_average": 209258
    }, 
    {
        "accumulated_operating_revenue_yoy": -37.70139073275892, 
        "accumulated_operating_revenue": 905676, 
        "long_term_average": 289880, 
        "date": "2014-04-30", 
        "operating_revenue": 277902, 
        "short_term_average": 220852
    }, 
    {
        "accumulated_operating_revenue_yoy": -33.264682516417295, 
        "accumulated_operating_revenue": 1240721, 
        "long_term_average": 284017, 
        "date": "2014-05-31", 
        "operating_revenue": 335045, 
        "short_term_average": 271528
    }, 
    {
        "accumulated_operating_revenue_yoy": -29.822111315151428, 
        "accumulated_operating_revenue": 1565315, 
        "long_term_average": 280122, 
        "date": "2014-06-30", 
        "operating_revenue": 324594, 
        "short_term_average": 312513
    }, 
    {
        "accumulated_operating_revenue_yoy": -25.157474700976312, 
        "accumulated_operating_revenue": 1931485, 
        "long_term_average": 281450, 
        "date": "2014-07-31", 
        "operating_revenue": 366170, 
        "short_term_average": 341936
    }, 
    {
        "accumulated_operating_revenue_yoy": -19.87739708314748, 
        "accumulated_operating_revenue": 2308208, 
        "long_term_average": 287834, 
        "date": "2014-08-31", 
        "operating_revenue": 376723, 
        "short_term_average": 355829
    }, 
    {
        "accumulated_operating_revenue_yoy": -13.307058160320311, 
        "accumulated_operating_revenue": 2698929, 
        "long_term_average": 301031, 
        "date": "2014-09-30", 
        "operating_revenue": 390721, 
        "short_term_average": 377871
    }, 
    {
        "accumulated_operating_revenue_yoy": -7.010863754139636, 
        "accumulated_operating_revenue": 3174319, 
        "long_term_average": 315610, 
        "date": "2014-10-31", 
        "operating_revenue": 475390, 
        "short_term_average": 414278
    }, 
    {
        "accumulated_operating_revenue_yoy": -2.535846388701786, 
        "accumulated_operating_revenue": 3644942, 
        "long_term_average": 327651, 
        "date": "2014-11-30", 
        "operating_revenue": 470623, 
        "short_term_average": 445578
    }, 
    {
        "accumulated_operating_revenue_yoy": 1.8978555374815294, 
        "accumulated_operating_revenue": 4103070, 
        "long_term_average": 341922, 
        "date": "2014-12-31", 
        "operating_revenue": 458128, 
        "short_term_average": 468047
    }, 
    {
        "accumulated_operating_revenue_yoy": 72.84663066235053, 
        "accumulated_operating_revenue": 420223, 
        "long_term_average": 356681, 
        "date": "2015-01-31", 
        "operating_revenue": 420223, 
        "short_term_average": 449658
    }, 
    {
        "accumulated_operating_revenue_yoy": 64.47832504570127, 
        "accumulated_operating_revenue": 700903, 
        "long_term_average": 364819, 
        "date": "2015-02-28", 
        "operating_revenue": 280680, 
        "short_term_average": 386343
    }, 
    {
        "accumulated_operating_revenue_yoy": 60.26022103495844, 
        "accumulated_operating_revenue": 1006072, 
        "long_term_average": 373447, 
        "date": "2015-03-31", 
        "operating_revenue": 305169, 
        "short_term_average": 335357
    }, 
    {
        "accumulated_operating_revenue_yoy": 43.39156607881847, 
        "accumulated_operating_revenue": 1298663, 
        "long_term_average": 374671, 
        "date": "2015-04-30", 
        "operating_revenue": 292591, 
        "short_term_average": 292813
    }, 
    {
        "accumulated_operating_revenue_yoy": 22.117139953301347, 
        "accumulated_operating_revenue": 1515133, 
        "long_term_average": 364790, 
        "date": "2015-05-31", 
        "operating_revenue": 216470, 
        "short_term_average": 271410
    }, 
    {
        "accumulated_operating_revenue_yoy": 15.963176740783805, 
        "accumulated_operating_revenue": 1815189, 
        "long_term_average": 362745, 
        "date": "2015-06-30", 
        "operating_revenue": 300056, 
        "short_term_average": 269705
    }, 
    {
        "accumulated_operating_revenue_yoy": 8.167601612231005, 
        "accumulated_operating_revenue": 2089241, 
        "long_term_average": 355068, 
        "date": "2015-07-31", 
        "operating_revenue": 274052, 
        "short_term_average": 263526
    }, 
    {
        "accumulated_operating_revenue_yoy": 3.7960183830919916, 
        "accumulated_operating_revenue": 2395828, 
        "long_term_average": 349224, 
        "date": "2015-08-31", 
        "operating_revenue": 306587, 
        "short_term_average": 293565
    }, 
    {
        "accumulated_operating_revenue_yoy": 0.08962814509014501, 
        "accumulated_operating_revenue": 2701348, 
        "long_term_average": 342124, 
        "date": "2015-09-30", 
        "operating_revenue": 305520, 
        "short_term_average": 295386
    }
]