[
    {
        "date": "2012-01-31", 
        "operating_revenue": 230483, 
        "accumulated_operating_revenue": 230483, 
        "long_term_average": 230483, 
        "short_term_average": 230483
    }, 
    {
        "date": "2012-02-29", 
        "operating_revenue": 364434, 
        "accumulated_operating_revenue": 594917, 
        "long_term_average": 297458, 
        "short_term_average": 297458
    }, 
    {
        "date": "2012-03-31", 
        "operating_revenue": 439595, 
        "accumulated_operating_revenue": 1034512, 
        "long_term_average": 344837, 
        "short_term_average": 344837
    }, 
    {
        "date": "2012-04-30", 
        "operating_revenue": 201205, 
        "accumulated_operating_revenue": 1235717, 
        "long_term_average": 308929, 
        "short_term_average": 335078
    }, 
    {
        "date": "2012-05-31", 
        "operating_revenue": 270405, 
        "accumulated_operating_revenue": 1506122, 
        "long_term_average": 301224, 
        "short_term_average": 303735
    }, 
    {
        "date": "2012-06-30", 
        "operating_revenue": 352448, 
        "accumulated_operating_revenue": 1858570, 
        "long_term_average": 309761, 
        "short_term_average": 274686
    }, 
    {
        "date": "2012-07-31", 
        "operating_revenue": 187699, 
        "accumulated_operating_revenue": 2046269, 
        "long_term_average": 292324, 
        "short_term_average": 270184
    }, 
    {
        "date": "2012-08-31", 
        "operating_revenue": 150999, 
        "accumulated_operating_revenue": 2197268, 
        "long_term_average": 274658, 
        "short_term_average": 230382
    }, 
    {
        "date": "2012-09-30", 
        "operating_revenue": 174591, 
        "accumulated_operating_revenue": 2371859, 
        "long_term_average": 263539, 
        "short_term_average": 171096
    }, 
    {
        "date": "2012-10-31", 
        "operating_revenue": 165243, 
        "accumulated_operating_revenue": 2537102, 
        "long_term_average": 253710, 
        "short_term_average": 163611
    }, 
    {
        "date": "2012-11-30", 
        "operating_revenue": 94340, 
        "accumulated_operating_revenue": 2631442, 
        "long_term_average": 239222, 
        "short_term_average": 144724
    }, 
    {
        "date": "2012-12-31", 
        "operating_revenue": 230135, 
        "accumulated_operating_revenue": 2861577, 
        "long_term_average": 238464, 
        "short_term_average": 163239
    }, 
    {
        "accumulated_operating_revenue_yoy": -1.860007028717953, 
        "accumulated_operating_revenue": 226196, 
        "long_term_average": 238107, 
        "date": "2013-01-31", 
        "operating_revenue": 226196, 
        "short_term_average": 183557
    }, 
    {
        "accumulated_operating_revenue_yoy": -35.62799516571219, 
        "accumulated_operating_revenue": 382960, 
        "long_term_average": 220801, 
        "date": "2013-02-28", 
        "operating_revenue": 156764, 
        "short_term_average": 204365
    }, 
    {
        "accumulated_operating_revenue_yoy": -40.93311629057952, 
        "accumulated_operating_revenue": 611054, 
        "long_term_average": 203176, 
        "date": "2013-03-31", 
        "operating_revenue": 228094, 
        "short_term_average": 203684
    }, 
    {
        "accumulated_operating_revenue_yoy": -23.64926597271058, 
        "accumulated_operating_revenue": 943479, 
        "long_term_average": 214111, 
        "date": "2013-04-30", 
        "operating_revenue": 332425, 
        "short_term_average": 239094
    }, 
    {
        "accumulated_operating_revenue_yoy": -21.846039032694563, 
        "accumulated_operating_revenue": 1177094, 
        "long_term_average": 211045, 
        "date": "2013-05-31", 
        "operating_revenue": 233615, 
        "short_term_average": 264711
    }, 
    {
        "accumulated_operating_revenue_yoy": -25.67032718703089, 
        "accumulated_operating_revenue": 1381469, 
        "long_term_average": 198706, 
        "date": "2013-06-30", 
        "operating_revenue": 204375, 
        "short_term_average": 256805
    }, 
    {
        "accumulated_operating_revenue_yoy": 22.705763513985698, 
        "accumulated_operating_revenue": 2510890, 
        "long_term_average": 277183, 
        "date": "2013-07-31", 
        "operating_revenue": 1129421, 
        "short_term_average": 522470
    }, 
    {
        "accumulated_operating_revenue_yoy": 35.38466859754932, 
        "accumulated_operating_revenue": 2974764, 
        "long_term_average": 303256, 
        "date": "2013-08-31", 
        "operating_revenue": 463874, 
        "short_term_average": 599223
    }, 
    {
        "accumulated_operating_revenue_yoy": 44.58684095471105, 
        "accumulated_operating_revenue": 3429396, 
        "long_term_average": 326592, 
        "date": "2013-09-30", 
        "operating_revenue": 454632, 
        "short_term_average": 682642
    }, 
    {
        "accumulated_operating_revenue_yoy": 44.48165663028132, 
        "accumulated_operating_revenue": 3665647, 
        "long_term_average": 332510, 
        "date": "2013-10-31", 
        "operating_revenue": 236251, 
        "short_term_average": 384919
    }, 
    {
        "accumulated_operating_revenue_yoy": 94.34838388989763, 
        "accumulated_operating_revenue": 5114165, 
        "long_term_average": 445358, 
        "date": "2013-11-30", 
        "operating_revenue": 1448518, 
        "short_term_average": 713133
    }, 
    {
        "accumulated_operating_revenue_yoy": 185.73171366697454, 
        "accumulated_operating_revenue": 8176433, 
        "long_term_average": 681369, 
        "date": "2013-12-31", 
        "operating_revenue": 3062268, 
        "short_term_average": 1582345
    }, 
    {
        "accumulated_operating_revenue_yoy": 56.728677783868854, 
        "accumulated_operating_revenue": 354514, 
        "long_term_average": 692062, 
        "date": "2014-01-31", 
        "operating_revenue": 354514, 
        "short_term_average": 1621766
    }, 
    {
        "accumulated_operating_revenue_yoy": 51.16565698767496, 
        "accumulated_operating_revenue": 578904, 
        "long_term_average": 697698, 
        "date": "2014-02-28", 
        "operating_revenue": 224390, 
        "short_term_average": 1213724
    }, 
    {
        "accumulated_operating_revenue_yoy": 72.85248112278128, 
        "accumulated_operating_revenue": 1056222, 
        "long_term_average": 718466, 
        "date": "2014-03-31", 
        "operating_revenue": 477318, 
        "short_term_average": 352074
    }, 
    {
        "accumulated_operating_revenue_yoy": 35.04084351638988, 
        "accumulated_operating_revenue": 1274082, 
        "long_term_average": 708919, 
        "date": "2014-04-30", 
        "operating_revenue": 217860, 
        "short_term_average": 306522
    }, 
    {
        "accumulated_operating_revenue_yoy": 23.82180182721176, 
        "accumulated_operating_revenue": 1457499, 
        "long_term_average": 704736, 
        "date": "2014-05-31", 
        "operating_revenue": 183417, 
        "short_term_average": 292865
    }, 
    {
        "accumulated_operating_revenue_yoy": 32.54354603686366, 
        "accumulated_operating_revenue": 1831048, 
        "long_term_average": 718834, 
        "date": "2014-06-30", 
        "operating_revenue": 373549, 
        "short_term_average": 258275
    }, 
    {
        "accumulated_operating_revenue_yoy": -20.14795550581666, 
        "accumulated_operating_revenue": 2004997, 
        "long_term_average": 639211, 
        "date": "2014-07-31", 
        "operating_revenue": 173949, 
        "short_term_average": 243638
    }, 
    {
        "accumulated_operating_revenue_yoy": -26.620363833904136, 
        "accumulated_operating_revenue": 2182871, 
        "long_term_average": 615378, 
        "date": "2014-08-31", 
        "operating_revenue": 177874, 
        "short_term_average": 241790
    }, 
    {
        "accumulated_operating_revenue_yoy": -29.868145877583107, 
        "accumulated_operating_revenue": 2405099, 
        "long_term_average": 596011, 
        "date": "2014-09-30", 
        "operating_revenue": 222228, 
        "short_term_average": 191350
    }, 
    {
        "accumulated_operating_revenue_yoy": -28.866227435429543, 
        "accumulated_operating_revenue": 2607513, 
        "long_term_average": 593191, 
        "date": "2014-10-31", 
        "operating_revenue": 202414, 
        "short_term_average": 200838
    }, 
    {
        "accumulated_operating_revenue_yoy": -41.89767048970849, 
        "accumulated_operating_revenue": 2971449, 
        "long_term_average": 502809, 
        "date": "2014-11-30", 
        "operating_revenue": 363936, 
        "short_term_average": 262859
    }, 
    {
        "accumulated_operating_revenue_yoy": -54.89458545064822, 
        "accumulated_operating_revenue": 3688014, 
        "long_term_average": 307334, 
        "date": "2014-12-31", 
        "operating_revenue": 716565, 
        "short_term_average": 427638
    }, 
    {
        "accumulated_operating_revenue_yoy": -52.267893510552476, 
        "accumulated_operating_revenue": 169217, 
        "long_term_average": 291893, 
        "date": "2015-01-31", 
        "operating_revenue": 169217, 
        "short_term_average": 416572
    }, 
    {
        "accumulated_operating_revenue_yoy": -39.931491231706815, 
        "accumulated_operating_revenue": 347739, 
        "long_term_average": 288070, 
        "date": "2015-02-28", 
        "operating_revenue": 178522, 
        "short_term_average": 354768
    }, 
    {
        "accumulated_operating_revenue_yoy": -51.34990560696521, 
        "accumulated_operating_revenue": 513853, 
        "long_term_average": 262137, 
        "date": "2015-03-31", 
        "operating_revenue": 166114, 
        "short_term_average": 171284
    }, 
    {
        "accumulated_operating_revenue_yoy": -46.49041427474841, 
        "accumulated_operating_revenue": 681756, 
        "long_term_average": 257974, 
        "date": "2015-04-30", 
        "operating_revenue": 167903, 
        "short_term_average": 170846
    }, 
    {
        "accumulated_operating_revenue_yoy": -39.68380081221325, 
        "accumulated_operating_revenue": 879108, 
        "long_term_average": 259135, 
        "date": "2015-05-31", 
        "operating_revenue": 197352, 
        "short_term_average": 177123
    }, 
    {
        "accumulated_operating_revenue_yoy": -45.49968105696847, 
        "accumulated_operating_revenue": 997927, 
        "long_term_average": 237907, 
        "date": "2015-06-30", 
        "operating_revenue": 118819, 
        "short_term_average": 161358
    }, 
    {
        "accumulated_operating_revenue_yoy": -41.24734351223468, 
        "accumulated_operating_revenue": 1177989, 
        "long_term_average": 238417, 
        "date": "2015-07-31", 
        "operating_revenue": 180062, 
        "short_term_average": 165411
    }, 
    {
        "accumulated_operating_revenue_yoy": -37.0897776368828, 
        "accumulated_operating_revenue": 1373249, 
        "long_term_average": 239866, 
        "date": "2015-08-31", 
        "operating_revenue": 195260, 
        "short_term_average": 164713
    }
]