[
    {
        "date": "2012-01-31", 
        "operating_revenue": 275597, 
        "accumulated_operating_revenue": 275597, 
        "long_term_average": 275597, 
        "short_term_average": 275597
    }, 
    {
        "date": "2012-02-29", 
        "operating_revenue": 178452, 
        "accumulated_operating_revenue": 454049, 
        "long_term_average": 227024, 
        "short_term_average": 227024
    }, 
    {
        "date": "2012-03-31", 
        "operating_revenue": 291628, 
        "accumulated_operating_revenue": 745677, 
        "long_term_average": 248559, 
        "short_term_average": 248559
    }, 
    {
        "date": "2012-04-30", 
        "operating_revenue": 289524, 
        "accumulated_operating_revenue": 1035201, 
        "long_term_average": 258800, 
        "short_term_average": 253201
    }, 
    {
        "date": "2012-05-31", 
        "operating_revenue": 333492, 
        "accumulated_operating_revenue": 1368693, 
        "long_term_average": 273738, 
        "short_term_average": 304881
    }, 
    {
        "date": "2012-06-30", 
        "operating_revenue": 207255, 
        "accumulated_operating_revenue": 1575948, 
        "long_term_average": 262658, 
        "short_term_average": 276757
    }, 
    {
        "date": "2012-07-31", 
        "operating_revenue": 251903, 
        "accumulated_operating_revenue": 1827851, 
        "long_term_average": 261121, 
        "short_term_average": 264216
    }, 
    {
        "date": "2012-08-31", 
        "operating_revenue": 155572, 
        "accumulated_operating_revenue": 1983423, 
        "long_term_average": 247927, 
        "short_term_average": 204910
    }, 
    {
        "date": "2012-09-30", 
        "operating_revenue": 227722, 
        "accumulated_operating_revenue": 2211145, 
        "long_term_average": 245682, 
        "short_term_average": 211732
    }, 
    {
        "date": "2012-10-31", 
        "operating_revenue": 150088, 
        "accumulated_operating_revenue": 2361233, 
        "long_term_average": 236123, 
        "short_term_average": 177794
    }, 
    {
        "date": "2012-11-30", 
        "operating_revenue": 237000, 
        "accumulated_operating_revenue": 2598233, 
        "long_term_average": 236203, 
        "short_term_average": 204936
    }, 
    {
        "date": "2012-12-31", 
        "operating_revenue": 138327, 
        "accumulated_operating_revenue": 2736560, 
        "long_term_average": 228046, 
        "short_term_average": 175138
    }, 
    {
        "accumulated_operating_revenue_yoy": 24.165357387779984, 
        "accumulated_operating_revenue": 342196, 
        "long_term_average": 233596, 
        "date": "2013-01-31", 
        "operating_revenue": 342196, 
        "short_term_average": 239174
    }, 
    {
        "accumulated_operating_revenue_yoy": 1.3665925924294515, 
        "accumulated_operating_revenue": 460254, 
        "long_term_average": 228563, 
        "date": "2013-02-28", 
        "operating_revenue": 118058, 
        "short_term_average": 199527
    }, 
    {
        "accumulated_operating_revenue_yoy": -8.001453712532369, 
        "accumulated_operating_revenue": 686012, 
        "long_term_average": 223074, 
        "date": "2013-03-31", 
        "operating_revenue": 225758, 
        "short_term_average": 228670
    }, 
    {
        "accumulated_operating_revenue_yoy": -11.26563826735098, 
        "accumulated_operating_revenue": 918579, 
        "long_term_average": 218328, 
        "date": "2013-04-30", 
        "operating_revenue": 232567, 
        "short_term_average": 192127
    }, 
    {
        "accumulated_operating_revenue_yoy": -16.116689425605305, 
        "accumulated_operating_revenue": 1148105, 
        "long_term_average": 209664, 
        "date": "2013-05-31", 
        "operating_revenue": 229526, 
        "short_term_average": 229283
    }, 
    {
        "accumulated_operating_revenue_yoy": -13.76885531756124, 
        "accumulated_operating_revenue": 1358958, 
        "long_term_average": 209964, 
        "date": "2013-06-30", 
        "operating_revenue": 210853, 
        "short_term_average": 224315
    }, 
    {
        "accumulated_operating_revenue_yoy": -19.991235609467072, 
        "accumulated_operating_revenue": 1462441, 
        "long_term_average": 197595, 
        "date": "2013-07-31", 
        "operating_revenue": 103483, 
        "short_term_average": 181287
    }, 
    {
        "accumulated_operating_revenue_yoy": -20.01322965398707, 
        "accumulated_operating_revenue": 1586476, 
        "long_term_average": 194967, 
        "date": "2013-08-31", 
        "operating_revenue": 124035, 
        "short_term_average": 146123
    }, 
    {
        "accumulated_operating_revenue_yoy": -17.36851269364967, 
        "accumulated_operating_revenue": 1827102, 
        "long_term_average": 196043, 
        "date": "2013-09-30", 
        "operating_revenue": 240626, 
        "short_term_average": 156048
    }, 
    {
        "accumulated_operating_revenue_yoy": -16.096293758388097, 
        "accumulated_operating_revenue": 1981162, 
        "long_term_average": 196374, 
        "date": "2013-10-31", 
        "operating_revenue": 154060, 
        "short_term_average": 172907
    }, 
    {
        "accumulated_operating_revenue_yoy": -17.567823978834845, 
        "accumulated_operating_revenue": 2141780, 
        "long_term_average": 190008, 
        "date": "2013-11-30", 
        "operating_revenue": 160618, 
        "short_term_average": 185101
    }, 
    {
        "accumulated_operating_revenue_yoy": -10.700624141257638, 
        "accumulated_operating_revenue": 2443731, 
        "long_term_average": 203644, 
        "date": "2013-12-31", 
        "operating_revenue": 301951, 
        "short_term_average": 205543
    }, 
    {
        "accumulated_operating_revenue_yoy": 13.45983003892506, 
        "accumulated_operating_revenue": 388255, 
        "long_term_average": 207482, 
        "date": "2014-01-31", 
        "operating_revenue": 388255, 
        "short_term_average": 283608
    }, 
    {
        "accumulated_operating_revenue_yoy": 11.01065933158647, 
        "accumulated_operating_revenue": 510931, 
        "long_term_average": 207867, 
        "date": "2014-02-28", 
        "operating_revenue": 122676, 
        "short_term_average": 270960
    }, 
    {
        "accumulated_operating_revenue_yoy": 8.137175442995167, 
        "accumulated_operating_revenue": 741834, 
        "long_term_average": 208296, 
        "date": "2014-03-31", 
        "operating_revenue": 230903, 
        "short_term_average": 247278
    }, 
    {
        "accumulated_operating_revenue_yoy": 2.8252333223380894, 
        "accumulated_operating_revenue": 944531, 
        "long_term_average": 205806, 
        "date": "2014-04-30", 
        "operating_revenue": 202697, 
        "short_term_average": 185425
    }, 
    {
        "accumulated_operating_revenue_yoy": 5.112772786461169, 
        "accumulated_operating_revenue": 1206805, 
        "long_term_average": 208535, 
        "date": "2014-05-31", 
        "operating_revenue": 262274, 
        "short_term_average": 231958
    }, 
    {
        "accumulated_operating_revenue_yoy": 6.503070735077905, 
        "accumulated_operating_revenue": 1447332, 
        "long_term_average": 211008, 
        "date": "2014-06-30", 
        "operating_revenue": 240527, 
        "short_term_average": 235166
    }, 
    {
        "accumulated_operating_revenue_yoy": 16.004816604567296, 
        "accumulated_operating_revenue": 1696502, 
        "long_term_average": 223149, 
        "date": "2014-07-31", 
        "operating_revenue": 249170, 
        "short_term_average": 250657
    }, 
    {
        "accumulated_operating_revenue_yoy": 11.047377962225713, 
        "accumulated_operating_revenue": 1761740, 
        "long_term_average": 218249, 
        "date": "2014-08-31", 
        "operating_revenue": 65238, 
        "short_term_average": 184978
    }, 
    {
        "accumulated_operating_revenue_yoy": 1.4869448996279355, 
        "accumulated_operating_revenue": 1854270, 
        "long_term_average": 205908, 
        "date": "2014-09-30", 
        "operating_revenue": 92530, 
        "short_term_average": 135646
    }, 
    {
        "accumulated_operating_revenue_yoy": 1.2323071005803665, 
        "accumulated_operating_revenue": 2005576, 
        "long_term_average": 205678, 
        "date": "2014-10-31", 
        "operating_revenue": 151306, 
        "short_term_average": 103024
    }, 
    {
        "accumulated_operating_revenue_yoy": -2.0729953590004575, 
        "accumulated_operating_revenue": 2097381, 
        "long_term_average": 199944, 
        "date": "2014-11-30", 
        "operating_revenue": 91805, 
        "short_term_average": 111880
    }, 
    {
        "accumulated_operating_revenue_yoy": -8.512843680421454, 
        "accumulated_operating_revenue": 2235700, 
        "long_term_average": 186308, 
        "date": "2014-12-31", 
        "operating_revenue": 138319, 
        "short_term_average": 127143
    }, 
    {
        "accumulated_operating_revenue_yoy": -60.97461719746043, 
        "accumulated_operating_revenue": 151518, 
        "long_term_average": 166580, 
        "date": "2015-01-31", 
        "operating_revenue": 151518, 
        "short_term_average": 127214
    }, 
    {
        "accumulated_operating_revenue_yoy": -47.15372525840084, 
        "accumulated_operating_revenue": 270008, 
        "long_term_average": 166231, 
        "date": "2015-02-28", 
        "operating_revenue": 118490, 
        "short_term_average": 136109
    }, 
    {
        "accumulated_operating_revenue_yoy": -52.505277460995316, 
        "accumulated_operating_revenue": 352332, 
        "long_term_average": 153849, 
        "date": "2015-03-31", 
        "operating_revenue": 82324, 
        "short_term_average": 117444
    }, 
    {
        "accumulated_operating_revenue_yoy": -53.778859560988465, 
        "accumulated_operating_revenue": 436573, 
        "long_term_average": 143978, 
        "date": "2015-04-30", 
        "operating_revenue": 84241, 
        "short_term_average": 95018
    }, 
    {
        "accumulated_operating_revenue_yoy": -57.27404178802706, 
        "accumulated_operating_revenue": 515619, 
        "long_term_average": 128709, 
        "date": "2015-05-31", 
        "operating_revenue": 79046, 
        "short_term_average": 81870
    }, 
    {
        "accumulated_operating_revenue_yoy": -60.713575047052096, 
        "accumulated_operating_revenue": 568605, 
        "long_term_average": 113081, 
        "date": "2015-06-30", 
        "operating_revenue": 52986, 
        "short_term_average": 72091
    }, 
    {
        "accumulated_operating_revenue_yoy": -63.6094740825534, 
        "accumulated_operating_revenue": 617366, 
        "long_term_average": 96380, 
        "date": "2015-07-31", 
        "operating_revenue": 48761, 
        "short_term_average": 60264
    }, 
    {
        "accumulated_operating_revenue_yoy": -62.3888314961345, 
        "accumulated_operating_revenue": 662611, 
        "long_term_average": 94714, 
        "date": "2015-08-31", 
        "operating_revenue": 45245, 
        "short_term_average": 48997
    }
]