[
    {
        "date": "2011-09-30", 
        "operating_revenue": 185610, 
        "accumulated_operating_revenue": 185610, 
        "long_term_average": 185610, 
        "short_term_average": 185610
    }, 
    {
        "date": "2011-10-31", 
        "operating_revenue": 251309, 
        "accumulated_operating_revenue": 436919, 
        "long_term_average": 218459, 
        "short_term_average": 218459
    }, 
    {
        "date": "2011-11-30", 
        "operating_revenue": 260572, 
        "accumulated_operating_revenue": 697491, 
        "long_term_average": 232497, 
        "short_term_average": 232497
    }, 
    {
        "date": "2011-12-31", 
        "operating_revenue": 204490, 
        "accumulated_operating_revenue": 901981, 
        "long_term_average": 225495, 
        "short_term_average": 238790
    }, 
    {
        "date": "2012-01-31", 
        "operating_revenue": 189514, 
        "accumulated_operating_revenue": 189514, 
        "long_term_average": 218299, 
        "short_term_average": 218192
    }, 
    {
        "date": "2012-02-29", 
        "operating_revenue": 144131, 
        "accumulated_operating_revenue": 333645, 
        "long_term_average": 205937, 
        "short_term_average": 179378
    }, 
    {
        "date": "2012-03-31", 
        "operating_revenue": 217283, 
        "accumulated_operating_revenue": 550928, 
        "long_term_average": 207558, 
        "short_term_average": 183642
    }, 
    {
        "date": "2012-04-30", 
        "operating_revenue": 253505, 
        "accumulated_operating_revenue": 804433, 
        "long_term_average": 213301, 
        "short_term_average": 204973
    }, 
    {
        "date": "2012-05-31", 
        "operating_revenue": 427670, 
        "accumulated_operating_revenue": 1232103, 
        "long_term_average": 237120, 
        "short_term_average": 299486
    }, 
    {
        "date": "2012-06-30", 
        "operating_revenue": 434283, 
        "accumulated_operating_revenue": 1666386, 
        "long_term_average": 256836, 
        "short_term_average": 371819
    }, 
    {
        "date": "2012-07-31", 
        "operating_revenue": 266152, 
        "accumulated_operating_revenue": 1932538, 
        "long_term_average": 257683, 
        "short_term_average": 376035
    }, 
    {
        "date": "2012-08-31", 
        "operating_revenue": 334018, 
        "accumulated_operating_revenue": 2266556, 
        "long_term_average": 264044, 
        "short_term_average": 344817
    }, 
    {
        "accumulated_operating_revenue_yoy": 1267.2646947901515, 
        "accumulated_operating_revenue": 2537780, 
        "long_term_average": 271179, 
        "date": "2012-09-30", 
        "operating_revenue": 271224, 
        "short_term_average": 290464
    }, 
    {
        "accumulated_operating_revenue_yoy": 555.4867149288541, 
        "accumulated_operating_revenue": 2863946, 
        "long_term_average": 277417, 
        "date": "2012-10-31", 
        "operating_revenue": 326166, 
        "short_term_average": 310469
    }, 
    {
        "accumulated_operating_revenue_yoy": 337.0754604718914, 
        "accumulated_operating_revenue": 3048562, 
        "long_term_average": 271087, 
        "date": "2012-11-30", 
        "operating_revenue": 184616, 
        "short_term_average": 260668
    }, 
    {
        "accumulated_operating_revenue_yoy": 267.3323495727737, 
        "accumulated_operating_revenue": 3313268, 
        "long_term_average": 276105, 
        "date": "2012-12-31", 
        "operating_revenue": 264706, 
        "short_term_average": 258496
    }, 
    {
        "accumulated_operating_revenue_yoy": -14.299735111917853, 
        "accumulated_operating_revenue": 162414, 
        "long_term_average": 273847, 
        "date": "2013-01-31", 
        "operating_revenue": 162414, 
        "short_term_average": 203912
    }, 
    {
        "accumulated_operating_revenue_yoy": -2.9465449804432855, 
        "accumulated_operating_revenue": 323814, 
        "long_term_average": 275286, 
        "date": "2013-02-28", 
        "operating_revenue": 161400, 
        "short_term_average": 196173
    }, 
    {
        "accumulated_operating_revenue_yoy": 9.37018993407487, 
        "accumulated_operating_revenue": 602551, 
        "long_term_average": 280407, 
        "date": "2013-03-31", 
        "operating_revenue": 278737, 
        "short_term_average": 200850
    }, 
    {
        "accumulated_operating_revenue_yoy": -1.4615263172942932, 
        "accumulated_operating_revenue": 792676, 
        "long_term_average": 275125, 
        "date": "2013-04-30", 
        "operating_revenue": 190125, 
        "short_term_average": 210087
    }, 
    {
        "accumulated_operating_revenue_yoy": -19.685854185891927, 
        "accumulated_operating_revenue": 989553, 
        "long_term_average": 255893, 
        "date": "2013-05-31", 
        "operating_revenue": 196877, 
        "short_term_average": 221913
    }, 
    {
        "accumulated_operating_revenue_yoy": -22.16917328878183, 
        "accumulated_operating_revenue": 1296962, 
        "long_term_average": 245320, 
        "date": "2013-06-30", 
        "operating_revenue": 307409, 
        "short_term_average": 231470
    }, 
    {
        "accumulated_operating_revenue_yoy": -20.262628729680866, 
        "accumulated_operating_revenue": 1540955, 
        "long_term_average": 243473, 
        "date": "2013-07-31", 
        "operating_revenue": 243993, 
        "short_term_average": 249426
    }, 
    {
        "accumulated_operating_revenue_yoy": -19.56016087844289, 
        "accumulated_operating_revenue": 1823214, 
        "long_term_average": 239160, 
        "date": "2013-08-31", 
        "operating_revenue": 282259, 
        "short_term_average": 277887
    }, 
    {
        "accumulated_operating_revenue_yoy": -18.316441929560483, 
        "accumulated_operating_revenue": 2072949, 
        "long_term_average": 237369, 
        "date": "2013-09-30", 
        "operating_revenue": 249735, 
        "short_term_average": 258662
    }, 
    {
        "accumulated_operating_revenue_yoy": -16.916624824630073, 
        "accumulated_operating_revenue": 2379463, 
        "long_term_average": 235732, 
        "date": "2013-10-31", 
        "operating_revenue": 306514, 
        "short_term_average": 279502
    }, 
    {
        "accumulated_operating_revenue_yoy": -15.155834127696927, 
        "accumulated_operating_revenue": 2586527, 
        "long_term_average": 237602, 
        "date": "2013-11-30", 
        "operating_revenue": 207064, 
        "short_term_average": 254437
    }, 
    {
        "accumulated_operating_revenue_yoy": -15.920082528790305, 
        "accumulated_operating_revenue": 2785793, 
        "long_term_average": 232149, 
        "date": "2013-12-31", 
        "operating_revenue": 199266, 
        "short_term_average": 237614
    }, 
    {
        "accumulated_operating_revenue_yoy": 75.23612496459666, 
        "accumulated_operating_revenue": 284608, 
        "long_term_average": 242332, 
        "date": "2014-01-31", 
        "operating_revenue": 284608, 
        "short_term_average": 230312
    }, 
    {
        "accumulated_operating_revenue_yoy": 55.279574076476, 
        "accumulated_operating_revenue": 502817, 
        "long_term_average": 247066, 
        "date": "2014-02-28", 
        "operating_revenue": 218209, 
        "short_term_average": 234027
    }, 
    {
        "accumulated_operating_revenue_yoy": 19.802141229539078, 
        "accumulated_operating_revenue": 721869, 
        "long_term_average": 242092, 
        "date": "2014-03-31", 
        "operating_revenue": 219052, 
        "short_term_average": 240623
    }, 
    {
        "accumulated_operating_revenue_yoy": 32.22716469276224, 
        "accumulated_operating_revenue": 1048133, 
        "long_term_average": 253437, 
        "date": "2014-04-30", 
        "operating_revenue": 326264, 
        "short_term_average": 254508
    }, 
    {
        "accumulated_operating_revenue_yoy": 42.44158726212744, 
        "accumulated_operating_revenue": 1409535, 
        "long_term_average": 267147, 
        "date": "2014-05-31", 
        "operating_revenue": 361402, 
        "short_term_average": 302239
    }, 
    {
        "accumulated_operating_revenue_yoy": 39.20446397041702, 
        "accumulated_operating_revenue": 1805429, 
        "long_term_average": 274521, 
        "date": "2014-06-30", 
        "operating_revenue": 395894, 
        "short_term_average": 361186
    }, 
    {
        "accumulated_operating_revenue_yoy": 38.692434237210044, 
        "accumulated_operating_revenue": 2137188, 
        "long_term_average": 281835, 
        "date": "2014-07-31", 
        "operating_revenue": 331759, 
        "short_term_average": 363018
    }, 
    {
        "accumulated_operating_revenue_yoy": 35.88849142229053, 
        "accumulated_operating_revenue": 2477538, 
        "long_term_average": 286676, 
        "date": "2014-08-31", 
        "operating_revenue": 340350, 
        "short_term_average": 356001
    }, 
    {
        "accumulated_operating_revenue_yoy": 36.00619214462102, 
        "accumulated_operating_revenue": 2819339, 
        "long_term_average": 294348, 
        "date": "2014-09-30", 
        "operating_revenue": 341801, 
        "short_term_average": 337970
    }, 
    {
        "accumulated_operating_revenue_yoy": 31.545983274377456, 
        "accumulated_operating_revenue": 3130088, 
        "long_term_average": 294701, 
        "date": "2014-10-31", 
        "operating_revenue": 310749, 
        "short_term_average": 330966
    }, 
    {
        "accumulated_operating_revenue_yoy": 27.0033910336138, 
        "accumulated_operating_revenue": 3284977, 
        "long_term_average": 290353, 
        "date": "2014-11-30", 
        "operating_revenue": 154889, 
        "short_term_average": 269146
    }, 
    {
        "accumulated_operating_revenue_yoy": 23.67376183370408, 
        "accumulated_operating_revenue": 3445295, 
        "long_term_average": 287107, 
        "date": "2014-12-31", 
        "operating_revenue": 160318, 
        "short_term_average": 208652
    }, 
    {
        "accumulated_operating_revenue_yoy": -36.576273330335056, 
        "accumulated_operating_revenue": 180509, 
        "long_term_average": 278433, 
        "date": "2015-01-31", 
        "operating_revenue": 180509, 
        "short_term_average": 165238
    }, 
    {
        "accumulated_operating_revenue_yoy": -30.078736399127315, 
        "accumulated_operating_revenue": 351576, 
        "long_term_average": 274504, 
        "date": "2015-02-28", 
        "operating_revenue": 171067, 
        "short_term_average": 170631
    }, 
    {
        "accumulated_operating_revenue_yoy": -9.697742942279, 
        "accumulated_operating_revenue": 651864, 
        "long_term_average": 281274, 
        "date": "2015-03-31", 
        "operating_revenue": 300288, 
        "short_term_average": 217288
    }, 
    {
        "accumulated_operating_revenue_yoy": -4.566882256354871, 
        "accumulated_operating_revenue": 1000266, 
        "long_term_average": 283119, 
        "date": "2015-04-30", 
        "operating_revenue": 348402, 
        "short_term_average": 273252
    }, 
    {
        "accumulated_operating_revenue_yoy": -9.464610669476103, 
        "accumulated_operating_revenue": 1276128, 
        "long_term_average": 275990, 
        "date": "2015-05-31", 
        "operating_revenue": 275862, 
        "short_term_average": 308184
    }, 
    {
        "accumulated_operating_revenue_yoy": -12.643310814216454, 
        "accumulated_operating_revenue": 1577163, 
        "long_term_average": 268085, 
        "date": "2015-06-30", 
        "operating_revenue": 301035, 
        "short_term_average": 308433
    }, 
    {
        "accumulated_operating_revenue_yoy": -16.639855735667616, 
        "accumulated_operating_revenue": 1781563, 
        "long_term_average": 257472, 
        "date": "2015-07-31", 
        "operating_revenue": 204400, 
        "short_term_average": 260432
    }, 
    {
        "accumulated_operating_revenue_yoy": -22.581530535555864, 
        "accumulated_operating_revenue": 1918072, 
        "long_term_average": 240485, 
        "date": "2015-08-31", 
        "operating_revenue": 136509, 
        "short_term_average": 213981
    }, 
    {
        "accumulated_operating_revenue_yoy": -24.35255214076775, 
        "accumulated_operating_revenue": 2132758, 
        "long_term_average": 229892, 
        "date": "2015-09-30", 
        "operating_revenue": 214686, 
        "short_term_average": 185198
    }
]