[
    {
        "date": "2012-01-31", 
        "operating_revenue": 49597, 
        "accumulated_operating_revenue": 49597, 
        "long_term_average": 49597, 
        "short_term_average": 49597
    }, 
    {
        "date": "2012-02-29", 
        "operating_revenue": 34002, 
        "accumulated_operating_revenue": 83599, 
        "long_term_average": 41799, 
        "short_term_average": 41799
    }, 
    {
        "date": "2012-03-31", 
        "operating_revenue": 44731, 
        "accumulated_operating_revenue": 128330, 
        "long_term_average": 42776, 
        "short_term_average": 42776
    }, 
    {
        "date": "2012-04-30", 
        "operating_revenue": 36310, 
        "accumulated_operating_revenue": 164640, 
        "long_term_average": 41160, 
        "short_term_average": 38347
    }, 
    {
        "date": "2012-05-31", 
        "operating_revenue": 16695, 
        "accumulated_operating_revenue": 181335, 
        "long_term_average": 36267, 
        "short_term_average": 32578
    }, 
    {
        "date": "2012-06-30", 
        "operating_revenue": 22679, 
        "accumulated_operating_revenue": 204014, 
        "long_term_average": 34002, 
        "short_term_average": 25228
    }, 
    {
        "date": "2012-07-31", 
        "operating_revenue": 13789, 
        "accumulated_operating_revenue": 217803, 
        "long_term_average": 31114, 
        "short_term_average": 17721
    }, 
    {
        "date": "2012-08-31", 
        "operating_revenue": 9953, 
        "accumulated_operating_revenue": 227756, 
        "long_term_average": 28469, 
        "short_term_average": 15473
    }, 
    {
        "date": "2012-09-30", 
        "operating_revenue": 5190, 
        "accumulated_operating_revenue": 232946, 
        "long_term_average": 25882, 
        "short_term_average": 9644
    }, 
    {
        "date": "2012-10-31", 
        "operating_revenue": 29569, 
        "accumulated_operating_revenue": 262515, 
        "long_term_average": 26251, 
        "short_term_average": 14904
    }, 
    {
        "date": "2012-11-30", 
        "operating_revenue": 3965, 
        "accumulated_operating_revenue": 266480, 
        "long_term_average": 24225, 
        "short_term_average": 12908
    }, 
    {
        "date": "2012-12-31", 
        "operating_revenue": 447327, 
        "accumulated_operating_revenue": 713807, 
        "long_term_average": 59483, 
        "short_term_average": 160287
    }, 
    {
        "accumulated_operating_revenue_yoy": 3.1332540274613385, 
        "accumulated_operating_revenue": 51151, 
        "long_term_average": 59613, 
        "date": "2013-01-31", 
        "operating_revenue": 51151, 
        "short_term_average": 167481
    }, 
    {
        "accumulated_operating_revenue_yoy": 692.9587781500818, 
        "accumulated_operating_revenue": 1017604, 
        "long_term_average": 137317, 
        "date": "2013-03-31", 
        "operating_revenue": 966453, 
        "short_term_average": 488310
    }, 
    {
        "accumulated_operating_revenue_yoy": 725.895286686103, 
        "accumulated_operating_revenue": 1359754, 
        "long_term_average": 162102, 
        "date": "2013-04-30", 
        "operating_revenue": 342150, 
        "short_term_average": 453251
    }, 
    {
        "accumulated_operating_revenue_yoy": 795.979816361982, 
        "accumulated_operating_revenue": 1624725, 
        "long_term_average": 181157, 
        "date": "2013-05-31", 
        "operating_revenue": 264971, 
        "short_term_average": 524524
    }, 
    {
        "accumulated_operating_revenue_yoy": 733.7427823580736, 
        "accumulated_operating_revenue": 1700952, 
        "long_term_average": 186118, 
        "date": "2013-06-30", 
        "operating_revenue": 76227, 
        "short_term_average": 227782
    }, 
    {
        "accumulated_operating_revenue_yoy": 1305.252452904689, 
        "accumulated_operating_revenue": 3060682, 
        "long_term_average": 297539, 
        "date": "2013-07-31", 
        "operating_revenue": 1359730, 
        "short_term_average": 566976
    }, 
    {
        "accumulated_operating_revenue_yoy": 1515.2738017878783, 
        "accumulated_operating_revenue": 3678883, 
        "long_term_average": 347907, 
        "date": "2013-08-31", 
        "operating_revenue": 618201, 
        "short_term_average": 684719
    }, 
    {
        "accumulated_operating_revenue_yoy": 1554.6130862946777, 
        "accumulated_operating_revenue": 3854355, 
        "long_term_average": 361700, 
        "date": "2013-09-30", 
        "operating_revenue": 175472, 
        "short_term_average": 717801
    }, 
    {
        "accumulated_operating_revenue_yoy": 1370.6283450469498, 
        "accumulated_operating_revenue": 3860620, 
        "long_term_average": 361790, 
        "date": "2013-10-31", 
        "operating_revenue": 6265, 
        "short_term_average": 266646
    }, 
    {
        "accumulated_operating_revenue_yoy": 443.4515212095146, 
        "accumulated_operating_revenue": 3879195, 
        "long_term_average": 360873, 
        "date": "2013-12-31", 
        "operating_revenue": 18575, 
        "short_term_average": 66770
    }, 
    {
        "accumulated_operating_revenue_yoy": 73.69161893218119, 
        "accumulated_operating_revenue": 88845, 
        "long_term_average": 367947, 
        "date": "2014-01-31", 
        "operating_revenue": 88845, 
        "short_term_average": 37895
    }, 
    {
        "accumulated_operating_revenue_yoy": -84.43598885224507, 
        "accumulated_operating_revenue": 158380, 
        "long_term_average": 336464, 
        "date": "2014-03-31", 
        "operating_revenue": 69535, 
        "short_term_average": 58985
    }, 
    {
        "accumulated_operating_revenue_yoy": -86.80371596627037, 
        "accumulated_operating_revenue": 179437, 
        "long_term_average": 333956, 
        "date": "2014-04-30", 
        "operating_revenue": 21057, 
        "short_term_average": 59812
    }, 
    {
        "accumulated_operating_revenue_yoy": -87.39602086506947, 
        "accumulated_operating_revenue": 204780, 
        "long_term_average": 255530, 
        "date": "2014-05-31", 
        "operating_revenue": 25343, 
        "short_term_average": 38645
    }, 
    {
        "accumulated_operating_revenue_yoy": -90.40210645862588, 
        "accumulated_operating_revenue": 293761, 
        "long_term_average": 234433, 
        "date": "2014-07-31", 
        "operating_revenue": 88981, 
        "short_term_average": 45127
    }, 
    {
        "accumulated_operating_revenue_yoy": -69.26985820930317, 
        "accumulated_operating_revenue": 1186374, 
        "long_term_average": 286737, 
        "date": "2014-10-31", 
        "operating_revenue": 892613, 
        "short_term_average": 335645
    }, 
    {
        "date": "2014-11-30", 
        "operating_revenue": 486161, 
        "accumulated_operating_revenue": 1672535, 
        "long_term_average": 320898, 
        "short_term_average": 489251
    }, 
    {
        "accumulated_operating_revenue_yoy": -52.90974029405585, 
        "accumulated_operating_revenue": 1826723, 
        "long_term_average": 220436, 
        "date": "2014-12-31", 
        "operating_revenue": 154188, 
        "short_term_average": 510987
    }, 
    {
        "accumulated_operating_revenue_yoy": 368.39101806516965, 
        "accumulated_operating_revenue": 416142, 
        "long_term_average": 203598, 
        "date": "2015-01-31", 
        "operating_revenue": 416142, 
        "short_term_average": 352163
    }, 
    {
        "date": "2015-02-28", 
        "operating_revenue": 142159, 
        "accumulated_operating_revenue": 558301, 
        "long_term_average": 200822, 
        "short_term_average": 237496
    }, 
    {
        "accumulated_operating_revenue_yoy": 266.1295618133603, 
        "accumulated_operating_revenue": 579876, 
        "long_term_average": 202097, 
        "date": "2015-03-31", 
        "operating_revenue": 21575, 
        "short_term_average": 193292
    }, 
    {
        "accumulated_operating_revenue_yoy": 103.77415654222311, 
        "accumulated_operating_revenue": 598609, 
        "long_term_average": 202111, 
        "date": "2015-07-31", 
        "operating_revenue": 18733, 
        "short_term_average": 60822
    }, 
    {
        "date": "2015-08-31", 
        "operating_revenue": 2101033, 
        "accumulated_operating_revenue": 2699642, 
        "long_term_average": 369793, 
        "short_term_average": 713780
    }, 
    {
        "date": "2015-09-30", 
        "operating_revenue": 518357, 
        "accumulated_operating_revenue": 3217999, 
        "long_term_average": 407195, 
        "short_term_average": 879374
    }
]