[
    {
        "date": "2011-09-30", 
        "operating_revenue": 321617, 
        "accumulated_operating_revenue": 321617, 
        "long_term_average": 321617, 
        "short_term_average": 321617
    }, 
    {
        "date": "2011-10-31", 
        "operating_revenue": 291950, 
        "accumulated_operating_revenue": 613567, 
        "long_term_average": 306783, 
        "short_term_average": 306783
    }, 
    {
        "date": "2011-11-30", 
        "operating_revenue": 307662, 
        "accumulated_operating_revenue": 921229, 
        "long_term_average": 307076, 
        "short_term_average": 307076
    }, 
    {
        "date": "2011-12-31", 
        "operating_revenue": 317983, 
        "accumulated_operating_revenue": 1239212, 
        "long_term_average": 309803, 
        "short_term_average": 305865
    }, 
    {
        "date": "2012-01-31", 
        "operating_revenue": 241573, 
        "accumulated_operating_revenue": 241573, 
        "long_term_average": 296157, 
        "short_term_average": 289072
    }, 
    {
        "date": "2012-02-29", 
        "operating_revenue": 264390, 
        "accumulated_operating_revenue": 505963, 
        "long_term_average": 290862, 
        "short_term_average": 274648
    }, 
    {
        "date": "2012-03-31", 
        "operating_revenue": 285906, 
        "accumulated_operating_revenue": 791869, 
        "long_term_average": 290154, 
        "short_term_average": 263956
    }, 
    {
        "date": "2012-04-30", 
        "operating_revenue": 293728, 
        "accumulated_operating_revenue": 1085597, 
        "long_term_average": 290601, 
        "short_term_average": 281341
    }, 
    {
        "date": "2012-05-31", 
        "operating_revenue": 283159, 
        "accumulated_operating_revenue": 1368756, 
        "long_term_average": 289774, 
        "short_term_average": 287597
    }, 
    {
        "date": "2012-06-30", 
        "operating_revenue": 259823, 
        "accumulated_operating_revenue": 1628579, 
        "long_term_average": 286779, 
        "short_term_average": 278903
    }, 
    {
        "date": "2012-07-31", 
        "operating_revenue": 209426, 
        "accumulated_operating_revenue": 1838005, 
        "long_term_average": 279747, 
        "short_term_average": 250802
    }, 
    {
        "date": "2012-08-31", 
        "operating_revenue": 255090, 
        "accumulated_operating_revenue": 2093095, 
        "long_term_average": 277692, 
        "short_term_average": 241446
    }, 
    {
        "accumulated_operating_revenue_yoy": 629.2431681161132, 
        "accumulated_operating_revenue": 2345370, 
        "long_term_average": 271913, 
        "date": "2012-09-30", 
        "operating_revenue": 252275, 
        "short_term_average": 238930
    }, 
    {
        "accumulated_operating_revenue_yoy": 323.96364211243434, 
        "accumulated_operating_revenue": 2601301, 
        "long_term_average": 268912, 
        "date": "2012-10-31", 
        "operating_revenue": 255931, 
        "short_term_average": 254432
    }, 
    {
        "accumulated_operating_revenue_yoy": 214.07793284840145, 
        "accumulated_operating_revenue": 2893377, 
        "long_term_average": 267613, 
        "date": "2012-11-30", 
        "operating_revenue": 292076, 
        "short_term_average": 266760
    }, 
    {
        "accumulated_operating_revenue_yoy": 150.77129659816077, 
        "accumulated_operating_revenue": 3107588, 
        "long_term_average": 258965, 
        "date": "2012-12-31", 
        "operating_revenue": 214211, 
        "short_term_average": 254072
    }, 
    {
        "accumulated_operating_revenue_yoy": 8.378833727279126, 
        "accumulated_operating_revenue": 261814, 
        "long_term_average": 260652, 
        "date": "2013-01-31", 
        "operating_revenue": 261814, 
        "short_term_average": 256033
    }, 
    {
        "accumulated_operating_revenue_yoy": 10.304508432434782, 
        "accumulated_operating_revenue": 558100, 
        "long_term_average": 263310, 
        "date": "2013-02-28", 
        "operating_revenue": 296286, 
        "short_term_average": 257437
    }, 
    {
        "accumulated_operating_revenue_yoy": 7.624872295796401, 
        "accumulated_operating_revenue": 852248, 
        "long_term_average": 263997, 
        "date": "2013-03-31", 
        "operating_revenue": 294148, 
        "short_term_average": 284082
    }, 
    {
        "accumulated_operating_revenue_yoy": 5.636898407051604, 
        "accumulated_operating_revenue": 1146791, 
        "long_term_average": 264065, 
        "date": "2013-04-30", 
        "operating_revenue": 294543, 
        "short_term_average": 294992
    }, 
    {
        "accumulated_operating_revenue_yoy": 4.701203136278489, 
        "accumulated_operating_revenue": 1433104, 
        "long_term_average": 264328, 
        "date": "2013-05-31", 
        "operating_revenue": 286313, 
        "short_term_average": 291668
    }, 
    {
        "accumulated_operating_revenue_yoy": 8.055734477725673, 
        "accumulated_operating_revenue": 1759773, 
        "long_term_average": 269898, 
        "date": "2013-06-30", 
        "operating_revenue": 326669, 
        "short_term_average": 302508
    }, 
    {
        "accumulated_operating_revenue_yoy": 10.903561198146903, 
        "accumulated_operating_revenue": 2038413, 
        "long_term_average": 275666, 
        "date": "2013-07-31", 
        "operating_revenue": 278640, 
        "short_term_average": 297207
    }, 
    {
        "accumulated_operating_revenue_yoy": 11.285106504960357, 
        "accumulated_operating_revenue": 2329303, 
        "long_term_average": 278649, 
        "date": "2013-08-31", 
        "operating_revenue": 290890, 
        "short_term_average": 298733
    }, 
    {
        "accumulated_operating_revenue_yoy": 13.254283972251713, 
        "accumulated_operating_revenue": 2656232, 
        "long_term_average": 284870, 
        "date": "2013-09-30", 
        "operating_revenue": 326929, 
        "short_term_average": 298819
    }, 
    {
        "accumulated_operating_revenue_yoy": 14.126392908779106, 
        "accumulated_operating_revenue": 2968771, 
        "long_term_average": 289588, 
        "date": "2013-10-31", 
        "operating_revenue": 312539, 
        "short_term_average": 310119
    }, 
    {
        "accumulated_operating_revenue_yoy": 14.455185065755344, 
        "accumulated_operating_revenue": 3311620, 
        "long_term_average": 293819, 
        "date": "2013-11-30", 
        "operating_revenue": 342849, 
        "short_term_average": 327439
    }, 
    {
        "accumulated_operating_revenue_yoy": 16.377492769311765, 
        "accumulated_operating_revenue": 3616533, 
        "long_term_average": 301377, 
        "date": "2013-12-31", 
        "operating_revenue": 304913, 
        "short_term_average": 320100
    }, 
    {
        "accumulated_operating_revenue_yoy": 9.844775298494351, 
        "accumulated_operating_revenue": 287589, 
        "long_term_average": 303525, 
        "date": "2014-01-31", 
        "operating_revenue": 287589, 
        "short_term_average": 311783
    }, 
    {
        "accumulated_operating_revenue_yoy": 4.952338290628919, 
        "accumulated_operating_revenue": 585739, 
        "long_term_average": 303681, 
        "date": "2014-02-28", 
        "operating_revenue": 298150, 
        "short_term_average": 296884
    }, 
    {
        "accumulated_operating_revenue_yoy": 3.7967821573063243, 
        "accumulated_operating_revenue": 884606, 
        "long_term_average": 304074, 
        "date": "2014-03-31", 
        "operating_revenue": 298867, 
        "short_term_average": 294868
    }, 
    {
        "accumulated_operating_revenue_yoy": 3.5599337629960472, 
        "accumulated_operating_revenue": 1187616, 
        "long_term_average": 304779, 
        "date": "2014-04-30", 
        "operating_revenue": 303010, 
        "short_term_average": 300009
    }, 
    {
        "accumulated_operating_revenue_yoy": 5.258097109491007, 
        "accumulated_operating_revenue": 1508458, 
        "long_term_average": 307657, 
        "date": "2014-05-31", 
        "operating_revenue": 320842, 
        "short_term_average": 307573
    }, 
    {
        "accumulated_operating_revenue_yoy": 5.251813728247905, 
        "accumulated_operating_revenue": 1852193, 
        "long_term_average": 309079, 
        "date": "2014-06-30", 
        "operating_revenue": 343735, 
        "short_term_average": 322529
    }, 
    {
        "accumulated_operating_revenue_yoy": 6.820452970031098, 
        "accumulated_operating_revenue": 2177442, 
        "long_term_average": 312963, 
        "date": "2014-07-31", 
        "operating_revenue": 325249, 
        "short_term_average": 329942
    }, 
    {
        "accumulated_operating_revenue_yoy": 6.16222964552057, 
        "accumulated_operating_revenue": 2472840, 
        "long_term_average": 313339, 
        "date": "2014-08-31", 
        "operating_revenue": 295398, 
        "short_term_average": 321460
    }, 
    {
        "accumulated_operating_revenue_yoy": 5.802015787777574, 
        "accumulated_operating_revenue": 2810347, 
        "long_term_average": 314220, 
        "date": "2014-09-30", 
        "operating_revenue": 337507, 
        "short_term_average": 319384
    }, 
    {
        "accumulated_operating_revenue_yoy": 4.477239908366122, 
        "accumulated_operating_revenue": 3101690, 
        "long_term_average": 312454, 
        "date": "2014-10-31", 
        "operating_revenue": 291343, 
        "short_term_average": 308082
    }, 
    {
        "accumulated_operating_revenue_yoy": 4.404702230328359, 
        "accumulated_operating_revenue": 3457487, 
        "long_term_average": 313533, 
        "date": "2014-11-30", 
        "operating_revenue": 355797, 
        "short_term_average": 328215
    }, 
    {
        "accumulated_operating_revenue_yoy": 5.577717664957018, 
        "accumulated_operating_revenue": 3818253, 
        "long_term_average": 318187, 
        "date": "2014-12-31", 
        "operating_revenue": 360766, 
        "short_term_average": 335968
    }, 
    {
        "accumulated_operating_revenue_yoy": -18.289294792220844, 
        "accumulated_operating_revenue": 234991, 
        "long_term_average": 313804, 
        "date": "2015-01-31", 
        "operating_revenue": 234991, 
        "short_term_average": 317184
    }, 
    {
        "accumulated_operating_revenue_yoy": -10.446632373804714, 
        "accumulated_operating_revenue": 524549, 
        "long_term_average": 313088, 
        "date": "2015-02-28", 
        "operating_revenue": 289558, 
        "short_term_average": 295105
    }, 
    {
        "accumulated_operating_revenue_yoy": -0.5625103153268234, 
        "accumulated_operating_revenue": 879630, 
        "long_term_average": 317773, 
        "date": "2015-03-31", 
        "operating_revenue": 355081, 
        "short_term_average": 293210
    }, 
    {
        "accumulated_operating_revenue_yoy": -6.687936167919598, 
        "accumulated_operating_revenue": 1108189, 
        "long_term_average": 311568, 
        "date": "2015-04-30", 
        "operating_revenue": 228559, 
        "short_term_average": 291066
    }, 
    {
        "accumulated_operating_revenue_yoy": -8.40202378853107, 
        "accumulated_operating_revenue": 1381717, 
        "long_term_average": 307626, 
        "date": "2015-05-31", 
        "operating_revenue": 273528, 
        "short_term_average": 285722
    }, 
    {
        "accumulated_operating_revenue_yoy": -15.122884062298045, 
        "accumulated_operating_revenue": 1572088, 
        "long_term_average": 294845, 
        "date": "2015-06-30", 
        "operating_revenue": 190371, 
        "short_term_average": 230819
    }, 
    {
        "accumulated_operating_revenue_yoy": -18.96560275773132, 
        "accumulated_operating_revenue": 1764477, 
        "long_term_average": 283774, 
        "date": "2015-07-31", 
        "operating_revenue": 192389, 
        "short_term_average": 218762
    }, 
    {
        "accumulated_operating_revenue_yoy": -21.343637275359505, 
        "accumulated_operating_revenue": 1945046, 
        "long_term_average": 274204, 
        "date": "2015-08-31", 
        "operating_revenue": 180569, 
        "short_term_average": 187776
    }
]