[
    {
        "date": "2011-09-30", 
        "operating_revenue": 706435, 
        "accumulated_operating_revenue": 706435, 
        "long_term_average": 706435, 
        "short_term_average": 706435
    }, 
    {
        "date": "2011-10-31", 
        "operating_revenue": 674822, 
        "accumulated_operating_revenue": 1381257, 
        "long_term_average": 690628, 
        "short_term_average": 690628
    }, 
    {
        "date": "2011-11-30", 
        "operating_revenue": 732198, 
        "accumulated_operating_revenue": 2113455, 
        "long_term_average": 704485, 
        "short_term_average": 704485
    }, 
    {
        "date": "2011-12-31", 
        "operating_revenue": 686165, 
        "accumulated_operating_revenue": 2799620, 
        "long_term_average": 699905, 
        "short_term_average": 697728
    }, 
    {
        "date": "2012-01-31", 
        "operating_revenue": 487244, 
        "accumulated_operating_revenue": 487244, 
        "long_term_average": 657372, 
        "short_term_average": 635202
    }, 
    {
        "date": "2012-02-29", 
        "operating_revenue": 547355, 
        "accumulated_operating_revenue": 1034599, 
        "long_term_average": 639036, 
        "short_term_average": 573588
    }, 
    {
        "date": "2012-03-31", 
        "operating_revenue": 697722, 
        "accumulated_operating_revenue": 1732321, 
        "long_term_average": 647420, 
        "short_term_average": 577440
    }, 
    {
        "date": "2012-04-30", 
        "operating_revenue": 707639, 
        "accumulated_operating_revenue": 2439960, 
        "long_term_average": 654947, 
        "short_term_average": 650905
    }, 
    {
        "date": "2012-05-31", 
        "operating_revenue": 768711, 
        "accumulated_operating_revenue": 3208671, 
        "long_term_average": 667587, 
        "short_term_average": 724690
    }, 
    {
        "date": "2012-06-30", 
        "operating_revenue": 634522, 
        "accumulated_operating_revenue": 3843193, 
        "long_term_average": 664281, 
        "short_term_average": 703624
    }, 
    {
        "date": "2012-07-31", 
        "operating_revenue": 671185, 
        "accumulated_operating_revenue": 4514378, 
        "long_term_average": 664908, 
        "short_term_average": 691472
    }, 
    {
        "date": "2012-08-31", 
        "operating_revenue": 708447, 
        "accumulated_operating_revenue": 5222825, 
        "long_term_average": 668537, 
        "short_term_average": 671384
    }, 
    {
        "accumulated_operating_revenue_yoy": 737.7000007077793, 
        "accumulated_operating_revenue": 5917806, 
        "long_term_average": 667582, 
        "date": "2012-09-30", 
        "operating_revenue": 694981, 
        "short_term_average": 691537
    }, 
    {
        "accumulated_operating_revenue_yoy": 368.39234117908546, 
        "accumulated_operating_revenue": 6469702, 
        "long_term_average": 657338, 
        "date": "2012-10-31", 
        "operating_revenue": 551896, 
        "short_term_average": 651774
    }, 
    {
        "accumulated_operating_revenue_yoy": 232.416493372227, 
        "accumulated_operating_revenue": 7025473, 
        "long_term_average": 642636, 
        "date": "2012-11-30", 
        "operating_revenue": 555771, 
        "short_term_average": 600882
    }, 
    {
        "accumulated_operating_revenue_yoy": 168.16489380701668, 
        "accumulated_operating_revenue": 7507598, 
        "long_term_average": 625633, 
        "date": "2012-12-31", 
        "operating_revenue": 482125, 
        "short_term_average": 529930
    }, 
    {
        "accumulated_operating_revenue_yoy": 4.354081322704846, 
        "accumulated_operating_revenue": 508459, 
        "long_term_average": 627401, 
        "date": "2013-01-31", 
        "operating_revenue": 508459, 
        "short_term_average": 515451
    }, 
    {
        "accumulated_operating_revenue_yoy": -21.062943227279362, 
        "accumulated_operating_revenue": 816682, 
        "long_term_average": 607473, 
        "date": "2013-02-28", 
        "operating_revenue": 308223, 
        "short_term_average": 432935
    }, 
    {
        "accumulated_operating_revenue_yoy": -26.13285874846521, 
        "accumulated_operating_revenue": 1279616, 
        "long_term_average": 587907, 
        "date": "2013-03-31", 
        "operating_revenue": 462934, 
        "short_term_average": 426538
    }, 
    {
        "accumulated_operating_revenue_yoy": -25.60599354087772, 
        "accumulated_operating_revenue": 1815184, 
        "long_term_average": 573568, 
        "date": "2013-04-30", 
        "operating_revenue": 535568, 
        "short_term_average": 435575
    }, 
    {
        "accumulated_operating_revenue_yoy": -27.16221139530977, 
        "accumulated_operating_revenue": 2337125, 
        "long_term_average": 553004, 
        "date": "2013-05-31", 
        "operating_revenue": 521941, 
        "short_term_average": 506814
    }, 
    {
        "accumulated_operating_revenue_yoy": -25.688353408220717, 
        "accumulated_operating_revenue": 2855940, 
        "long_term_average": 543362, 
        "date": "2013-06-30", 
        "operating_revenue": 518815, 
        "short_term_average": 525441
    }, 
    {
        "accumulated_operating_revenue_yoy": -24.32955326293013, 
        "accumulated_operating_revenue": 3416050, 
        "long_term_average": 534105, 
        "date": "2013-07-31", 
        "operating_revenue": 560110, 
        "short_term_average": 533622
    }, 
    {
        "accumulated_operating_revenue_yoy": -23.041495742246774, 
        "accumulated_operating_revenue": 4019408, 
        "long_term_average": 525348, 
        "date": "2013-08-31", 
        "operating_revenue": 603358, 
        "short_term_average": 560761
    }, 
    {
        "accumulated_operating_revenue_yoy": -21.468665921120092, 
        "accumulated_operating_revenue": 4647332, 
        "long_term_average": 519760, 
        "date": "2013-09-30", 
        "operating_revenue": 627924, 
        "short_term_average": 597130
    }, 
    {
        "accumulated_operating_revenue_yoy": -19.293222469906652, 
        "accumulated_operating_revenue": 5221488, 
        "long_term_average": 521615, 
        "date": "2013-10-31", 
        "operating_revenue": 574156, 
        "short_term_average": 601812
    }, 
    {
        "accumulated_operating_revenue_yoy": -18.290099470882602, 
        "accumulated_operating_revenue": 5740507, 
        "long_term_average": 518552, 
        "date": "2013-11-30", 
        "operating_revenue": 519019, 
        "short_term_average": 573699
    }, 
    {
        "accumulated_operating_revenue_yoy": -17.616793014223724, 
        "accumulated_operating_revenue": 6185000, 
        "long_term_average": 515416, 
        "date": "2013-12-31", 
        "operating_revenue": 444493, 
        "short_term_average": 512556
    }, 
    {
        "accumulated_operating_revenue_yoy": -9.911320283444683, 
        "accumulated_operating_revenue": 458064, 
        "long_term_average": 511217, 
        "date": "2014-01-31", 
        "operating_revenue": 458064, 
        "short_term_average": 473858
    }, 
    {
        "accumulated_operating_revenue_yoy": -1.2177322384967466, 
        "accumulated_operating_revenue": 806737, 
        "long_term_average": 514587, 
        "date": "2014-02-28", 
        "operating_revenue": 348673, 
        "short_term_average": 417076
    }, 
    {
        "accumulated_operating_revenue_yoy": -0.9970178553566069, 
        "accumulated_operating_revenue": 1266858, 
        "long_term_average": 514353, 
        "date": "2014-03-31", 
        "operating_revenue": 460121, 
        "short_term_average": 422286
    }, 
    {
        "accumulated_operating_revenue_yoy": -4.879340055884142, 
        "accumulated_operating_revenue": 1726615, 
        "long_term_average": 508035, 
        "date": "2014-04-30", 
        "operating_revenue": 459757, 
        "short_term_average": 422850
    }, 
    {
        "accumulated_operating_revenue_yoy": -7.151607209712788, 
        "accumulated_operating_revenue": 2169983, 
        "long_term_average": 501488, 
        "date": "2014-05-31", 
        "operating_revenue": 443368, 
        "short_term_average": 454415
    }, 
    {
        "accumulated_operating_revenue_yoy": -9.69568688417824, 
        "accumulated_operating_revenue": 2579037, 
        "long_term_average": 492341, 
        "date": "2014-06-30", 
        "operating_revenue": 409054, 
        "short_term_average": 437393
    }, 
    {
        "accumulated_operating_revenue_yoy": -10.434097861565258, 
        "accumulated_operating_revenue": 3059616, 
        "long_term_average": 485713, 
        "date": "2014-07-31", 
        "operating_revenue": 480579, 
        "short_term_average": 444333
    }, 
    {
        "accumulated_operating_revenue_yoy": -12.231602265806307, 
        "accumulated_operating_revenue": 3527770, 
        "long_term_average": 474446, 
        "date": "2014-08-31", 
        "operating_revenue": 468154, 
        "short_term_average": 452595
    }, 
    {
        "accumulated_operating_revenue_yoy": -14.192745428990225, 
        "accumulated_operating_revenue": 3987748, 
        "long_term_average": 460451, 
        "date": "2014-09-30", 
        "operating_revenue": 459978, 
        "short_term_average": 469570
    }, 
    {
        "accumulated_operating_revenue_yoy": -14.597371477249396, 
        "accumulated_operating_revenue": 4459288, 
        "long_term_average": 451900, 
        "date": "2014-10-31", 
        "operating_revenue": 471540, 
        "short_term_average": 466557
    }, 
    {
        "accumulated_operating_revenue_yoy": -14.33728762982085, 
        "accumulated_operating_revenue": 4917474, 
        "long_term_average": 446830, 
        "date": "2014-11-30", 
        "operating_revenue": 458186, 
        "short_term_average": 463234
    }, 
    {
        "accumulated_operating_revenue_yoy": -13.294826192400972, 
        "accumulated_operating_revenue": 5362715, 
        "long_term_average": 446892, 
        "date": "2014-12-31", 
        "operating_revenue": 445241, 
        "short_term_average": 458322
    }, 
    {
        "accumulated_operating_revenue_yoy": 1.9200373746899997, 
        "accumulated_operating_revenue": 466859, 
        "long_term_average": 447625, 
        "date": "2015-01-31", 
        "operating_revenue": 466859, 
        "short_term_average": 456762
    }, 
    {
        "accumulated_operating_revenue_yoy": -6.090336751630334, 
        "accumulated_operating_revenue": 757604, 
        "long_term_average": 442798, 
        "date": "2015-02-28", 
        "operating_revenue": 290745, 
        "short_term_average": 400948
    }, 
    {
        "accumulated_operating_revenue_yoy": -3.564172148733323, 
        "accumulated_operating_revenue": 1221705, 
        "long_term_average": 443130, 
        "date": "2015-03-31", 
        "operating_revenue": 464101, 
        "short_term_average": 407235
    }, 
    {
        "accumulated_operating_revenue_yoy": -1.2634547944967465, 
        "accumulated_operating_revenue": 1704800, 
        "long_term_average": 445075, 
        "date": "2015-04-30", 
        "operating_revenue": 483095, 
        "short_term_average": 412647
    }, 
    {
        "accumulated_operating_revenue_yoy": -0.8122183445676763, 
        "accumulated_operating_revenue": 2152358, 
        "long_term_average": 445424, 
        "date": "2015-05-31", 
        "operating_revenue": 447558, 
        "short_term_average": 464918
    }, 
    {
        "accumulated_operating_revenue_yoy": 0.9704009674929053, 
        "accumulated_operating_revenue": 2604064, 
        "long_term_average": 448978, 
        "date": "2015-06-30", 
        "operating_revenue": 451706, 
        "short_term_average": 460786
    }, 
    {
        "accumulated_operating_revenue_yoy": -0.23790567182286926, 
        "accumulated_operating_revenue": 3052337, 
        "long_term_average": 446286, 
        "date": "2015-07-31", 
        "operating_revenue": 448273, 
        "short_term_average": 449179
    }, 
    {
        "accumulated_operating_revenue_yoy": 0.05762847351159514, 
        "accumulated_operating_revenue": 3529803, 
        "long_term_average": 447062, 
        "date": "2015-08-31", 
        "operating_revenue": 477466, 
        "short_term_average": 459148
    }
]