[
    {
        "date": "2011-09-30", 
        "operating_revenue": 3474092, 
        "accumulated_operating_revenue": 3474092, 
        "long_term_average": 3474092, 
        "short_term_average": 3474092
    }, 
    {
        "date": "2011-10-31", 
        "operating_revenue": 2943274, 
        "accumulated_operating_revenue": 6417366, 
        "long_term_average": 3208683, 
        "short_term_average": 3208683
    }, 
    {
        "date": "2011-11-30", 
        "operating_revenue": 2391276, 
        "accumulated_operating_revenue": 8808642, 
        "long_term_average": 2936214, 
        "short_term_average": 2936214
    }, 
    {
        "date": "2011-12-31", 
        "operating_revenue": 1358140, 
        "accumulated_operating_revenue": 10166782, 
        "long_term_average": 2541695, 
        "short_term_average": 2230896
    }, 
    {
        "date": "2012-01-31", 
        "operating_revenue": 1167784, 
        "accumulated_operating_revenue": 1167784, 
        "long_term_average": 2266913, 
        "short_term_average": 1639066
    }, 
    {
        "date": "2012-02-29", 
        "operating_revenue": 2177589, 
        "accumulated_operating_revenue": 3345373, 
        "long_term_average": 2252025, 
        "short_term_average": 1567837
    }, 
    {
        "date": "2012-03-31", 
        "operating_revenue": 2982862, 
        "accumulated_operating_revenue": 6328235, 
        "long_term_average": 2356431, 
        "short_term_average": 2109411
    }, 
    {
        "date": "2012-04-30", 
        "operating_revenue": 2433140, 
        "accumulated_operating_revenue": 8761375, 
        "long_term_average": 2366019, 
        "short_term_average": 2531197
    }, 
    {
        "date": "2012-05-31", 
        "operating_revenue": 2293411, 
        "accumulated_operating_revenue": 11054786, 
        "long_term_average": 2357952, 
        "short_term_average": 2569804
    }, 
    {
        "date": "2012-06-30", 
        "operating_revenue": 2366381, 
        "accumulated_operating_revenue": 13421167, 
        "long_term_average": 2358794, 
        "short_term_average": 2364310
    }, 
    {
        "date": "2012-07-31", 
        "operating_revenue": 2001925, 
        "accumulated_operating_revenue": 15423092, 
        "long_term_average": 2326352, 
        "short_term_average": 2220572
    }, 
    {
        "date": "2012-08-31", 
        "operating_revenue": 2025752, 
        "accumulated_operating_revenue": 17448844, 
        "long_term_average": 2301302, 
        "short_term_average": 2131352
    }, 
    {
        "accumulated_operating_revenue_yoy": 465.06013657669405, 
        "accumulated_operating_revenue": 19630709, 
        "long_term_average": 2193616, 
        "date": "2012-09-30", 
        "operating_revenue": 2181865, 
        "short_term_average": 2069847
    }, 
    {
        "accumulated_operating_revenue_yoy": 238.12378785938031, 
        "accumulated_operating_revenue": 21698641, 
        "long_term_average": 2120671, 
        "date": "2012-10-31", 
        "operating_revenue": 2067932, 
        "short_term_average": 2091849
    }, 
    {
        "accumulated_operating_revenue_yoy": 164.8924885356903, 
        "accumulated_operating_revenue": 23333431, 
        "long_term_average": 2057630, 
        "date": "2012-11-30", 
        "operating_revenue": 1634790, 
        "short_term_average": 1961529
    }, 
    {
        "accumulated_operating_revenue_yoy": 141.72307422348587, 
        "accumulated_operating_revenue": 24575458, 
        "long_term_average": 2047954, 
        "date": "2012-12-31", 
        "operating_revenue": 1242027, 
        "short_term_average": 1648249
    }, 
    {
        "accumulated_operating_revenue_yoy": 1.5560240592438328, 
        "accumulated_operating_revenue": 1185955, 
        "long_term_average": 2049469, 
        "date": "2013-01-31", 
        "operating_revenue": 1185955, 
        "short_term_average": 1354257
    }, 
    {
        "accumulated_operating_revenue_yoy": -27.147944339838936, 
        "accumulated_operating_revenue": 2437173, 
        "long_term_average": 1972271, 
        "date": "2013-02-28", 
        "operating_revenue": 1251218, 
        "short_term_average": 1226400
    }, 
    {
        "accumulated_operating_revenue_yoy": -36.565187607603065, 
        "accumulated_operating_revenue": 4014304, 
        "long_term_average": 1855127, 
        "date": "2013-03-31", 
        "operating_revenue": 1577131, 
        "short_term_average": 1338101
    }, 
    {
        "accumulated_operating_revenue_yoy": -36.88583127648343, 
        "accumulated_operating_revenue": 5529669, 
        "long_term_average": 1778646, 
        "date": "2013-04-30", 
        "operating_revenue": 1515365, 
        "short_term_average": 1447904
    }, 
    {
        "accumulated_operating_revenue_yoy": -35.92089435290742, 
        "accumulated_operating_revenue": 7083808, 
        "long_term_average": 1717040, 
        "date": "2013-05-31", 
        "operating_revenue": 1554139, 
        "short_term_average": 1548878
    }, 
    {
        "accumulated_operating_revenue_yoy": -33.926498343996464, 
        "accumulated_operating_revenue": 8867835, 
        "long_term_average": 1668510, 
        "date": "2013-06-30", 
        "operating_revenue": 1784027, 
        "short_term_average": 1617843
    }, 
    {
        "accumulated_operating_revenue_yoy": -31.433884982336874, 
        "accumulated_operating_revenue": 10575015, 
        "long_term_average": 1643948, 
        "date": "2013-07-31", 
        "operating_revenue": 1707180, 
        "short_term_average": 1681782
    }, 
    {
        "accumulated_operating_revenue_yoy": -24.781802164086056, 
        "accumulated_operating_revenue": 13124706, 
        "long_term_average": 1687610, 
        "date": "2013-08-31", 
        "operating_revenue": 2549691, 
        "short_term_average": 2013632
    }, 
    {
        "accumulated_operating_revenue_yoy": -22.562929336887425, 
        "accumulated_operating_revenue": 15201446, 
        "long_term_average": 1678849, 
        "date": "2013-09-30", 
        "operating_revenue": 2076740, 
        "short_term_average": 2111203
    }, 
    {
        "accumulated_operating_revenue_yoy": -23.466750751809755, 
        "accumulated_operating_revenue": 16606675, 
        "long_term_average": 1623624, 
        "date": "2013-10-31", 
        "operating_revenue": 1405229, 
        "short_term_average": 2010553
    }, 
    {
        "accumulated_operating_revenue_yoy": -22.25383399466628, 
        "accumulated_operating_revenue": 18140848, 
        "long_term_average": 1615239, 
        "date": "2013-11-30", 
        "operating_revenue": 1534173, 
        "short_term_average": 1672047
    }, 
    {
        "accumulated_operating_revenue_yoy": -22.01234255735946, 
        "accumulated_operating_revenue": 19165824, 
        "long_term_average": 1597152, 
        "date": "2013-12-31", 
        "operating_revenue": 1024976, 
        "short_term_average": 1321459
    }, 
    {
        "accumulated_operating_revenue_yoy": -5.592117744771092, 
        "accumulated_operating_revenue": 1119635, 
        "long_term_average": 1591625, 
        "date": "2014-01-31", 
        "operating_revenue": 1119635, 
        "short_term_average": 1226261
    }, 
    {
        "accumulated_operating_revenue_yoy": -8.435839392607747, 
        "accumulated_operating_revenue": 2231577, 
        "long_term_average": 1580019, 
        "date": "2014-02-28", 
        "operating_revenue": 1111942, 
        "short_term_average": 1085517
    }, 
    {
        "accumulated_operating_revenue_yoy": -5.232463709773849, 
        "accumulated_operating_revenue": 3804257, 
        "long_term_average": 1579648, 
        "date": "2014-03-31", 
        "operating_revenue": 1572680, 
        "short_term_average": 1268085
    }, 
    {
        "accumulated_operating_revenue_yoy": 1.6968827609753858, 
        "accumulated_operating_revenue": 5623501, 
        "long_term_average": 1604971, 
        "date": "2014-04-30", 
        "operating_revenue": 1819244, 
        "short_term_average": 1501288
    }, 
    {
        "accumulated_operating_revenue_yoy": 4.037009472871088, 
        "accumulated_operating_revenue": 7369782, 
        "long_term_average": 1620983, 
        "date": "2014-05-31", 
        "operating_revenue": 1746281, 
        "short_term_average": 1712735
    }, 
    {
        "accumulated_operating_revenue_yoy": -2.391248822288642, 
        "accumulated_operating_revenue": 8655783, 
        "long_term_average": 1579481, 
        "date": "2014-06-30", 
        "operating_revenue": 1286001, 
        "short_term_average": 1617175
    }, 
    {
        "accumulated_operating_revenue_yoy": -8.08416820212548, 
        "accumulated_operating_revenue": 9720113, 
        "long_term_average": 1525910, 
        "date": "2014-07-31", 
        "operating_revenue": 1064330, 
        "short_term_average": 1365537
    }, 
    {
        "accumulated_operating_revenue_yoy": -15.759751113663043, 
        "accumulated_operating_revenue": 11056285, 
        "long_term_average": 1424783, 
        "date": "2014-08-31", 
        "operating_revenue": 1336172, 
        "short_term_average": 1228834
    }, 
    {
        "accumulated_operating_revenue_yoy": -19.89931089450306, 
        "accumulated_operating_revenue": 12176463, 
        "long_term_average": 1345070, 
        "date": "2014-09-30", 
        "operating_revenue": 1120178, 
        "short_term_average": 1173560
    }, 
    {
        "accumulated_operating_revenue_yoy": -20.622213658062194, 
        "accumulated_operating_revenue": 13182011, 
        "long_term_average": 1311763, 
        "date": "2014-10-31", 
        "operating_revenue": 1005548, 
        "short_term_average": 1153966
    }, 
    {
        "accumulated_operating_revenue_yoy": -21.121289368611652, 
        "accumulated_operating_revenue": 14309267, 
        "long_term_average": 1277853, 
        "date": "2014-11-30", 
        "operating_revenue": 1127256, 
        "short_term_average": 1084327
    }, 
    {
        "accumulated_operating_revenue_yoy": -19.486461943926855, 
        "accumulated_operating_revenue": 15431083, 
        "long_term_average": 1285923, 
        "date": "2014-12-31", 
        "operating_revenue": 1121816, 
        "short_term_average": 1084873
    }, 
    {
        "accumulated_operating_revenue_yoy": -14.119512162445796, 
        "accumulated_operating_revenue": 961548, 
        "long_term_average": 1272749, 
        "date": "2015-01-31", 
        "operating_revenue": 961548, 
        "short_term_average": 1070206
    }, 
    {
        "accumulated_operating_revenue_yoy": -25.376404219975377, 
        "accumulated_operating_revenue": 1665283, 
        "long_term_average": 1238732, 
        "date": "2015-02-28", 
        "operating_revenue": 703735, 
        "short_term_average": 929033
    }, 
    {
        "accumulated_operating_revenue_yoy": -32.202845391360256, 
        "accumulated_operating_revenue": 2579178, 
        "long_term_average": 1183833, 
        "date": "2015-03-31", 
        "operating_revenue": 913895, 
        "short_term_average": 859726
    }, 
    {
        "accumulated_operating_revenue_yoy": -34.502296700934174, 
        "accumulated_operating_revenue": 3683264, 
        "long_term_average": 1124237, 
        "date": "2015-04-30", 
        "operating_revenue": 1104086, 
        "short_term_average": 907238
    }, 
    {
        "accumulated_operating_revenue_yoy": -36.92219118557374, 
        "accumulated_operating_revenue": 4648697, 
        "long_term_average": 1059166, 
        "date": "2015-05-31", 
        "operating_revenue": 965433, 
        "short_term_average": 994471
    }, 
    {
        "accumulated_operating_revenue_yoy": -35.26428516056838, 
        "accumulated_operating_revenue": 5603383, 
        "long_term_average": 1031556, 
        "date": "2015-06-30", 
        "operating_revenue": 954686, 
        "short_term_average": 1008068
    }, 
    {
        "accumulated_operating_revenue_yoy": -30.5313220124087, 
        "accumulated_operating_revenue": 6752434, 
        "long_term_average": 1038617, 
        "date": "2015-07-31", 
        "operating_revenue": 1149051, 
        "short_term_average": 1023056
    }, 
    {
        "accumulated_operating_revenue_yoy": -25.845028415964315, 
        "accumulated_operating_revenue": 8198785, 
        "long_term_average": 1047798, 
        "date": "2015-08-31", 
        "operating_revenue": 1446351, 
        "short_term_average": 1183362
    }, 
    {
        "accumulated_operating_revenue_yoy": -22.805620975483603, 
        "accumulated_operating_revenue": 9399545, 
        "long_term_average": 1054513, 
        "date": "2015-09-30", 
        "operating_revenue": 1200760, 
        "short_term_average": 1265387
    }, 
    {
        "accumulated_operating_revenue_yoy": -20.0718236390487, 
        "accumulated_operating_revenue": 10536141, 
        "long_term_average": 1065434, 
        "date": "2015-10-31", 
        "operating_revenue": 1136596, 
        "short_term_average": 1261235
    }
]