[
    {
        "date": "2011-09-30", 
        "operating_revenue": 926462, 
        "accumulated_operating_revenue": 926462, 
        "long_term_average": 926462, 
        "short_term_average": 926462
    }, 
    {
        "date": "2011-10-31", 
        "operating_revenue": 851342, 
        "accumulated_operating_revenue": 1777804, 
        "long_term_average": 888902, 
        "short_term_average": 888902
    }, 
    {
        "date": "2011-11-30", 
        "operating_revenue": 1032627, 
        "accumulated_operating_revenue": 2810431, 
        "long_term_average": 936810, 
        "short_term_average": 936810
    }, 
    {
        "date": "2011-12-31", 
        "operating_revenue": 817170, 
        "accumulated_operating_revenue": 3627601, 
        "long_term_average": 906900, 
        "short_term_average": 900379
    }, 
    {
        "date": "2012-01-31", 
        "operating_revenue": 608721, 
        "accumulated_operating_revenue": 608721, 
        "long_term_average": 847264, 
        "short_term_average": 819506
    }, 
    {
        "date": "2012-02-29", 
        "operating_revenue": 789833, 
        "accumulated_operating_revenue": 1398554, 
        "long_term_average": 837692, 
        "short_term_average": 738574
    }, 
    {
        "date": "2012-03-31", 
        "operating_revenue": 1028413, 
        "accumulated_operating_revenue": 2426967, 
        "long_term_average": 864938, 
        "short_term_average": 808989
    }, 
    {
        "date": "2012-04-30", 
        "operating_revenue": 860903, 
        "accumulated_operating_revenue": 3287870, 
        "long_term_average": 864433, 
        "short_term_average": 893049
    }, 
    {
        "date": "2012-05-31", 
        "operating_revenue": 827036, 
        "accumulated_operating_revenue": 4114906, 
        "long_term_average": 860278, 
        "short_term_average": 905450
    }, 
    {
        "date": "2012-06-30", 
        "operating_revenue": 580909, 
        "accumulated_operating_revenue": 4695815, 
        "long_term_average": 832341, 
        "short_term_average": 756282
    }, 
    {
        "date": "2012-07-31", 
        "operating_revenue": 572714, 
        "accumulated_operating_revenue": 5268529, 
        "long_term_average": 808739, 
        "short_term_average": 660219
    }, 
    {
        "date": "2012-08-31", 
        "operating_revenue": 885840, 
        "accumulated_operating_revenue": 6154369, 
        "long_term_average": 815164, 
        "short_term_average": 679821
    }, 
    {
        "accumulated_operating_revenue_yoy": 667.4484220615632, 
        "accumulated_operating_revenue": 7110118, 
        "long_term_average": 817604, 
        "date": "2012-09-30", 
        "operating_revenue": 955749, 
        "short_term_average": 804767
    }, 
    {
        "accumulated_operating_revenue_yoy": 344.1808545823949, 
        "accumulated_operating_revenue": 7896665, 
        "long_term_average": 812205, 
        "date": "2012-10-31", 
        "operating_revenue": 786547, 
        "short_term_average": 876045
    }, 
    {
        "accumulated_operating_revenue_yoy": 209.07665052086318, 
        "accumulated_operating_revenue": 8686386, 
        "long_term_average": 791963, 
        "date": "2012-11-30", 
        "operating_revenue": 789721, 
        "short_term_average": 844005
    }, 
    {
        "accumulated_operating_revenue_yoy": 167.67348448740643, 
        "accumulated_operating_revenue": 9710126, 
        "long_term_average": 809177, 
        "date": "2012-12-31", 
        "operating_revenue": 1023740, 
        "short_term_average": 866669
    }, 
    {
        "accumulated_operating_revenue_yoy": 36.92348382920911, 
        "accumulated_operating_revenue": 833482, 
        "long_term_average": 827907, 
        "date": "2013-01-31", 
        "operating_revenue": 833482, 
        "short_term_average": 882314
    }, 
    {
        "accumulated_operating_revenue_yoy": 6.522880060405248, 
        "accumulated_operating_revenue": 1489780, 
        "long_term_average": 816779, 
        "date": "2013-02-28", 
        "operating_revenue": 656298, 
        "short_term_average": 837840
    }, 
    {
        "accumulated_operating_revenue_yoy": -10.826476008944498, 
        "accumulated_operating_revenue": 2164212, 
        "long_term_average": 787280, 
        "date": "2013-03-31", 
        "operating_revenue": 674432, 
        "short_term_average": 721404
    }, 
    {
        "accumulated_operating_revenue_yoy": -8.357660126464854, 
        "accumulated_operating_revenue": 3013081, 
        "long_term_average": 786278, 
        "date": "2013-04-30", 
        "operating_revenue": 848869, 
        "short_term_average": 726533
    }, 
    {
        "accumulated_operating_revenue_yoy": 4.289138075086041, 
        "accumulated_operating_revenue": 4291400, 
        "long_term_average": 823885, 
        "date": "2013-05-31", 
        "operating_revenue": 1278319, 
        "short_term_average": 933873
    }, 
    {
        "accumulated_operating_revenue_yoy": 18.10282134198217, 
        "accumulated_operating_revenue": 5545890, 
        "long_term_average": 880016, 
        "date": "2013-06-30", 
        "operating_revenue": 1254490, 
        "short_term_average": 1127226
    }, 
    {
        "accumulated_operating_revenue_yoy": 32.03780410053736, 
        "accumulated_operating_revenue": 6956450, 
        "long_term_average": 949837, 
        "date": "2013-07-31", 
        "operating_revenue": 1410560, 
        "short_term_average": 1314456
    }, 
    {
        "accumulated_operating_revenue_yoy": 31.573846157095875, 
        "accumulated_operating_revenue": 8097540, 
        "long_term_average": 971108, 
        "date": "2013-08-31", 
        "operating_revenue": 1141090, 
        "short_term_average": 1268713
    }, 
    {
        "accumulated_operating_revenue_yoy": 31.148962647314715, 
        "accumulated_operating_revenue": 9324846, 
        "long_term_average": 993737, 
        "date": "2013-09-30", 
        "operating_revenue": 1227306, 
        "short_term_average": 1259652
    }, 
    {
        "accumulated_operating_revenue_yoy": 31.559449463792628, 
        "accumulated_operating_revenue": 10388809, 
        "long_term_average": 1016855, 
        "date": "2013-10-31", 
        "operating_revenue": 1063963, 
        "short_term_average": 1144119
    }, 
    {
        "accumulated_operating_revenue_yoy": 34.71776409659898, 
        "accumulated_operating_revenue": 11702105, 
        "long_term_average": 1060487, 
        "date": "2013-11-30", 
        "operating_revenue": 1313296, 
        "short_term_average": 1201521
    }, 
    {
        "accumulated_operating_revenue_yoy": 33.16488375125101, 
        "accumulated_operating_revenue": 12930478, 
        "long_term_average": 1077539, 
        "date": "2013-12-31", 
        "operating_revenue": 1228373, 
        "short_term_average": 1201877
    }, 
    {
        "accumulated_operating_revenue_yoy": 105.87823132353189, 
        "accumulated_operating_revenue": 1715958, 
        "long_term_average": 1151079, 
        "date": "2014-01-31", 
        "operating_revenue": 1715958, 
        "short_term_average": 1419209
    }, 
    {
        "accumulated_operating_revenue_yoy": 82.02023117507284, 
        "accumulated_operating_revenue": 2711701, 
        "long_term_average": 1179366, 
        "date": "2014-02-28", 
        "operating_revenue": 995743, 
        "short_term_average": 1313358
    }, 
    {
        "accumulated_operating_revenue_yoy": 76.93072582538124, 
        "accumulated_operating_revenue": 3829156, 
        "long_term_average": 1216285, 
        "date": "2014-03-31", 
        "operating_revenue": 1117455, 
        "short_term_average": 1276385
    }, 
    {
        "accumulated_operating_revenue_yoy": 87.80185464645656, 
        "accumulated_operating_revenue": 5658622, 
        "long_term_average": 1298001, 
        "date": "2014-04-30", 
        "operating_revenue": 1829466, 
        "short_term_average": 1314221
    }, 
    {
        "accumulated_operating_revenue_yoy": 65.91590157058303, 
        "accumulated_operating_revenue": 7120115, 
        "long_term_average": 1313266, 
        "date": "2014-05-31", 
        "operating_revenue": 1461493, 
        "short_term_average": 1469471
    }, 
    {
        "accumulated_operating_revenue_yoy": 55.72676342300335, 
        "accumulated_operating_revenue": 8636435, 
        "long_term_average": 1335085, 
        "date": "2014-06-30", 
        "operating_revenue": 1516320, 
        "short_term_average": 1602426
    }, 
    {
        "accumulated_operating_revenue_yoy": 45.23784401526641, 
        "accumulated_operating_revenue": 10103398, 
        "long_term_average": 1339785, 
        "date": "2014-07-31", 
        "operating_revenue": 1466963, 
        "short_term_average": 1481592
    }, 
    {
        "accumulated_operating_revenue_yoy": 39.75632105553045, 
        "accumulated_operating_revenue": 11316824, 
        "long_term_average": 1345813, 
        "date": "2014-08-31", 
        "operating_revenue": 1213426, 
        "short_term_average": 1398903
    }, 
    {
        "accumulated_operating_revenue_yoy": 34.57201330724389, 
        "accumulated_operating_revenue": 12548633, 
        "long_term_average": 1346188, 
        "date": "2014-09-30", 
        "operating_revenue": 1231809, 
        "short_term_average": 1304066
    }, 
    {
        "accumulated_operating_revenue_yoy": 32.604940566334406, 
        "accumulated_operating_revenue": 13776074, 
        "long_term_average": 1359811, 
        "date": "2014-10-31", 
        "operating_revenue": 1227441, 
        "short_term_average": 1224225
    }, 
    {
        "accumulated_operating_revenue_yoy": 27.118753420858898, 
        "accumulated_operating_revenue": 14875570, 
        "long_term_average": 1341995, 
        "date": "2014-11-30", 
        "operating_revenue": 1099496, 
        "short_term_average": 1186248
    }, 
    {
        "accumulated_operating_revenue_yoy": 24.425168195638243, 
        "accumulated_operating_revenue": 16088769, 
        "long_term_average": 1340730, 
        "date": "2014-12-31", 
        "operating_revenue": 1213199, 
        "short_term_average": 1180045
    }, 
    {
        "accumulated_operating_revenue_yoy": -10.562204902450992, 
        "accumulated_operating_revenue": 1534715, 
        "long_term_average": 1325627, 
        "date": "2015-01-31", 
        "operating_revenue": 1534715, 
        "short_term_average": 1282470
    }, 
    {
        "accumulated_operating_revenue_yoy": -0.6424380859099141, 
        "accumulated_operating_revenue": 2694280, 
        "long_term_average": 1339279, 
        "date": "2015-02-28", 
        "operating_revenue": 1159565, 
        "short_term_average": 1302493
    }, 
    {
        "accumulated_operating_revenue_yoy": 12.346976722807845, 
        "accumulated_operating_revenue": 4301941, 
        "long_term_average": 1380129, 
        "date": "2015-03-31", 
        "operating_revenue": 1607661, 
        "short_term_average": 1433980
    }, 
    {
        "accumulated_operating_revenue_yoy": 2.7938250690715867, 
        "accumulated_operating_revenue": 5816714, 
        "long_term_average": 1353905, 
        "date": "2015-04-30", 
        "operating_revenue": 1514773, 
        "short_term_average": 1427333
    }, 
    {
        "accumulated_operating_revenue_yoy": 3.1986140673289682, 
        "accumulated_operating_revenue": 7347860, 
        "long_term_average": 1359709, 
        "date": "2015-05-31", 
        "operating_revenue": 1531146, 
        "short_term_average": 1551193
    }, 
    {
        "accumulated_operating_revenue_yoy": 3.472868145247431, 
        "accumulated_operating_revenue": 8936367, 
        "long_term_average": 1365725, 
        "date": "2015-06-30", 
        "operating_revenue": 1588507, 
        "short_term_average": 1544808
    }, 
    {
        "accumulated_operating_revenue_yoy": -0.4995942949094948, 
        "accumulated_operating_revenue": 10052922, 
        "long_term_average": 1336524, 
        "date": "2015-07-31", 
        "operating_revenue": 1116555, 
        "short_term_average": 1412069
    }, 
    {
        "accumulated_operating_revenue_yoy": -4.4113083317368895, 
        "accumulated_operating_revenue": 10817604, 
        "long_term_average": 1299129, 
        "date": "2015-08-31", 
        "operating_revenue": 764682, 
        "short_term_average": 1156581
    }, 
    {
        "accumulated_operating_revenue_yoy": -6.991327262499429, 
        "accumulated_operating_revenue": 11671317, 
        "long_term_average": 1267621, 
        "date": "2015-09-30", 
        "operating_revenue": 853713, 
        "short_term_average": 911650
    }
]