[
    {
        "date": "2012-01-31", 
        "operating_revenue": 14354, 
        "accumulated_operating_revenue": 14354, 
        "long_term_average": 14354, 
        "short_term_average": 14354
    }, 
    {
        "date": "2012-02-29", 
        "operating_revenue": 70902, 
        "accumulated_operating_revenue": 85256, 
        "long_term_average": 42628, 
        "short_term_average": 42628
    }, 
    {
        "date": "2012-03-31", 
        "operating_revenue": 80459, 
        "accumulated_operating_revenue": 165715, 
        "long_term_average": 55238, 
        "short_term_average": 55238
    }, 
    {
        "date": "2012-04-30", 
        "operating_revenue": 34405, 
        "accumulated_operating_revenue": 200120, 
        "long_term_average": 50030, 
        "short_term_average": 61922
    }, 
    {
        "date": "2012-05-31", 
        "operating_revenue": 53230, 
        "accumulated_operating_revenue": 253350, 
        "long_term_average": 50670, 
        "short_term_average": 56031
    }, 
    {
        "date": "2012-06-30", 
        "operating_revenue": 57282, 
        "accumulated_operating_revenue": 310632, 
        "long_term_average": 51772, 
        "short_term_average": 48305
    }, 
    {
        "date": "2012-07-31", 
        "operating_revenue": 31377, 
        "accumulated_operating_revenue": 342009, 
        "long_term_average": 48858, 
        "short_term_average": 47296
    }, 
    {
        "date": "2012-08-31", 
        "operating_revenue": 33417, 
        "accumulated_operating_revenue": 375426, 
        "long_term_average": 46928, 
        "short_term_average": 40692
    }, 
    {
        "date": "2012-09-30", 
        "operating_revenue": 57959, 
        "accumulated_operating_revenue": 433385, 
        "long_term_average": 48153, 
        "short_term_average": 40917
    }, 
    {
        "date": "2012-10-31", 
        "operating_revenue": 83188, 
        "accumulated_operating_revenue": 516573, 
        "long_term_average": 51657, 
        "short_term_average": 58188
    }, 
    {
        "date": "2012-11-30", 
        "operating_revenue": 50969, 
        "accumulated_operating_revenue": 567542, 
        "long_term_average": 51594, 
        "short_term_average": 64038
    }, 
    {
        "date": "2012-12-31", 
        "operating_revenue": 107081, 
        "accumulated_operating_revenue": 674623, 
        "long_term_average": 56218, 
        "short_term_average": 80412
    }, 
    {
        "accumulated_operating_revenue_yoy": 101.51177372161071, 
        "accumulated_operating_revenue": 28925, 
        "long_term_average": 57432, 
        "date": "2013-01-31", 
        "operating_revenue": 28925, 
        "short_term_average": 62325
    }, 
    {
        "accumulated_operating_revenue_yoy": -46.300553626724216, 
        "accumulated_operating_revenue": 45782, 
        "long_term_average": 52929, 
        "date": "2013-02-28", 
        "operating_revenue": 16857, 
        "short_term_average": 50954
    }, 
    {
        "accumulated_operating_revenue_yoy": -57.01053012702532, 
        "accumulated_operating_revenue": 71240, 
        "long_term_average": 48345, 
        "date": "2013-03-31", 
        "operating_revenue": 25458, 
        "short_term_average": 23746
    }, 
    {
        "accumulated_operating_revenue_yoy": -48.18958624825105, 
        "accumulated_operating_revenue": 103683, 
        "long_term_average": 48182, 
        "date": "2013-04-30", 
        "operating_revenue": 32443, 
        "short_term_average": 24919
    }, 
    {
        "accumulated_operating_revenue_yoy": -47.40714426682455, 
        "accumulated_operating_revenue": 133244, 
        "long_term_average": 46209, 
        "date": "2013-05-31", 
        "operating_revenue": 29561, 
        "short_term_average": 29154
    }, 
    {
        "accumulated_operating_revenue_yoy": -54.22944191197301, 
        "accumulated_operating_revenue": 142178, 
        "long_term_average": 42180, 
        "date": "2013-06-30", 
        "operating_revenue": 8934, 
        "short_term_average": 23646
    }, 
    {
        "accumulated_operating_revenue_yoy": -54.67867804648415, 
        "accumulated_operating_revenue": 155003, 
        "long_term_average": 40634, 
        "date": "2013-07-31", 
        "operating_revenue": 12825, 
        "short_term_average": 17106
    }, 
    {
        "accumulated_operating_revenue_yoy": -56.24916761225914, 
        "accumulated_operating_revenue": 164252, 
        "long_term_average": 38620, 
        "date": "2013-08-31", 
        "operating_revenue": 9249, 
        "short_term_average": 10336
    }, 
    {
        "accumulated_operating_revenue_yoy": -57.70965769465948, 
        "accumulated_operating_revenue": 183280, 
        "long_term_average": 35376, 
        "date": "2013-09-30", 
        "operating_revenue": 19028, 
        "short_term_average": 13700
    }, 
    {
        "accumulated_operating_revenue_yoy": -60.727525441709105, 
        "accumulated_operating_revenue": 202871, 
        "long_term_average": 30076, 
        "date": "2013-10-31", 
        "operating_revenue": 19591, 
        "short_term_average": 15956
    }, 
    {
        "accumulated_operating_revenue_yoy": -59.79275542603014, 
        "accumulated_operating_revenue": 228193, 
        "long_term_average": 27939, 
        "date": "2013-11-30", 
        "operating_revenue": 25322, 
        "short_term_average": 21313
    }, 
    {
        "accumulated_operating_revenue_yoy": -63.79518634852354, 
        "accumulated_operating_revenue": 244246, 
        "long_term_average": 20353, 
        "date": "2013-12-31", 
        "operating_revenue": 16053, 
        "short_term_average": 20322
    }, 
    {
        "accumulated_operating_revenue_yoy": -50.112359550561806, 
        "accumulated_operating_revenue": 14430, 
        "long_term_average": 19145, 
        "date": "2014-01-31", 
        "operating_revenue": 14430, 
        "short_term_average": 18601
    }, 
    {
        "accumulated_operating_revenue_yoy": -6.6532698440435105, 
        "accumulated_operating_revenue": 42736, 
        "long_term_average": 20100, 
        "date": "2014-02-28", 
        "operating_revenue": 28306, 
        "short_term_average": 19596
    }, 
    {
        "accumulated_operating_revenue_yoy": 6.0794497473329585, 
        "accumulated_operating_revenue": 75571, 
        "long_term_average": 20714, 
        "date": "2014-03-31", 
        "operating_revenue": 32835, 
        "short_term_average": 25190
    }, 
    {
        "accumulated_operating_revenue_yoy": -14.389051242730243, 
        "accumulated_operating_revenue": 88764, 
        "long_term_average": 19110, 
        "date": "2014-04-30", 
        "operating_revenue": 13193, 
        "short_term_average": 24778
    }, 
    {
        "accumulated_operating_revenue_yoy": -24.412356278706735, 
        "accumulated_operating_revenue": 100716, 
        "long_term_average": 17643, 
        "date": "2014-05-31", 
        "operating_revenue": 11952, 
        "short_term_average": 19326
    }, 
    {
        "accumulated_operating_revenue_yoy": -23.32850370662128, 
        "accumulated_operating_revenue": 109010, 
        "long_term_average": 17589, 
        "date": "2014-06-30", 
        "operating_revenue": 8294, 
        "short_term_average": 11146
    }, 
    {
        "accumulated_operating_revenue_yoy": -25.801436101236753, 
        "accumulated_operating_revenue": 115010, 
        "long_term_average": 17021, 
        "date": "2014-07-31", 
        "operating_revenue": 6000, 
        "short_term_average": 8748
    }, 
    {
        "accumulated_operating_revenue_yoy": -27.226456907678447, 
        "accumulated_operating_revenue": 119532, 
        "long_term_average": 16627, 
        "date": "2014-08-31", 
        "operating_revenue": 4522, 
        "short_term_average": 6272
    }, 
    {
        "accumulated_operating_revenue_yoy": -31.988214753382806, 
        "accumulated_operating_revenue": 124652, 
        "long_term_average": 15468, 
        "date": "2014-09-30", 
        "operating_revenue": 5120, 
        "short_term_average": 5214
    }, 
    {
        "accumulated_operating_revenue_yoy": -34.62890211020797, 
        "accumulated_operating_revenue": 132619, 
        "long_term_average": 14499, 
        "date": "2014-10-31", 
        "operating_revenue": 7967, 
        "short_term_average": 5869
    }, 
    {
        "accumulated_operating_revenue_yoy": -37.38239122146604, 
        "accumulated_operating_revenue": 142889, 
        "long_term_average": 13245, 
        "date": "2014-11-30", 
        "operating_revenue": 10270, 
        "short_term_average": 7785
    }, 
    {
        "accumulated_operating_revenue_yoy": -31.364280274804912, 
        "accumulated_operating_revenue": 167640, 
        "long_term_average": 13970, 
        "date": "2014-12-31", 
        "operating_revenue": 24751, 
        "short_term_average": 14329
    }, 
    {
        "accumulated_operating_revenue_yoy": -54.663894663894666, 
        "accumulated_operating_revenue": 6542, 
        "long_term_average": 13312, 
        "date": "2015-01-31", 
        "operating_revenue": 6542, 
        "short_term_average": 13854
    }, 
    {
        "accumulated_operating_revenue_yoy": -70.2218270310745, 
        "accumulated_operating_revenue": 12726, 
        "long_term_average": 11469, 
        "date": "2015-02-28", 
        "operating_revenue": 6184, 
        "short_term_average": 12492
    }, 
    {
        "accumulated_operating_revenue_yoy": -65.41398155377063, 
        "accumulated_operating_revenue": 26137, 
        "long_term_average": 9850, 
        "date": "2015-03-31", 
        "operating_revenue": 13411, 
        "short_term_average": 8712
    }, 
    {
        "accumulated_operating_revenue_yoy": -52.95840656121851, 
        "accumulated_operating_revenue": 41756, 
        "long_term_average": 10052, 
        "date": "2015-04-30", 
        "operating_revenue": 15619, 
        "short_term_average": 11738
    }, 
    {
        "accumulated_operating_revenue_yoy": -48.92668493585925, 
        "accumulated_operating_revenue": 51439, 
        "long_term_average": 9863, 
        "date": "2015-05-31", 
        "operating_revenue": 9683, 
        "short_term_average": 12904
    }, 
    {
        "accumulated_operating_revenue_yoy": -44.281258600128425, 
        "accumulated_operating_revenue": 60739, 
        "long_term_average": 9947, 
        "date": "2015-06-30", 
        "operating_revenue": 9300, 
        "short_term_average": 11534
    }, 
    {
        "accumulated_operating_revenue_yoy": -43.31797235023041, 
        "accumulated_operating_revenue": 65190, 
        "long_term_average": 9818, 
        "date": "2015-07-31", 
        "operating_revenue": 4451, 
        "short_term_average": 7811
    }, 
    {
        "accumulated_operating_revenue_yoy": -40.91122042632935, 
        "accumulated_operating_revenue": 70630, 
        "long_term_average": 9894, 
        "date": "2015-08-31", 
        "operating_revenue": 5440, 
        "short_term_average": 6397
    }
]