[
    {
        "date": "2011-09-30", 
        "operating_revenue": 40279, 
        "accumulated_operating_revenue": 40279, 
        "long_term_average": 40279, 
        "short_term_average": 40279
    }, 
    {
        "date": "2011-10-31", 
        "operating_revenue": 51902, 
        "accumulated_operating_revenue": 92181, 
        "long_term_average": 46090, 
        "short_term_average": 46090
    }, 
    {
        "date": "2011-11-30", 
        "operating_revenue": 53352, 
        "accumulated_operating_revenue": 145533, 
        "long_term_average": 48511, 
        "short_term_average": 48511
    }, 
    {
        "date": "2011-12-31", 
        "operating_revenue": 58114, 
        "accumulated_operating_revenue": 203647, 
        "long_term_average": 50911, 
        "short_term_average": 54456
    }, 
    {
        "date": "2012-01-31", 
        "operating_revenue": 37214, 
        "accumulated_operating_revenue": 37214, 
        "long_term_average": 48172, 
        "short_term_average": 49560
    }, 
    {
        "date": "2012-02-29", 
        "operating_revenue": 33665, 
        "accumulated_operating_revenue": 70879, 
        "long_term_average": 45754, 
        "short_term_average": 42997
    }, 
    {
        "date": "2012-03-31", 
        "operating_revenue": 51478, 
        "accumulated_operating_revenue": 122357, 
        "long_term_average": 46572, 
        "short_term_average": 40785
    }, 
    {
        "date": "2012-04-30", 
        "operating_revenue": 43701, 
        "accumulated_operating_revenue": 166058, 
        "long_term_average": 46213, 
        "short_term_average": 42948
    }, 
    {
        "date": "2012-05-31", 
        "operating_revenue": 44729, 
        "accumulated_operating_revenue": 210787, 
        "long_term_average": 46048, 
        "short_term_average": 46636
    }, 
    {
        "date": "2012-06-30", 
        "operating_revenue": 43796, 
        "accumulated_operating_revenue": 254583, 
        "long_term_average": 45823, 
        "short_term_average": 44075
    }, 
    {
        "date": "2012-07-31", 
        "operating_revenue": 46337, 
        "accumulated_operating_revenue": 300920, 
        "long_term_average": 45869, 
        "short_term_average": 44954
    }, 
    {
        "date": "2012-08-31", 
        "operating_revenue": 49354, 
        "accumulated_operating_revenue": 350274, 
        "long_term_average": 46160, 
        "short_term_average": 46495
    }, 
    {
        "accumulated_operating_revenue_yoy": 874.3513989920306, 
        "accumulated_operating_revenue": 392459, 
        "long_term_average": 46318, 
        "date": "2012-09-30", 
        "operating_revenue": 42185, 
        "short_term_average": 45958
    }, 
    {
        "accumulated_operating_revenue_yoy": 380.94292750132894, 
        "accumulated_operating_revenue": 443338, 
        "long_term_average": 46233, 
        "date": "2012-10-31", 
        "operating_revenue": 50879, 
        "short_term_average": 47472
    }, 
    {
        "accumulated_operating_revenue_yoy": 240.88900799131468, 
        "accumulated_operating_revenue": 496106, 
        "long_term_average": 46185, 
        "date": "2012-11-30", 
        "operating_revenue": 52768, 
        "short_term_average": 48610
    }, 
    {
        "accumulated_operating_revenue_yoy": 167.02627585969842, 
        "accumulated_operating_revenue": 543791, 
        "long_term_average": 45315, 
        "date": "2012-12-31", 
        "operating_revenue": 47685, 
        "short_term_average": 50444
    }, 
    {
        "accumulated_operating_revenue_yoy": 52.67103778148009, 
        "accumulated_operating_revenue": 56815, 
        "long_term_average": 46949, 
        "date": "2013-01-31", 
        "operating_revenue": 56815, 
        "short_term_average": 52422
    }, 
    {
        "accumulated_operating_revenue_yoy": 12.68076581215875, 
        "accumulated_operating_revenue": 79867, 
        "long_term_average": 46064, 
        "date": "2013-02-28", 
        "operating_revenue": 23052, 
        "short_term_average": 42517
    }, 
    {
        "accumulated_operating_revenue_yoy": 3.780739965837672, 
        "accumulated_operating_revenue": 126983, 
        "long_term_average": 45701, 
        "date": "2013-03-31", 
        "operating_revenue": 47116, 
        "short_term_average": 42327
    }, 
    {
        "accumulated_operating_revenue_yoy": 3.874549856074384, 
        "accumulated_operating_revenue": 172492, 
        "long_term_average": 45852, 
        "date": "2013-04-30", 
        "operating_revenue": 45509, 
        "short_term_average": 38559
    }, 
    {
        "accumulated_operating_revenue_yoy": 2.2434969898523156, 
        "accumulated_operating_revenue": 215516, 
        "long_term_average": 45710, 
        "date": "2013-05-31", 
        "operating_revenue": 43024, 
        "short_term_average": 45216
    }, 
    {
        "accumulated_operating_revenue_yoy": 3.42717306340172, 
        "accumulated_operating_revenue": 263308, 
        "long_term_average": 46043, 
        "date": "2013-06-30", 
        "operating_revenue": 47792, 
        "short_term_average": 45441
    }, 
    {
        "accumulated_operating_revenue_yoy": 10.70184766715406, 
        "accumulated_operating_revenue": 333124, 
        "long_term_average": 47999, 
        "date": "2013-07-31", 
        "operating_revenue": 69816, 
        "short_term_average": 53544
    }, 
    {
        "accumulated_operating_revenue_yoy": 12.383733876907792, 
        "accumulated_operating_revenue": 393651, 
        "long_term_average": 48930, 
        "date": "2013-08-31", 
        "operating_revenue": 60527, 
        "short_term_average": 59378
    }, 
    {
        "accumulated_operating_revenue_yoy": 13.35426120945118, 
        "accumulated_operating_revenue": 444869, 
        "long_term_average": 49683, 
        "date": "2013-09-30", 
        "operating_revenue": 51218, 
        "short_term_average": 60520
    }, 
    {
        "accumulated_operating_revenue_yoy": 12.51731184784521, 
        "accumulated_operating_revenue": 498832, 
        "long_term_average": 49940, 
        "date": "2013-10-31", 
        "operating_revenue": 53963, 
        "short_term_average": 55236
    }, 
    {
        "accumulated_operating_revenue_yoy": 14.968373694331452, 
        "accumulated_operating_revenue": 570365, 
        "long_term_average": 51504, 
        "date": "2013-11-30", 
        "operating_revenue": 71533, 
        "short_term_average": 58904
    }, 
    {
        "accumulated_operating_revenue_yoy": 15.938292468981649, 
        "accumulated_operating_revenue": 630462, 
        "long_term_average": 52538, 
        "date": "2013-12-31", 
        "operating_revenue": 60097, 
        "short_term_average": 61864
    }, 
    {
        "accumulated_operating_revenue_yoy": -10.15752882161401, 
        "accumulated_operating_revenue": 51044, 
        "long_term_average": 52057, 
        "date": "2014-01-31", 
        "operating_revenue": 51044, 
        "short_term_average": 60891
    }, 
    {
        "accumulated_operating_revenue_yoy": 13.545018593411548, 
        "accumulated_operating_revenue": 90685, 
        "long_term_average": 53440, 
        "date": "2014-02-28", 
        "operating_revenue": 39641, 
        "short_term_average": 50260
    }, 
    {
        "accumulated_operating_revenue_yoy": 21.576903995022956, 
        "accumulated_operating_revenue": 154382, 
        "long_term_average": 54821, 
        "date": "2014-03-31", 
        "operating_revenue": 63697, 
        "short_term_average": 51460
    }, 
    {
        "accumulated_operating_revenue_yoy": 23.522830044291908, 
        "accumulated_operating_revenue": 213067, 
        "long_term_average": 55919, 
        "date": "2014-04-30", 
        "operating_revenue": 58685, 
        "short_term_average": 54007
    }, 
    {
        "accumulated_operating_revenue_yoy": 22.00950277473598, 
        "accumulated_operating_revenue": 262950, 
        "long_term_average": 56491, 
        "date": "2014-05-31", 
        "operating_revenue": 49883, 
        "short_term_average": 57421
    }, 
    {
        "accumulated_operating_revenue_yoy": 18.724079784890698, 
        "accumulated_operating_revenue": 312610, 
        "long_term_average": 56647, 
        "date": "2014-06-30", 
        "operating_revenue": 49660, 
        "short_term_average": 52742
    }, 
    {
        "accumulated_operating_revenue_yoy": 7.688428332993119, 
        "accumulated_operating_revenue": 358736, 
        "long_term_average": 54672, 
        "date": "2014-07-31", 
        "operating_revenue": 46126, 
        "short_term_average": 48556
    }, 
    {
        "accumulated_operating_revenue_yoy": 1.3290960774899594, 
        "accumulated_operating_revenue": 398883, 
        "long_term_average": 52974, 
        "date": "2014-08-31", 
        "operating_revenue": 40147, 
        "short_term_average": 45311
    }, 
    {
        "accumulated_operating_revenue_yoy": 0.11823705405411482, 
        "accumulated_operating_revenue": 445395, 
        "long_term_average": 52582, 
        "date": "2014-09-30", 
        "operating_revenue": 46512, 
        "short_term_average": 44261
    }, 
    {
        "accumulated_operating_revenue_yoy": -1.90845815825769, 
        "accumulated_operating_revenue": 489312, 
        "long_term_average": 51745, 
        "date": "2014-10-31", 
        "operating_revenue": 43917, 
        "short_term_average": 43525
    }, 
    {
        "accumulated_operating_revenue_yoy": -5.698631578024598, 
        "accumulated_operating_revenue": 537862, 
        "long_term_average": 49829, 
        "date": "2014-11-30", 
        "operating_revenue": 48550, 
        "short_term_average": 46326
    }, 
    {
        "accumulated_operating_revenue_yoy": -5.210623320675949, 
        "accumulated_operating_revenue": 597611, 
        "long_term_average": 49800, 
        "date": "2014-12-31", 
        "operating_revenue": 59749, 
        "short_term_average": 50738
    }, 
    {
        "accumulated_operating_revenue_yoy": 10.78285400830656, 
        "accumulated_operating_revenue": 56548, 
        "long_term_average": 50259, 
        "date": "2015-01-31", 
        "operating_revenue": 56548, 
        "short_term_average": 54949
    }, 
    {
        "accumulated_operating_revenue_yoy": -10.468103876054474, 
        "accumulated_operating_revenue": 81192, 
        "long_term_average": 49009, 
        "date": "2015-02-28", 
        "operating_revenue": 24644, 
        "short_term_average": 46980
    }, 
    {
        "accumulated_operating_revenue_yoy": -14.827505797307976, 
        "accumulated_operating_revenue": 131491, 
        "long_term_average": 47893, 
        "date": "2015-03-31", 
        "operating_revenue": 50299, 
        "short_term_average": 43830
    }, 
    {
        "accumulated_operating_revenue_yoy": -14.67378805727776, 
        "accumulated_operating_revenue": 181802, 
        "long_term_average": 47195, 
        "date": "2015-04-30", 
        "operating_revenue": 50311, 
        "short_term_average": 41751
    }, 
    {
        "accumulated_operating_revenue_yoy": -13.697280851872979, 
        "accumulated_operating_revenue": 226933, 
        "long_term_average": 46799, 
        "date": "2015-05-31", 
        "operating_revenue": 45131, 
        "short_term_average": 48580
    }, 
    {
        "accumulated_operating_revenue_yoy": -15.48287002974953, 
        "accumulated_operating_revenue": 264209, 
        "long_term_average": 45767, 
        "date": "2015-06-30", 
        "operating_revenue": 37276, 
        "short_term_average": 44239
    }, 
    {
        "accumulated_operating_revenue_yoy": -15.235716515766468, 
        "accumulated_operating_revenue": 304080, 
        "long_term_average": 45246, 
        "date": "2015-07-31", 
        "operating_revenue": 39871, 
        "short_term_average": 40759
    }, 
    {
        "accumulated_operating_revenue_yoy": -14.891083350255588, 
        "accumulated_operating_revenue": 339485, 
        "long_term_average": 44851, 
        "date": "2015-08-31", 
        "operating_revenue": 35405, 
        "short_term_average": 37517
    }
]