[
    {
        "date": "2011-09-30", 
        "operating_revenue": 242461, 
        "accumulated_operating_revenue": 242461, 
        "long_term_average": 242461, 
        "short_term_average": 242461
    }, 
    {
        "date": "2011-10-31", 
        "operating_revenue": 185878, 
        "accumulated_operating_revenue": 428339, 
        "long_term_average": 214169, 
        "short_term_average": 214169
    }, 
    {
        "date": "2011-11-30", 
        "operating_revenue": 215268, 
        "accumulated_operating_revenue": 643607, 
        "long_term_average": 214535, 
        "short_term_average": 214535
    }, 
    {
        "date": "2011-12-31", 
        "operating_revenue": 211283, 
        "accumulated_operating_revenue": 854890, 
        "long_term_average": 213722, 
        "short_term_average": 204143
    }, 
    {
        "date": "2012-01-31", 
        "operating_revenue": 164894, 
        "accumulated_operating_revenue": 164894, 
        "long_term_average": 203956, 
        "short_term_average": 197148
    }, 
    {
        "date": "2012-02-29", 
        "operating_revenue": 172149, 
        "accumulated_operating_revenue": 337043, 
        "long_term_average": 198655, 
        "short_term_average": 182775
    }, 
    {
        "date": "2012-03-31", 
        "operating_revenue": 249855, 
        "accumulated_operating_revenue": 586898, 
        "long_term_average": 205969, 
        "short_term_average": 195632
    }, 
    {
        "date": "2012-04-30", 
        "operating_revenue": 230769, 
        "accumulated_operating_revenue": 817667, 
        "long_term_average": 209069, 
        "short_term_average": 217591
    }, 
    {
        "date": "2012-05-31", 
        "operating_revenue": 220958, 
        "accumulated_operating_revenue": 1038625, 
        "long_term_average": 210390, 
        "short_term_average": 233860
    }, 
    {
        "date": "2012-06-30", 
        "operating_revenue": 169919, 
        "accumulated_operating_revenue": 1208544, 
        "long_term_average": 206343, 
        "short_term_average": 207215
    }, 
    {
        "date": "2012-07-31", 
        "operating_revenue": 201506, 
        "accumulated_operating_revenue": 1410050, 
        "long_term_average": 205903, 
        "short_term_average": 197461
    }, 
    {
        "date": "2012-08-31", 
        "operating_revenue": 221605, 
        "accumulated_operating_revenue": 1631655, 
        "long_term_average": 207212, 
        "short_term_average": 197676
    }, 
    {
        "accumulated_operating_revenue_yoy": 672.9869958467547, 
        "accumulated_operating_revenue": 1874192, 
        "long_term_average": 207218, 
        "date": "2012-09-30", 
        "operating_revenue": 242537, 
        "short_term_average": 221882
    }, 
    {
        "accumulated_operating_revenue_yoy": 387.39316289200843, 
        "accumulated_operating_revenue": 2087695, 
        "long_term_average": 209520, 
        "date": "2012-10-31", 
        "operating_revenue": 213503, 
        "short_term_average": 225881
    }, 
    {
        "accumulated_operating_revenue_yoy": 255.57149005526662, 
        "accumulated_operating_revenue": 2288483, 
        "long_term_average": 208313, 
        "date": "2012-11-30", 
        "operating_revenue": 200788, 
        "short_term_average": 218942
    }, 
    {
        "accumulated_operating_revenue_yoy": 191.32484881095812, 
        "accumulated_operating_revenue": 2490507, 
        "long_term_average": 207542, 
        "date": "2012-12-31", 
        "operating_revenue": 202024, 
        "short_term_average": 205438
    }, 
    {
        "accumulated_operating_revenue_yoy": 49.497252780574186, 
        "accumulated_operating_revenue": 246512, 
        "long_term_average": 214343, 
        "date": "2013-01-31", 
        "operating_revenue": 246512, 
        "short_term_average": 216441
    }, 
    {
        "accumulated_operating_revenue_yoy": 19.91555973570138, 
        "accumulated_operating_revenue": 404167, 
        "long_term_average": 213135, 
        "date": "2013-02-28", 
        "operating_revenue": 157655, 
        "short_term_average": 202063
    }, 
    {
        "accumulated_operating_revenue_yoy": 4.157451550354576, 
        "accumulated_operating_revenue": 611298, 
        "long_term_average": 209575, 
        "date": "2013-03-31", 
        "operating_revenue": 207131, 
        "short_term_average": 203766
    }, 
    {
        "accumulated_operating_revenue_yoy": 3.369097688912479, 
        "accumulated_operating_revenue": 845215, 
        "long_term_average": 209837, 
        "date": "2013-04-30", 
        "operating_revenue": 233917, 
        "short_term_average": 199567
    }, 
    {
        "accumulated_operating_revenue_yoy": 3.618919244193044, 
        "accumulated_operating_revenue": 1076212, 
        "long_term_average": 210674, 
        "date": "2013-05-31", 
        "operating_revenue": 230997, 
        "short_term_average": 224015
    }, 
    {
        "accumulated_operating_revenue_yoy": 7.457072311806604, 
        "accumulated_operating_revenue": 1298666, 
        "long_term_average": 215052, 
        "date": "2013-06-30", 
        "operating_revenue": 222454, 
        "short_term_average": 229122
    }, 
    {
        "accumulated_operating_revenue_yoy": 8.892947058614944, 
        "accumulated_operating_revenue": 1535445, 
        "long_term_average": 217991, 
        "date": "2013-07-31", 
        "operating_revenue": 236779, 
        "short_term_average": 230076
    }, 
    {
        "accumulated_operating_revenue_yoy": 8.839920203719537, 
        "accumulated_operating_revenue": 1775892, 
        "long_term_average": 219562, 
        "date": "2013-08-31", 
        "operating_revenue": 240447, 
        "short_term_average": 233226
    }, 
    {
        "accumulated_operating_revenue_yoy": 7.864989286049669, 
        "accumulated_operating_revenue": 2021597, 
        "long_term_average": 219826, 
        "date": "2013-09-30", 
        "operating_revenue": 245705, 
        "short_term_average": 240977
    }, 
    {
        "accumulated_operating_revenue_yoy": 7.135572964441645, 
        "accumulated_operating_revenue": 2236664, 
        "long_term_average": 219956, 
        "date": "2013-10-31", 
        "operating_revenue": 215067, 
        "short_term_average": 233739
    }, 
    {
        "accumulated_operating_revenue_yoy": 7.24029848594025, 
        "accumulated_operating_revenue": 2454176, 
        "long_term_average": 221350, 
        "date": "2013-11-30", 
        "operating_revenue": 217512, 
        "short_term_average": 226094
    }, 
    {
        "accumulated_operating_revenue_yoy": 6.789380636151594, 
        "accumulated_operating_revenue": 2659597, 
        "long_term_average": 221633, 
        "date": "2013-12-31", 
        "operating_revenue": 205421, 
        "short_term_average": 212666
    }, 
    {
        "accumulated_operating_revenue_yoy": -6.351414941260466, 
        "accumulated_operating_revenue": 230855, 
        "long_term_average": 220328, 
        "date": "2014-01-31", 
        "operating_revenue": 230855, 
        "short_term_average": 217929
    }, 
    {
        "accumulated_operating_revenue_yoy": -2.8055234593620955, 
        "accumulated_operating_revenue": 392828, 
        "long_term_average": 220688, 
        "date": "2014-02-28", 
        "operating_revenue": 161973, 
        "short_term_average": 199416
    }, 
    {
        "accumulated_operating_revenue_yoy": -0.8681526849425322, 
        "accumulated_operating_revenue": 605991, 
        "long_term_average": 221190, 
        "date": "2014-03-31", 
        "operating_revenue": 213163, 
        "short_term_average": 201997
    }, 
    {
        "accumulated_operating_revenue_yoy": -2.029424465964281, 
        "accumulated_operating_revenue": 828062, 
        "long_term_average": 220203, 
        "date": "2014-04-30", 
        "operating_revenue": 222071, 
        "short_term_average": 199069
    }, 
    {
        "accumulated_operating_revenue_yoy": -2.7937804075776893, 
        "accumulated_operating_revenue": 1046145, 
        "long_term_average": 219127, 
        "date": "2014-05-31", 
        "operating_revenue": 218083, 
        "short_term_average": 217772
    }, 
    {
        "accumulated_operating_revenue_yoy": -3.813759657987504, 
        "accumulated_operating_revenue": 1249138, 
        "long_term_average": 217505, 
        "date": "2014-06-30", 
        "operating_revenue": 202993, 
        "short_term_average": 214382
    }, 
    {
        "accumulated_operating_revenue_yoy": -4.527547388542084, 
        "accumulated_operating_revenue": 1465927, 
        "long_term_average": 215839, 
        "date": "2014-07-31", 
        "operating_revenue": 216789, 
        "short_term_average": 212621
    }, 
    {
        "accumulated_operating_revenue_yoy": -3.405162025618675, 
        "accumulated_operating_revenue": 1715420, 
        "long_term_average": 216593, 
        "date": "2014-08-31", 
        "operating_revenue": 249493, 
        "short_term_average": 223091
    }, 
    {
        "accumulated_operating_revenue_yoy": -2.6449880960448593, 
        "accumulated_operating_revenue": 1968126, 
        "long_term_average": 217177, 
        "date": "2014-09-30", 
        "operating_revenue": 252706, 
        "short_term_average": 239662
    }, 
    {
        "accumulated_operating_revenue_yoy": -1.5700614844250185, 
        "accumulated_operating_revenue": 2201547, 
        "long_term_average": 218706, 
        "date": "2014-10-31", 
        "operating_revenue": 233421, 
        "short_term_average": 245206
    }, 
    {
        "accumulated_operating_revenue_yoy": -0.5901369746913017, 
        "accumulated_operating_revenue": 2439693, 
        "long_term_average": 220426, 
        "date": "2014-11-30", 
        "operating_revenue": 238146, 
        "short_term_average": 241424
    }, 
    {
        "accumulated_operating_revenue_yoy": 0.14810514525320942, 
        "accumulated_operating_revenue": 2663536, 
        "long_term_average": 221961, 
        "date": "2014-12-31", 
        "operating_revenue": 223843, 
        "short_term_average": 231803
    }, 
    {
        "accumulated_operating_revenue_yoy": 8.097723679365835, 
        "accumulated_operating_revenue": 249549, 
        "long_term_average": 223519, 
        "date": "2015-01-31", 
        "operating_revenue": 249549, 
        "short_term_average": 237179
    }, 
    {
        "accumulated_operating_revenue_yoy": 7.174386754508334, 
        "accumulated_operating_revenue": 421011, 
        "long_term_average": 224309, 
        "date": "2015-02-28", 
        "operating_revenue": 171462, 
        "short_term_average": 214951
    }, 
    {
        "accumulated_operating_revenue_yoy": 5.668731053761524, 
        "accumulated_operating_revenue": 640343, 
        "long_term_average": 224824, 
        "date": "2015-03-31", 
        "operating_revenue": 219332, 
        "short_term_average": 213447
    }, 
    {
        "accumulated_operating_revenue_yoy": 4.1531914276950275, 
        "accumulated_operating_revenue": 862453, 
        "long_term_average": 224827, 
        "date": "2015-04-30", 
        "operating_revenue": 222110, 
        "short_term_average": 204301
    }, 
    {
        "accumulated_operating_revenue_yoy": 2.135076877488302, 
        "accumulated_operating_revenue": 1068481, 
        "long_term_average": 223822, 
        "date": "2015-05-31", 
        "operating_revenue": 206028, 
        "short_term_average": 215823
    }, 
    {
        "accumulated_operating_revenue_yoy": 0.9127894596113479, 
        "accumulated_operating_revenue": 1260540, 
        "long_term_average": 222911, 
        "date": "2015-06-30", 
        "operating_revenue": 192059, 
        "short_term_average": 206732
    }, 
    {
        "accumulated_operating_revenue_yoy": 1.7071109270789062, 
        "accumulated_operating_revenue": 1490952, 
        "long_term_average": 224046, 
        "date": "2015-07-31", 
        "operating_revenue": 230412, 
        "short_term_average": 209499
    }, 
    {
        "accumulated_operating_revenue_yoy": 1.0415525060918025, 
        "accumulated_operating_revenue": 1733287, 
        "long_term_average": 223450, 
        "date": "2015-08-31", 
        "operating_revenue": 242335, 
        "short_term_average": 221602
    }
]