[
    {
        "date": "2011-09-30", 
        "operating_revenue": 324391, 
        "accumulated_operating_revenue": 324391, 
        "long_term_average": 324391, 
        "short_term_average": 324391
    }, 
    {
        "date": "2011-10-31", 
        "operating_revenue": 299285, 
        "accumulated_operating_revenue": 623676, 
        "long_term_average": 311838, 
        "short_term_average": 311838
    }, 
    {
        "date": "2011-11-30", 
        "operating_revenue": 297916, 
        "accumulated_operating_revenue": 921592, 
        "long_term_average": 307197, 
        "short_term_average": 307197
    }, 
    {
        "date": "2011-12-31", 
        "operating_revenue": 288026, 
        "accumulated_operating_revenue": 1209618, 
        "long_term_average": 302404, 
        "short_term_average": 295075
    }, 
    {
        "date": "2012-01-31", 
        "operating_revenue": 224761, 
        "accumulated_operating_revenue": 224761, 
        "long_term_average": 286875, 
        "short_term_average": 270234
    }, 
    {
        "date": "2012-02-29", 
        "operating_revenue": 241360, 
        "accumulated_operating_revenue": 466121, 
        "long_term_average": 279289, 
        "short_term_average": 251382
    }, 
    {
        "date": "2012-03-31", 
        "operating_revenue": 298111, 
        "accumulated_operating_revenue": 764232, 
        "long_term_average": 281978, 
        "short_term_average": 254744
    }, 
    {
        "date": "2012-04-30", 
        "operating_revenue": 305255, 
        "accumulated_operating_revenue": 1069487, 
        "long_term_average": 284888, 
        "short_term_average": 281575
    }, 
    {
        "date": "2012-05-31", 
        "operating_revenue": 299680, 
        "accumulated_operating_revenue": 1369167, 
        "long_term_average": 286531, 
        "short_term_average": 301015
    }, 
    {
        "date": "2012-06-30", 
        "operating_revenue": 282072, 
        "accumulated_operating_revenue": 1651239, 
        "long_term_average": 286085, 
        "short_term_average": 295669
    }, 
    {
        "date": "2012-07-31", 
        "operating_revenue": 288366, 
        "accumulated_operating_revenue": 1939605, 
        "long_term_average": 286293, 
        "short_term_average": 290039
    }, 
    {
        "date": "2012-08-31", 
        "operating_revenue": 278623, 
        "accumulated_operating_revenue": 2218228, 
        "long_term_average": 285653, 
        "short_term_average": 283020
    }, 
    {
        "accumulated_operating_revenue_yoy": 668.520088411824, 
        "accumulated_operating_revenue": 2493010, 
        "long_term_average": 281519, 
        "date": "2012-09-30", 
        "operating_revenue": 274782, 
        "short_term_average": 280590
    }, 
    {
        "accumulated_operating_revenue_yoy": 338.46789037897884, 
        "accumulated_operating_revenue": 2734619, 
        "long_term_average": 276713, 
        "date": "2012-10-31", 
        "operating_revenue": 241609, 
        "short_term_average": 265004
    }, 
    {
        "accumulated_operating_revenue_yoy": 222.08178890441758, 
        "accumulated_operating_revenue": 2968280, 
        "long_term_average": 271358, 
        "date": "2012-11-30", 
        "operating_revenue": 233661, 
        "short_term_average": 250017
    }, 
    {
        "accumulated_operating_revenue_yoy": 163.69407531964637, 
        "accumulated_operating_revenue": 3189691, 
        "long_term_average": 265807, 
        "date": "2012-12-31", 
        "operating_revenue": 221411, 
        "short_term_average": 232227
    }, 
    {
        "accumulated_operating_revenue_yoy": 3.705269152566504, 
        "accumulated_operating_revenue": 233089, 
        "long_term_average": 266501, 
        "date": "2013-01-31", 
        "operating_revenue": 233089, 
        "short_term_average": 229387
    }, 
    {
        "accumulated_operating_revenue_yoy": -14.489156249128445, 
        "accumulated_operating_revenue": 398584, 
        "long_term_average": 260179, 
        "date": "2013-02-28", 
        "operating_revenue": 165495, 
        "short_term_average": 206665
    }, 
    {
        "accumulated_operating_revenue_yoy": -19.649268808424665, 
        "accumulated_operating_revenue": 614066, 
        "long_term_average": 253293, 
        "date": "2013-03-31", 
        "operating_revenue": 215482, 
        "short_term_average": 204688
    }, 
    {
        "accumulated_operating_revenue_yoy": -19.4737289934333, 
        "accumulated_operating_revenue": 861218, 
        "long_term_average": 248451, 
        "date": "2013-04-30", 
        "operating_revenue": 247152, 
        "short_term_average": 209376
    }, 
    {
        "accumulated_operating_revenue_yoy": -17.417451633000212, 
        "accumulated_operating_revenue": 1130693, 
        "long_term_average": 245934, 
        "date": "2013-05-31", 
        "operating_revenue": 269475, 
        "short_term_average": 244036
    }, 
    {
        "accumulated_operating_revenue_yoy": -16.579671386153063, 
        "accumulated_operating_revenue": 1377469, 
        "long_term_average": 242993, 
        "date": "2013-06-30", 
        "operating_revenue": 246776, 
        "short_term_average": 254467
    }, 
    {
        "accumulated_operating_revenue_yoy": -15.20520930808077, 
        "accumulated_operating_revenue": 1644684, 
        "long_term_average": 241230, 
        "date": "2013-07-31", 
        "operating_revenue": 267215, 
        "short_term_average": 261155
    }, 
    {
        "accumulated_operating_revenue_yoy": -13.800204487545914, 
        "accumulated_operating_revenue": 1912108, 
        "long_term_average": 240297, 
        "date": "2013-08-31", 
        "operating_revenue": 267424, 
        "short_term_average": 260471
    }, 
    {
        "accumulated_operating_revenue_yoy": -13.265249637987814, 
        "accumulated_operating_revenue": 2162306, 
        "long_term_average": 238248, 
        "date": "2013-09-30", 
        "operating_revenue": 250198, 
        "short_term_average": 261612
    }, 
    {
        "accumulated_operating_revenue_yoy": -11.598215327253998, 
        "accumulated_operating_revenue": 2417452, 
        "long_term_average": 239377, 
        "date": "2013-10-31", 
        "operating_revenue": 255146, 
        "short_term_average": 257589
    }, 
    {
        "accumulated_operating_revenue_yoy": -9.251923672968857, 
        "accumulated_operating_revenue": 2693657, 
        "long_term_average": 242922, 
        "date": "2013-11-30", 
        "operating_revenue": 276205, 
        "short_term_average": 260516
    }, 
    {
        "accumulated_operating_revenue_yoy": -7.6974854304068945, 
        "accumulated_operating_revenue": 2944165, 
        "long_term_average": 245347, 
        "date": "2013-12-31", 
        "operating_revenue": 250508, 
        "short_term_average": 260619
    }, 
    {
        "accumulated_operating_revenue_yoy": 2.9696811089326394, 
        "accumulated_operating_revenue": 240011, 
        "long_term_average": 245923, 
        "date": "2014-01-31", 
        "operating_revenue": 240011, 
        "short_term_average": 255574
    }, 
    {
        "accumulated_operating_revenue_yoy": 3.865433635068141, 
        "accumulated_operating_revenue": 413991, 
        "long_term_average": 246631, 
        "date": "2014-02-28", 
        "operating_revenue": 173980, 
        "short_term_average": 221499
    }, 
    {
        "accumulated_operating_revenue_yoy": 2.6879846791712945, 
        "accumulated_operating_revenue": 630572, 
        "long_term_average": 246722, 
        "date": "2014-03-31", 
        "operating_revenue": 216581, 
        "short_term_average": 210190
    }, 
    {
        "accumulated_operating_revenue_yoy": 0.9269430039780868, 
        "accumulated_operating_revenue": 869201, 
        "long_term_average": 246012, 
        "date": "2014-04-30", 
        "operating_revenue": 238629, 
        "short_term_average": 209730
    }, 
    {
        "accumulated_operating_revenue_yoy": -2.490154268223116, 
        "accumulated_operating_revenue": 1102537, 
        "long_term_average": 243000, 
        "date": "2014-05-31", 
        "operating_revenue": 233336, 
        "short_term_average": 229515
    }, 
    {
        "accumulated_operating_revenue_yoy": -5.179426905433081, 
        "accumulated_operating_revenue": 1306124, 
        "long_term_average": 239401, 
        "date": "2014-06-30", 
        "operating_revenue": 203587, 
        "short_term_average": 225184
    }, 
    {
        "accumulated_operating_revenue_yoy": -6.896400767563861, 
        "accumulated_operating_revenue": 1531260, 
        "long_term_average": 235895, 
        "date": "2014-07-31", 
        "operating_revenue": 225136, 
        "short_term_average": 220686
    }, 
    {
        "accumulated_operating_revenue_yoy": -8.18431804061277, 
        "accumulated_operating_revenue": 1755615, 
        "long_term_average": 232306, 
        "date": "2014-08-31", 
        "operating_revenue": 224355, 
        "short_term_average": 217692
    }, 
    {
        "accumulated_operating_revenue_yoy": -9.136403450760438, 
        "accumulated_operating_revenue": 1964749, 
        "long_term_average": 228884, 
        "date": "2014-09-30", 
        "operating_revenue": 209134, 
        "short_term_average": 219541
    }, 
    {
        "accumulated_operating_revenue_yoy": -9.759531936931944, 
        "accumulated_operating_revenue": 2181520, 
        "long_term_average": 225686, 
        "date": "2014-10-31", 
        "operating_revenue": 216771, 
        "short_term_average": 216753
    }, 
    {
        "accumulated_operating_revenue_yoy": -10.677046112404067, 
        "accumulated_operating_revenue": 2406054, 
        "long_term_average": 221380, 
        "date": "2014-11-30", 
        "operating_revenue": 224534, 
        "short_term_average": 216813
    }, 
    {
        "accumulated_operating_revenue_yoy": -10.979106130261043, 
        "accumulated_operating_revenue": 2620922, 
        "long_term_average": 218410, 
        "date": "2014-12-31", 
        "operating_revenue": 214868, 
        "short_term_average": 218724
    }, 
    {
        "accumulated_operating_revenue_yoy": -10.302861118865385, 
        "accumulated_operating_revenue": 215283, 
        "long_term_average": 216349, 
        "date": "2015-01-31", 
        "operating_revenue": 215283, 
        "short_term_average": 218228
    }, 
    {
        "accumulated_operating_revenue_yoy": -14.340408366365454, 
        "accumulated_operating_revenue": 354623, 
        "long_term_average": 213462, 
        "date": "2015-02-28", 
        "operating_revenue": 139340, 
        "short_term_average": 189830
    }, 
    {
        "accumulated_operating_revenue_yoy": -11.685739297019214, 
        "accumulated_operating_revenue": 556885, 
        "long_term_average": 212269, 
        "date": "2015-03-31", 
        "operating_revenue": 202262, 
        "short_term_average": 185628
    }, 
    {
        "accumulated_operating_revenue_yoy": -10.745040560238655, 
        "accumulated_operating_revenue": 775805, 
        "long_term_average": 210627, 
        "date": "2015-04-30", 
        "operating_revenue": 218920, 
        "short_term_average": 186840
    }, 
    {
        "accumulated_operating_revenue_yoy": -10.077938427463206, 
        "accumulated_operating_revenue": 991424, 
        "long_term_average": 209150, 
        "date": "2015-05-31", 
        "operating_revenue": 215619, 
        "short_term_average": 212267
    }, 
    {
        "accumulated_operating_revenue_yoy": -8.951600307474635, 
        "accumulated_operating_revenue": 1189205, 
        "long_term_average": 208666, 
        "date": "2015-06-30", 
        "operating_revenue": 197781, 
        "short_term_average": 210773
    }, 
    {
        "accumulated_operating_revenue_yoy": -10.01652234107859, 
        "accumulated_operating_revenue": 1377881, 
        "long_term_average": 205628, 
        "date": "2015-07-31", 
        "operating_revenue": 188676, 
        "short_term_average": 200692
    }, 
    {
        "accumulated_operating_revenue_yoy": -9.95970073165244, 
        "accumulated_operating_revenue": 1580761, 
        "long_term_average": 203839, 
        "date": "2015-08-31", 
        "operating_revenue": 202880, 
        "short_term_average": 196445
    }, 
    {
        "accumulated_operating_revenue_yoy": -8.745035625415767, 
        "accumulated_operating_revenue": 1792931, 
        "long_term_average": 204092, 
        "date": "2015-09-30", 
        "operating_revenue": 212170, 
        "short_term_average": 201242
    }
]