[
    {
        "date": "2012-01-31", 
        "operating_revenue": 27699, 
        "accumulated_operating_revenue": 27699, 
        "long_term_average": 27699, 
        "short_term_average": 27699
    }, 
    {
        "date": "2012-02-29", 
        "operating_revenue": 43879, 
        "accumulated_operating_revenue": 71578, 
        "long_term_average": 35789, 
        "short_term_average": 35789
    }, 
    {
        "date": "2012-03-31", 
        "operating_revenue": 66085, 
        "accumulated_operating_revenue": 137663, 
        "long_term_average": 45887, 
        "short_term_average": 45887
    }, 
    {
        "date": "2012-04-30", 
        "operating_revenue": 41433, 
        "accumulated_operating_revenue": 179096, 
        "long_term_average": 44774, 
        "short_term_average": 50465
    }, 
    {
        "date": "2012-05-31", 
        "operating_revenue": 65795, 
        "accumulated_operating_revenue": 244891, 
        "long_term_average": 48978, 
        "short_term_average": 57771
    }, 
    {
        "date": "2012-06-30", 
        "operating_revenue": 80127, 
        "accumulated_operating_revenue": 325018, 
        "long_term_average": 54169, 
        "short_term_average": 62451
    }, 
    {
        "date": "2012-07-31", 
        "operating_revenue": 40683, 
        "accumulated_operating_revenue": 365701, 
        "long_term_average": 52243, 
        "short_term_average": 62201
    }, 
    {
        "date": "2012-08-31", 
        "operating_revenue": 88549, 
        "accumulated_operating_revenue": 454250, 
        "long_term_average": 56781, 
        "short_term_average": 69786
    }, 
    {
        "date": "2012-09-30", 
        "operating_revenue": 53515, 
        "accumulated_operating_revenue": 507765, 
        "long_term_average": 56418, 
        "short_term_average": 60915
    }, 
    {
        "date": "2012-10-31", 
        "operating_revenue": 46597, 
        "accumulated_operating_revenue": 554362, 
        "long_term_average": 55436, 
        "short_term_average": 62887
    }, 
    {
        "date": "2012-11-30", 
        "operating_revenue": 20496, 
        "accumulated_operating_revenue": 574858, 
        "long_term_average": 52259, 
        "short_term_average": 40202
    }, 
    {
        "date": "2012-12-31", 
        "operating_revenue": 25625, 
        "accumulated_operating_revenue": 600483, 
        "long_term_average": 50040, 
        "short_term_average": 30906
    }, 
    {
        "accumulated_operating_revenue_yoy": -29.838622332936204, 
        "accumulated_operating_revenue": 19434, 
        "long_term_average": 49351, 
        "date": "2013-01-31", 
        "operating_revenue": 19434, 
        "short_term_average": 21851
    }, 
    {
        "accumulated_operating_revenue_yoy": -64.9626980357093, 
        "accumulated_operating_revenue": 25079, 
        "long_term_average": 46165, 
        "date": "2013-02-28", 
        "operating_revenue": 5645, 
        "short_term_average": 16901
    }, 
    {
        "accumulated_operating_revenue_yoy": -66.76376368377849, 
        "accumulated_operating_revenue": 45754, 
        "long_term_average": 42381, 
        "date": "2013-03-31", 
        "operating_revenue": 20675, 
        "short_term_average": 15251
    }, 
    {
        "accumulated_operating_revenue_yoy": -65.00982713181757, 
        "accumulated_operating_revenue": 62666, 
        "long_term_average": 40337, 
        "date": "2013-04-30", 
        "operating_revenue": 16912, 
        "short_term_average": 14410
    }, 
    {
        "accumulated_operating_revenue_yoy": -68.47168740378372, 
        "accumulated_operating_revenue": 77210, 
        "long_term_average": 36066, 
        "date": "2013-05-31", 
        "operating_revenue": 14544, 
        "short_term_average": 17377
    }, 
    {
        "accumulated_operating_revenue_yoy": -73.54238842156434, 
        "accumulated_operating_revenue": 85992, 
        "long_term_average": 30121, 
        "date": "2013-06-30", 
        "operating_revenue": 8782, 
        "short_term_average": 13412
    }, 
    {
        "accumulated_operating_revenue_yoy": -72.83026297439712, 
        "accumulated_operating_revenue": 99360, 
        "long_term_average": 27845, 
        "date": "2013-07-31", 
        "operating_revenue": 13368, 
        "short_term_average": 12231
    }, 
    {
        "accumulated_operating_revenue_yoy": -75.78800220143093, 
        "accumulated_operating_revenue": 109983, 
        "long_term_average": 21351, 
        "date": "2013-08-31", 
        "operating_revenue": 10623, 
        "short_term_average": 10924
    }, 
    {
        "accumulated_operating_revenue_yoy": -76.82293974574853, 
        "accumulated_operating_revenue": 117685, 
        "long_term_average": 17533, 
        "date": "2013-09-30", 
        "operating_revenue": 7702, 
        "short_term_average": 10564
    }, 
    {
        "accumulated_operating_revenue_yoy": -77.53417442032463, 
        "accumulated_operating_revenue": 124542, 
        "long_term_average": 14221, 
        "date": "2013-10-31", 
        "operating_revenue": 6857, 
        "short_term_average": 8394
    }, 
    {
        "accumulated_operating_revenue_yoy": -77.64404426832365, 
        "accumulated_operating_revenue": 128515, 
        "long_term_average": 12845, 
        "date": "2013-11-30", 
        "operating_revenue": 3973, 
        "short_term_average": 6177
    }, 
    {
        "accumulated_operating_revenue_yoy": -75.12835500755224, 
        "accumulated_operating_revenue": 149350, 
        "long_term_average": 12445, 
        "date": "2013-12-31", 
        "operating_revenue": 20835, 
        "short_term_average": 10555
    }, 
    {
        "accumulated_operating_revenue_yoy": -71.65277348976021, 
        "accumulated_operating_revenue": 5509, 
        "long_term_average": 11285, 
        "date": "2014-01-31", 
        "operating_revenue": 5509, 
        "short_term_average": 10105
    }, 
    {
        "accumulated_operating_revenue_yoy": -61.46576817257466, 
        "accumulated_operating_revenue": 9664, 
        "long_term_average": 11161, 
        "date": "2014-02-28", 
        "operating_revenue": 4155, 
        "short_term_average": 10166
    }, 
    {
        "accumulated_operating_revenue_yoy": -69.16116623683175, 
        "accumulated_operating_revenue": 14110, 
        "long_term_average": 9808, 
        "date": "2014-03-31", 
        "operating_revenue": 4446, 
        "short_term_average": 4703
    }, 
    {
        "accumulated_operating_revenue_yoy": -68.07200076596558, 
        "accumulated_operating_revenue": 20008, 
        "long_term_average": 8891, 
        "date": "2014-04-30", 
        "operating_revenue": 5898, 
        "short_term_average": 4833
    }, 
    {
        "accumulated_operating_revenue_yoy": -56.49915814013728, 
        "accumulated_operating_revenue": 33587, 
        "long_term_average": 8810, 
        "date": "2014-05-31", 
        "operating_revenue": 13579, 
        "short_term_average": 7974
    }, 
    {
        "accumulated_operating_revenue_yoy": -52.280444692529535, 
        "accumulated_operating_revenue": 41035, 
        "long_term_average": 8699, 
        "date": "2014-06-30", 
        "operating_revenue": 7448, 
        "short_term_average": 8975
    }, 
    {
        "accumulated_operating_revenue_yoy": -52.05213365539453, 
        "accumulated_operating_revenue": 47641, 
        "long_term_average": 8135, 
        "date": "2014-07-31", 
        "operating_revenue": 6606, 
        "short_term_average": 9211
    }, 
    {
        "accumulated_operating_revenue_yoy": -50.124110089741144, 
        "accumulated_operating_revenue": 54855, 
        "long_term_average": 7851, 
        "date": "2014-08-31", 
        "operating_revenue": 7214, 
        "short_term_average": 7089
    }, 
    {
        "accumulated_operating_revenue_yoy": -50.48052003228959, 
        "accumulated_operating_revenue": 58277, 
        "long_term_average": 7495, 
        "date": "2014-09-30", 
        "operating_revenue": 3422, 
        "short_term_average": 5747
    }, 
    {
        "accumulated_operating_revenue_yoy": -48.65266335854571, 
        "accumulated_operating_revenue": 63949, 
        "long_term_average": 7396, 
        "date": "2014-10-31", 
        "operating_revenue": 5672, 
        "short_term_average": 5436
    }, 
    {
        "accumulated_operating_revenue_yoy": -46.891802513325295, 
        "accumulated_operating_revenue": 68252, 
        "long_term_average": 7423, 
        "date": "2014-11-30", 
        "operating_revenue": 4303, 
        "short_term_average": 4465
    }, 
    {
        "accumulated_operating_revenue_yoy": -48.004686976899904, 
        "accumulated_operating_revenue": 77655, 
        "long_term_average": 6471, 
        "date": "2014-12-31", 
        "operating_revenue": 9403, 
        "short_term_average": 6459
    }, 
    {
        "accumulated_operating_revenue_yoy": 42.27627518605917, 
        "accumulated_operating_revenue": 7838, 
        "long_term_average": 6665, 
        "date": "2015-01-31", 
        "operating_revenue": 7838, 
        "short_term_average": 7181
    }, 
    {
        "accumulated_operating_revenue_yoy": 8.847268211920529, 
        "accumulated_operating_revenue": 10519, 
        "long_term_average": 6542, 
        "date": "2015-02-28", 
        "operating_revenue": 2681, 
        "short_term_average": 6640
    }, 
    {
        "accumulated_operating_revenue_yoy": -1.2119064493267186, 
        "accumulated_operating_revenue": 13939, 
        "long_term_average": 6457, 
        "date": "2015-03-31", 
        "operating_revenue": 3420, 
        "short_term_average": 4646
    }, 
    {
        "accumulated_operating_revenue_yoy": -11.450419832067173, 
        "accumulated_operating_revenue": 17717, 
        "long_term_average": 6280, 
        "date": "2015-04-30", 
        "operating_revenue": 3778, 
        "short_term_average": 3293
    }, 
    {
        "accumulated_operating_revenue_yoy": -41.34933158662577, 
        "accumulated_operating_revenue": 19699, 
        "long_term_average": 5313, 
        "date": "2015-05-31", 
        "operating_revenue": 1982, 
        "short_term_average": 3060
    }, 
    {
        "accumulated_operating_revenue_yoy": -41.69123918606068, 
        "accumulated_operating_revenue": 23927, 
        "long_term_average": 5045, 
        "date": "2015-06-30", 
        "operating_revenue": 4228, 
        "short_term_average": 3329
    }, 
    {
        "accumulated_operating_revenue_yoy": -44.810142524296296, 
        "accumulated_operating_revenue": 26293, 
        "long_term_average": 4692, 
        "date": "2015-07-31", 
        "operating_revenue": 2366, 
        "short_term_average": 2858
    }, 
    {
        "accumulated_operating_revenue_yoy": -46.11977030352748, 
        "accumulated_operating_revenue": 29556, 
        "long_term_average": 4363, 
        "date": "2015-08-31", 
        "operating_revenue": 3263, 
        "short_term_average": 3285
    }, 
    {
        "accumulated_operating_revenue_yoy": -44.90107589615114, 
        "accumulated_operating_revenue": 32110, 
        "long_term_average": 4290, 
        "date": "2015-09-30", 
        "operating_revenue": 2554, 
        "short_term_average": 2727
    }
]