[
    {
        "date": "2011-09-30", 
        "operating_revenue": 518758, 
        "accumulated_operating_revenue": 518758, 
        "long_term_average": 518758, 
        "short_term_average": 518758
    }, 
    {
        "date": "2011-10-31", 
        "operating_revenue": 411688, 
        "accumulated_operating_revenue": 930446, 
        "long_term_average": 465223, 
        "short_term_average": 465223
    }, 
    {
        "date": "2011-11-30", 
        "operating_revenue": 392300, 
        "accumulated_operating_revenue": 1322746, 
        "long_term_average": 440915, 
        "short_term_average": 440915
    }, 
    {
        "date": "2011-12-31", 
        "operating_revenue": 380669, 
        "accumulated_operating_revenue": 1703415, 
        "long_term_average": 425853, 
        "short_term_average": 394885
    }, 
    {
        "date": "2012-01-31", 
        "operating_revenue": 269176, 
        "accumulated_operating_revenue": 269176, 
        "long_term_average": 394518, 
        "short_term_average": 347381
    }, 
    {
        "date": "2012-02-29", 
        "operating_revenue": 318148, 
        "accumulated_operating_revenue": 587324, 
        "long_term_average": 381789, 
        "short_term_average": 322664
    }, 
    {
        "date": "2012-03-31", 
        "operating_revenue": 403878, 
        "accumulated_operating_revenue": 991202, 
        "long_term_average": 384945, 
        "short_term_average": 330400
    }, 
    {
        "date": "2012-04-30", 
        "operating_revenue": 358309, 
        "accumulated_operating_revenue": 1349511, 
        "long_term_average": 381615, 
        "short_term_average": 360111
    }, 
    {
        "date": "2012-05-31", 
        "operating_revenue": 365190, 
        "accumulated_operating_revenue": 1714701, 
        "long_term_average": 379790, 
        "short_term_average": 375792
    }, 
    {
        "date": "2012-06-30", 
        "operating_revenue": 400388, 
        "accumulated_operating_revenue": 2115089, 
        "long_term_average": 381850, 
        "short_term_average": 374629
    }, 
    {
        "date": "2012-07-31", 
        "operating_revenue": 361854, 
        "accumulated_operating_revenue": 2476943, 
        "long_term_average": 380032, 
        "short_term_average": 375810
    }, 
    {
        "date": "2012-08-31", 
        "operating_revenue": 342650, 
        "accumulated_operating_revenue": 2819593, 
        "long_term_average": 376917, 
        "short_term_average": 368297
    }, 
    {
        "accumulated_operating_revenue_yoy": 511.2900427559671, 
        "accumulated_operating_revenue": 3171116, 
        "long_term_average": 362981, 
        "date": "2012-09-30", 
        "operating_revenue": 351523, 
        "short_term_average": 352009
    }, 
    {
        "accumulated_operating_revenue_yoy": 274.55069934203595, 
        "accumulated_operating_revenue": 3484992, 
        "long_term_average": 354830, 
        "date": "2012-10-31", 
        "operating_revenue": 313876, 
        "short_term_average": 336016
    }, 
    {
        "accumulated_operating_revenue_yoy": 189.60495817035167, 
        "accumulated_operating_revenue": 3830738, 
        "long_term_average": 350950, 
        "date": "2012-11-30", 
        "operating_revenue": 345746, 
        "short_term_average": 337048
    }, 
    {
        "accumulated_operating_revenue_yoy": 148.8150568123446, 
        "accumulated_operating_revenue": 4238353, 
        "long_term_average": 353196, 
        "date": "2012-12-31", 
        "operating_revenue": 407615, 
        "short_term_average": 355745
    }, 
    {
        "accumulated_operating_revenue_yoy": 41.76449609177638, 
        "accumulated_operating_revenue": 381596, 
        "long_term_average": 362564, 
        "date": "2013-01-31", 
        "operating_revenue": 381596, 
        "short_term_average": 378319
    }, 
    {
        "accumulated_operating_revenue_yoy": 3.9112993850072533, 
        "accumulated_operating_revenue": 610296, 
        "long_term_average": 355110, 
        "date": "2013-02-28", 
        "operating_revenue": 228700, 
        "short_term_average": 339303
    }, 
    {
        "accumulated_operating_revenue_yoy": 3.002112586536347, 
        "accumulated_operating_revenue": 1020959, 
        "long_term_average": 355675, 
        "date": "2013-03-31", 
        "operating_revenue": 410663, 
        "short_term_average": 340319
    }, 
    {
        "accumulated_operating_revenue_yoy": 9.542789943913018, 
        "accumulated_operating_revenue": 1478292, 
        "long_term_average": 363927, 
        "date": "2013-04-30", 
        "operating_revenue": 457333, 
        "short_term_average": 365565
    }, 
    {
        "accumulated_operating_revenue_yoy": 15.245865022531625, 
        "accumulated_operating_revenue": 1976122, 
        "long_term_average": 374981, 
        "date": "2013-05-31", 
        "operating_revenue": 497830, 
        "short_term_average": 455275
    }, 
    {
        "accumulated_operating_revenue_yoy": 15.40970616366498, 
        "accumulated_operating_revenue": 2441018, 
        "long_term_average": 380356, 
        "date": "2013-06-30", 
        "operating_revenue": 464896, 
        "short_term_average": 473353
    }, 
    {
        "accumulated_operating_revenue_yoy": 16.493556775428424, 
        "accumulated_operating_revenue": 2885479, 
        "long_term_average": 387240, 
        "date": "2013-07-31", 
        "operating_revenue": 444461, 
        "short_term_average": 469062
    }, 
    {
        "accumulated_operating_revenue_yoy": 17.519053281803437, 
        "accumulated_operating_revenue": 3313559, 
        "long_term_average": 394359, 
        "date": "2013-08-31", 
        "operating_revenue": 428080, 
        "short_term_average": 445812
    }, 
    {
        "accumulated_operating_revenue_yoy": 20.519495344856512, 
        "accumulated_operating_revenue": 3821813, 
        "long_term_average": 407420, 
        "date": "2013-09-30", 
        "operating_revenue": 508254, 
        "short_term_average": 460265
    }, 
    {
        "accumulated_operating_revenue_yoy": 22.12426886489266, 
        "accumulated_operating_revenue": 4256021, 
        "long_term_average": 417448, 
        "date": "2013-10-31", 
        "operating_revenue": 434208, 
        "short_term_average": 456847
    }, 
    {
        "accumulated_operating_revenue_yoy": 23.43318702558097, 
        "accumulated_operating_revenue": 4728402, 
        "long_term_average": 428001, 
        "date": "2013-11-30", 
        "operating_revenue": 472381, 
        "short_term_average": 471614
    }, 
    {
        "accumulated_operating_revenue_yoy": 22.478189051265904, 
        "accumulated_operating_revenue": 5191058, 
        "long_term_average": 432588, 
        "date": "2013-12-31", 
        "operating_revenue": 462656, 
        "short_term_average": 456415
    }, 
    {
        "accumulated_operating_revenue_yoy": 15.556504785165462, 
        "accumulated_operating_revenue": 440959, 
        "long_term_average": 437535, 
        "date": "2014-01-31", 
        "operating_revenue": 440959, 
        "short_term_average": 458665
    }, 
    {
        "accumulated_operating_revenue_yoy": 28.81077378845675, 
        "accumulated_operating_revenue": 786127, 
        "long_term_average": 447240, 
        "date": "2014-02-28", 
        "operating_revenue": 345168, 
        "short_term_average": 416261
    }, 
    {
        "accumulated_operating_revenue_yoy": 26.19684042160361, 
        "accumulated_operating_revenue": 1288418, 
        "long_term_average": 454876, 
        "date": "2014-03-31", 
        "operating_revenue": 502291, 
        "short_term_average": 429472
    }, 
    {
        "accumulated_operating_revenue_yoy": 25.50166002386538, 
        "accumulated_operating_revenue": 1855281, 
        "long_term_average": 464003, 
        "date": "2014-04-30", 
        "operating_revenue": 566863, 
        "short_term_average": 471440
    }, 
    {
        "accumulated_operating_revenue_yoy": 17.938669778485338, 
        "accumulated_operating_revenue": 2330612, 
        "long_term_average": 462129, 
        "date": "2014-05-31", 
        "operating_revenue": 475331, 
        "short_term_average": 514828
    }, 
    {
        "accumulated_operating_revenue_yoy": 15.705578574185033, 
        "accumulated_operating_revenue": 2824394, 
        "long_term_average": 464536, 
        "date": "2014-06-30", 
        "operating_revenue": 493782, 
        "short_term_average": 511992
    }, 
    {
        "accumulated_operating_revenue_yoy": 13.233296794050487, 
        "accumulated_operating_revenue": 3267323, 
        "long_term_average": 464408, 
        "date": "2014-07-31", 
        "operating_revenue": 442929, 
        "short_term_average": 470680
    }, 
    {
        "accumulated_operating_revenue_yoy": 12.428388931659283, 
        "accumulated_operating_revenue": 3725381, 
        "long_term_average": 466906, 
        "date": "2014-08-31", 
        "operating_revenue": 458058, 
        "short_term_average": 464923
    }, 
    {
        "accumulated_operating_revenue_yoy": 11.632097122491341, 
        "accumulated_operating_revenue": 4266370, 
        "long_term_average": 469634, 
        "date": "2014-09-30", 
        "operating_revenue": 540989, 
        "short_term_average": 480658
    }, 
    {
        "accumulated_operating_revenue_yoy": 12.622776062430145, 
        "accumulated_operating_revenue": 4793249, 
        "long_term_average": 477357, 
        "date": "2014-10-31", 
        "operating_revenue": 526879, 
        "short_term_average": 508642
    }, 
    {
        "accumulated_operating_revenue_yoy": 9.466094464895328, 
        "accumulated_operating_revenue": 5175997, 
        "long_term_average": 469887, 
        "date": "2014-11-30", 
        "operating_revenue": 382748, 
        "short_term_average": 483538
    }, 
    {
        "accumulated_operating_revenue_yoy": 7.68573574019015, 
        "accumulated_operating_revenue": 5590029, 
        "long_term_average": 465835, 
        "date": "2014-12-31", 
        "operating_revenue": 414032, 
        "short_term_average": 441219
    }, 
    {
        "accumulated_operating_revenue_yoy": -5.090495941799578, 
        "accumulated_operating_revenue": 418512, 
        "long_term_average": 463965, 
        "date": "2015-01-31", 
        "operating_revenue": 418512, 
        "short_term_average": 405097
    }, 
    {
        "accumulated_operating_revenue_yoy": -10.572337548513154, 
        "accumulated_operating_revenue": 703015, 
        "long_term_average": 458909, 
        "date": "2015-02-28", 
        "operating_revenue": 284503, 
        "short_term_average": 372349
    }, 
    {
        "accumulated_operating_revenue_yoy": -10.96980948729372, 
        "accumulated_operating_revenue": 1147081, 
        "long_term_average": 454057, 
        "date": "2015-03-31", 
        "operating_revenue": 444066, 
        "short_term_average": 382360
    }, 
    {
        "accumulated_operating_revenue_yoy": -16.155773707594697, 
        "accumulated_operating_revenue": 1555546, 
        "long_term_average": 440857, 
        "date": "2015-04-30", 
        "operating_revenue": 408465, 
        "short_term_average": 379011
    }, 
    {
        "accumulated_operating_revenue_yoy": -19.21216401528869, 
        "accumulated_operating_revenue": 1882851, 
        "long_term_average": 428522, 
        "date": "2015-05-31", 
        "operating_revenue": 327305, 
        "short_term_average": 393278
    }, 
    {
        "accumulated_operating_revenue_yoy": -19.487932632628453, 
        "accumulated_operating_revenue": 2273978, 
        "long_term_average": 419967, 
        "date": "2015-06-30", 
        "operating_revenue": 391127, 
        "short_term_average": 375632
    }, 
    {
        "accumulated_operating_revenue_yoy": -17.348391940435643, 
        "accumulated_operating_revenue": 2700495, 
        "long_term_average": 418600, 
        "date": "2015-07-31", 
        "operating_revenue": 426517, 
        "short_term_average": 381649
    }, 
    {
        "accumulated_operating_revenue_yoy": -13.929555124697313, 
        "accumulated_operating_revenue": 3206452, 
        "long_term_average": 422591, 
        "date": "2015-08-31", 
        "operating_revenue": 505957, 
        "short_term_average": 441200
    }
]