[
    {
        "date": "2013-01-31", 
        "operating_revenue": 73300, 
        "accumulated_operating_revenue": 73300, 
        "long_term_average": 73300, 
        "short_term_average": 73300
    }, 
    {
        "date": "2013-02-28", 
        "operating_revenue": 43298, 
        "accumulated_operating_revenue": 116598, 
        "long_term_average": 58299, 
        "short_term_average": 58299
    }, 
    {
        "date": "2013-03-31", 
        "operating_revenue": 58013, 
        "accumulated_operating_revenue": 174611, 
        "long_term_average": 58203, 
        "short_term_average": 58203
    }, 
    {
        "date": "2013-04-30", 
        "operating_revenue": 68991, 
        "accumulated_operating_revenue": 243602, 
        "long_term_average": 60900, 
        "short_term_average": 56767
    }, 
    {
        "date": "2013-05-31", 
        "operating_revenue": 73001, 
        "accumulated_operating_revenue": 316603, 
        "long_term_average": 63320, 
        "short_term_average": 66668
    }, 
    {
        "date": "2013-06-30", 
        "operating_revenue": 66819, 
        "accumulated_operating_revenue": 383422, 
        "long_term_average": 63903, 
        "short_term_average": 69603
    }, 
    {
        "date": "2013-07-31", 
        "operating_revenue": 63675, 
        "accumulated_operating_revenue": 447097, 
        "long_term_average": 63871, 
        "short_term_average": 67831
    }, 
    {
        "date": "2013-08-31", 
        "operating_revenue": 50158, 
        "accumulated_operating_revenue": 497255, 
        "long_term_average": 62156, 
        "short_term_average": 60217
    }, 
    {
        "date": "2013-09-30", 
        "operating_revenue": 43090, 
        "accumulated_operating_revenue": 540345, 
        "long_term_average": 60038, 
        "short_term_average": 52307
    }, 
    {
        "date": "2013-10-31", 
        "operating_revenue": 55605, 
        "accumulated_operating_revenue": 595950, 
        "long_term_average": 59595, 
        "short_term_average": 49617
    }, 
    {
        "date": "2013-11-30", 
        "operating_revenue": 56073, 
        "accumulated_operating_revenue": 652023, 
        "long_term_average": 59274, 
        "short_term_average": 51589
    }, 
    {
        "date": "2013-12-31", 
        "operating_revenue": 62881, 
        "accumulated_operating_revenue": 714904, 
        "long_term_average": 59575, 
        "short_term_average": 58186
    }, 
    {
        "accumulated_operating_revenue_yoy": 22.353342428376536, 
        "accumulated_operating_revenue": 89685, 
        "long_term_average": 60940, 
        "date": "2014-01-31", 
        "operating_revenue": 89685, 
        "short_term_average": 69546
    }, 
    {
        "accumulated_operating_revenue_yoy": 54.30710646837853, 
        "accumulated_operating_revenue": 179919, 
        "long_term_average": 64852, 
        "date": "2014-02-28", 
        "operating_revenue": 90234, 
        "short_term_average": 80933
    }, 
    {
        "accumulated_operating_revenue_yoy": 62.65527372273224, 
        "accumulated_operating_revenue": 284014, 
        "long_term_average": 68692, 
        "date": "2014-03-31", 
        "operating_revenue": 104095, 
        "short_term_average": 94671
    }, 
    {
        "accumulated_operating_revenue_yoy": 61.69817981789969, 
        "accumulated_operating_revenue": 393900, 
        "long_term_average": 72100, 
        "date": "2014-04-30", 
        "operating_revenue": 109886, 
        "short_term_average": 101405
    }, 
    {
        "accumulated_operating_revenue_yoy": 58.95901175920633, 
        "accumulated_operating_revenue": 503269, 
        "long_term_average": 75130, 
        "date": "2014-05-31", 
        "operating_revenue": 109369, 
        "short_term_average": 107783
    }, 
    {
        "accumulated_operating_revenue_yoy": 60.858271043393444, 
        "accumulated_operating_revenue": 616766, 
        "long_term_average": 79020, 
        "date": "2014-06-30", 
        "operating_revenue": 113497, 
        "short_term_average": 110917
    }, 
    {
        "accumulated_operating_revenue_yoy": 60.349096504785315, 
        "accumulated_operating_revenue": 716916, 
        "long_term_average": 82060, 
        "date": "2014-07-31", 
        "operating_revenue": 100150, 
        "short_term_average": 107672
    }, 
    {
        "accumulated_operating_revenue_yoy": 66.67947029190255, 
        "accumulated_operating_revenue": 828822, 
        "long_term_average": 87205, 
        "date": "2014-08-31", 
        "operating_revenue": 111906, 
        "short_term_average": 108517
    }, 
    {
        "accumulated_operating_revenue_yoy": 74.16021245685627, 
        "accumulated_operating_revenue": 941066, 
        "long_term_average": 92968, 
        "date": "2014-09-30", 
        "operating_revenue": 112244, 
        "short_term_average": 108100
    }, 
    {
        "accumulated_operating_revenue_yoy": 77.44257068546018, 
        "accumulated_operating_revenue": 1057469, 
        "long_term_average": 98035, 
        "date": "2014-10-31", 
        "operating_revenue": 116403, 
        "short_term_average": 113517
    }, 
    {
        "accumulated_operating_revenue_yoy": 82.0553876166945, 
        "accumulated_operating_revenue": 1187043, 
        "long_term_average": 104160, 
        "date": "2014-11-30", 
        "operating_revenue": 129574, 
        "short_term_average": 119407
    }, 
    {
        "accumulated_operating_revenue_yoy": 82.85839777088951, 
        "accumulated_operating_revenue": 1307262, 
        "long_term_average": 108938, 
        "date": "2014-12-31", 
        "operating_revenue": 120219, 
        "short_term_average": 122065
    }, 
    {
        "accumulated_operating_revenue_yoy": 51.552656520042376, 
        "accumulated_operating_revenue": 135920, 
        "long_term_average": 112791, 
        "date": "2015-01-31", 
        "operating_revenue": 135920, 
        "short_term_average": 128571
    }, 
    {
        "accumulated_operating_revenue_yoy": 35.29032509073527, 
        "accumulated_operating_revenue": 243413, 
        "long_term_average": 114229, 
        "date": "2015-02-28", 
        "operating_revenue": 107493, 
        "short_term_average": 121210
    }, 
    {
        "accumulated_operating_revenue_yoy": 36.84360630109783, 
        "accumulated_operating_revenue": 388655, 
        "long_term_average": 117658, 
        "date": "2015-03-31", 
        "operating_revenue": 145242, 
        "short_term_average": 129551
    }, 
    {
        "accumulated_operating_revenue_yoy": 36.786747905559785, 
        "accumulated_operating_revenue": 538803, 
        "long_term_average": 121013, 
        "date": "2015-04-30", 
        "operating_revenue": 150148, 
        "short_term_average": 134294
    }, 
    {
        "accumulated_operating_revenue_yoy": 37.21190854195272, 
        "accumulated_operating_revenue": 690545, 
        "long_term_average": 124544, 
        "date": "2015-05-31", 
        "operating_revenue": 151742, 
        "short_term_average": 149044
    }, 
    {
        "accumulated_operating_revenue_yoy": 38.66117782108612, 
        "accumulated_operating_revenue": 855215, 
        "long_term_average": 128809, 
        "date": "2015-06-30", 
        "operating_revenue": 164670, 
        "short_term_average": 155520
    }, 
    {
        "accumulated_operating_revenue_yoy": 43.36979506664658, 
        "accumulated_operating_revenue": 1027841, 
        "long_term_average": 134848, 
        "date": "2015-07-31", 
        "operating_revenue": 172626, 
        "short_term_average": 163012
    }, 
    {
        "accumulated_operating_revenue_yoy": 46.62207325577747, 
        "accumulated_operating_revenue": 1215236, 
        "long_term_average": 141139, 
        "date": "2015-08-31", 
        "operating_revenue": 187395, 
        "short_term_average": 174897
    }
]