[
    {
        "date": "2012-01-31", 
        "operating_revenue": 103922, 
        "accumulated_operating_revenue": 103922, 
        "long_term_average": 103922, 
        "short_term_average": 103922
    }, 
    {
        "date": "2012-02-29", 
        "operating_revenue": 72125, 
        "accumulated_operating_revenue": 176047, 
        "long_term_average": 88023, 
        "short_term_average": 88023
    }, 
    {
        "date": "2012-03-31", 
        "operating_revenue": 85837, 
        "accumulated_operating_revenue": 261884, 
        "long_term_average": 87294, 
        "short_term_average": 87294
    }, 
    {
        "date": "2012-04-30", 
        "operating_revenue": 94429, 
        "accumulated_operating_revenue": 356313, 
        "long_term_average": 89078, 
        "short_term_average": 84130
    }, 
    {
        "date": "2012-05-31", 
        "operating_revenue": 77363, 
        "accumulated_operating_revenue": 433676, 
        "long_term_average": 86735, 
        "short_term_average": 85876
    }, 
    {
        "date": "2012-06-30", 
        "operating_revenue": 85213, 
        "accumulated_operating_revenue": 518889, 
        "long_term_average": 86481, 
        "short_term_average": 85668
    }, 
    {
        "date": "2012-07-31", 
        "operating_revenue": 70864, 
        "accumulated_operating_revenue": 589753, 
        "long_term_average": 84250, 
        "short_term_average": 77813
    }, 
    {
        "date": "2012-08-31", 
        "operating_revenue": 77446, 
        "accumulated_operating_revenue": 667199, 
        "long_term_average": 83399, 
        "short_term_average": 77841
    }, 
    {
        "date": "2012-09-30", 
        "operating_revenue": 76568, 
        "accumulated_operating_revenue": 743767, 
        "long_term_average": 82640, 
        "short_term_average": 74959
    }, 
    {
        "date": "2012-10-31", 
        "operating_revenue": 57715, 
        "accumulated_operating_revenue": 801482, 
        "long_term_average": 80148, 
        "short_term_average": 70576
    }, 
    {
        "date": "2012-11-30", 
        "operating_revenue": 58129, 
        "accumulated_operating_revenue": 859611, 
        "long_term_average": 78146, 
        "short_term_average": 64137
    }, 
    {
        "date": "2012-12-31", 
        "operating_revenue": 71018, 
        "accumulated_operating_revenue": 930629, 
        "long_term_average": 77552, 
        "short_term_average": 62287
    }, 
    {
        "accumulated_operating_revenue_yoy": -41.9497315294163, 
        "accumulated_operating_revenue": 60327, 
        "long_term_average": 73919, 
        "date": "2013-01-31", 
        "operating_revenue": 60327, 
        "short_term_average": 63158
    }, 
    {
        "accumulated_operating_revenue_yoy": -23.993024590024255, 
        "accumulated_operating_revenue": 133808, 
        "long_term_average": 74032, 
        "date": "2013-02-28", 
        "operating_revenue": 73481, 
        "short_term_average": 68275
    }, 
    {
        "accumulated_operating_revenue_yoy": -22.909379725374592, 
        "accumulated_operating_revenue": 201888, 
        "long_term_average": 72552, 
        "date": "2013-03-31", 
        "operating_revenue": 68080, 
        "short_term_average": 67296
    }, 
    {
        "accumulated_operating_revenue_yoy": -30.813919222705877, 
        "accumulated_operating_revenue": 246519, 
        "long_term_average": 68402, 
        "date": "2013-04-30", 
        "operating_revenue": 44631, 
        "short_term_average": 62064
    }, 
    {
        "accumulated_operating_revenue_yoy": -34.733994963982326, 
        "accumulated_operating_revenue": 283043, 
        "long_term_average": 64999, 
        "date": "2013-05-31", 
        "operating_revenue": 36524, 
        "short_term_average": 49745
    }, 
    {
        "accumulated_operating_revenue_yoy": -19.958411143809176, 
        "accumulated_operating_revenue": 415327, 
        "long_term_average": 68922, 
        "date": "2013-06-30", 
        "operating_revenue": 132284, 
        "short_term_average": 71146
    }, 
    {
        "accumulated_operating_revenue_yoy": -21.528334743528223, 
        "accumulated_operating_revenue": 462789, 
        "long_term_average": 66972, 
        "date": "2013-07-31", 
        "operating_revenue": 47462, 
        "short_term_average": 72090
    }, 
    {
        "accumulated_operating_revenue_yoy": -24.48924533759793, 
        "accumulated_operating_revenue": 503807, 
        "long_term_average": 63936, 
        "date": "2013-08-31", 
        "operating_revenue": 41018, 
        "short_term_average": 73588
    }, 
    {
        "accumulated_operating_revenue_yoy": -24.549220387567612, 
        "accumulated_operating_revenue": 561178, 
        "long_term_average": 62336, 
        "date": "2013-09-30", 
        "operating_revenue": 57371, 
        "short_term_average": 48617
    }, 
    {
        "accumulated_operating_revenue_yoy": -24.49686954916018, 
        "accumulated_operating_revenue": 605144, 
        "long_term_average": 61190, 
        "date": "2013-10-31", 
        "operating_revenue": 43966, 
        "short_term_average": 47451
    }, 
    {
        "accumulated_operating_revenue_yoy": -24.879509452531437, 
        "accumulated_operating_revenue": 645744, 
        "long_term_average": 59730, 
        "date": "2013-11-30", 
        "operating_revenue": 40600, 
        "short_term_average": 47312
    }, 
    {
        "accumulated_operating_revenue_yoy": -25.09496265429081, 
        "accumulated_operating_revenue": 697088, 
        "long_term_average": 58090, 
        "date": "2013-12-31", 
        "operating_revenue": 51344, 
        "short_term_average": 45303
    }, 
    {
        "accumulated_operating_revenue_yoy": -12.458766389842028, 
        "accumulated_operating_revenue": 52811, 
        "long_term_average": 57464, 
        "date": "2014-01-31", 
        "operating_revenue": 52811, 
        "short_term_average": 48251
    }, 
    {
        "accumulated_operating_revenue_yoy": -25.773496352983376, 
        "accumulated_operating_revenue": 99321, 
        "long_term_average": 55216, 
        "date": "2014-02-28", 
        "operating_revenue": 46510, 
        "short_term_average": 50221
    }, 
    {
        "accumulated_operating_revenue_yoy": -26.641008876208588, 
        "accumulated_operating_revenue": 148103, 
        "long_term_average": 53608, 
        "date": "2014-03-31", 
        "operating_revenue": 48782, 
        "short_term_average": 49367
    }, 
    {
        "accumulated_operating_revenue_yoy": -28.813194926151738, 
        "accumulated_operating_revenue": 175489, 
        "long_term_average": 52171, 
        "date": "2014-04-30", 
        "operating_revenue": 27386, 
        "short_term_average": 40892
    }, 
    {
        "accumulated_operating_revenue_yoy": -28.00669862883025, 
        "accumulated_operating_revenue": 203772, 
        "long_term_average": 51484, 
        "date": "2014-05-31", 
        "operating_revenue": 28283, 
        "short_term_average": 34817
    }, 
    {
        "accumulated_operating_revenue_yoy": -38.35291228357415, 
        "accumulated_operating_revenue": 256037, 
        "long_term_average": 44816, 
        "date": "2014-06-30", 
        "operating_revenue": 52265, 
        "short_term_average": 35978
    }, 
    {
        "accumulated_operating_revenue_yoy": -38.41102532687683, 
        "accumulated_operating_revenue": 285027, 
        "long_term_average": 43277, 
        "date": "2014-07-31", 
        "operating_revenue": 28990, 
        "short_term_average": 36512
    }, 
    {
        "accumulated_operating_revenue_yoy": -38.132062476305414, 
        "accumulated_operating_revenue": 311695, 
        "long_term_average": 42081, 
        "date": "2014-08-31", 
        "operating_revenue": 26668, 
        "short_term_average": 35974
    }, 
    {
        "accumulated_operating_revenue_yoy": -39.68366543235836, 
        "accumulated_operating_revenue": 338482, 
        "long_term_average": 39532, 
        "date": "2014-09-30", 
        "operating_revenue": 26787, 
        "short_term_average": 27481
    }, 
    {
        "accumulated_operating_revenue_yoy": -40.359649934561034, 
        "accumulated_operating_revenue": 360910, 
        "long_term_average": 37737, 
        "date": "2014-10-31", 
        "operating_revenue": 22428, 
        "short_term_average": 25294
    }, 
    {
        "accumulated_operating_revenue_yoy": -40.9080068881786, 
        "accumulated_operating_revenue": 381583, 
        "long_term_average": 36077, 
        "date": "2014-11-30", 
        "operating_revenue": 20673, 
        "short_term_average": 23296
    }, 
    {
        "accumulated_operating_revenue_yoy": -42.96487674439956, 
        "accumulated_operating_revenue": 397585, 
        "long_term_average": 33132, 
        "date": "2014-12-31", 
        "operating_revenue": 16002, 
        "short_term_average": 19701
    }, 
    {
        "accumulated_operating_revenue_yoy": -67.5976595784969, 
        "accumulated_operating_revenue": 17112, 
        "long_term_average": 30157, 
        "date": "2015-01-31", 
        "operating_revenue": 17112, 
        "short_term_average": 17929
    }, 
    {
        "accumulated_operating_revenue_yoy": -56.974859294610404, 
        "accumulated_operating_revenue": 42733, 
        "long_term_average": 28416, 
        "date": "2015-02-28", 
        "operating_revenue": 25621, 
        "short_term_average": 19578
    }, 
    {
        "accumulated_operating_revenue_yoy": -53.406750707278036, 
        "accumulated_operating_revenue": 69006, 
        "long_term_average": 26540, 
        "date": "2015-03-31", 
        "operating_revenue": 26273, 
        "short_term_average": 23002
    }, 
    {
        "accumulated_operating_revenue_yoy": -45.66895930799081, 
        "accumulated_operating_revenue": 95345, 
        "long_term_average": 26453, 
        "date": "2015-04-30", 
        "operating_revenue": 26339, 
        "short_term_average": 26077
    }, 
    {
        "accumulated_operating_revenue_yoy": -41.25149677090081, 
        "accumulated_operating_revenue": 119713, 
        "long_term_average": 26127, 
        "date": "2015-05-31", 
        "operating_revenue": 24368, 
        "short_term_average": 25660
    }, 
    {
        "accumulated_operating_revenue_yoy": -34.769193514999785, 
        "accumulated_operating_revenue": 167015, 
        "long_term_average": 25713, 
        "date": "2015-06-30", 
        "operating_revenue": 47302, 
        "short_term_average": 32669
    }, 
    {
        "accumulated_operating_revenue_yoy": -31.20932402895164, 
        "accumulated_operating_revenue": 196072, 
        "long_term_average": 25719, 
        "date": "2015-07-31", 
        "operating_revenue": 29057, 
        "short_term_average": 33575
    }, 
    {
        "accumulated_operating_revenue_yoy": -26.032820545725787, 
        "accumulated_operating_revenue": 230552, 
        "long_term_average": 26370, 
        "date": "2015-08-31", 
        "operating_revenue": 34480, 
        "short_term_average": 36946
    }, 
    {
        "accumulated_operating_revenue_yoy": -24.212218079543373, 
        "accumulated_operating_revenue": 256528, 
        "long_term_average": 26302, 
        "date": "2015-09-30", 
        "operating_revenue": 25976, 
        "short_term_average": 29837
    }
]