[
    {
        "date": "2012-01-31", 
        "operating_revenue": 20901, 
        "accumulated_operating_revenue": 20901, 
        "long_term_average": 20901, 
        "short_term_average": 20901
    }, 
    {
        "date": "2012-02-29", 
        "operating_revenue": 24687, 
        "accumulated_operating_revenue": 45588, 
        "long_term_average": 22794, 
        "short_term_average": 22794
    }, 
    {
        "date": "2012-03-31", 
        "operating_revenue": 21607, 
        "accumulated_operating_revenue": 67195, 
        "long_term_average": 22398, 
        "short_term_average": 22398
    }, 
    {
        "date": "2012-04-30", 
        "operating_revenue": 22575, 
        "accumulated_operating_revenue": 89770, 
        "long_term_average": 22442, 
        "short_term_average": 22956
    }, 
    {
        "date": "2012-05-31", 
        "operating_revenue": 32132, 
        "accumulated_operating_revenue": 121902, 
        "long_term_average": 24380, 
        "short_term_average": 25438
    }, 
    {
        "date": "2012-06-30", 
        "operating_revenue": 29300, 
        "accumulated_operating_revenue": 151202, 
        "long_term_average": 25200, 
        "short_term_average": 28002
    }, 
    {
        "date": "2012-07-31", 
        "operating_revenue": 30742, 
        "accumulated_operating_revenue": 181944, 
        "long_term_average": 25992, 
        "short_term_average": 30724
    }, 
    {
        "date": "2012-08-31", 
        "operating_revenue": 29144, 
        "accumulated_operating_revenue": 211088, 
        "long_term_average": 26386, 
        "short_term_average": 29728
    }, 
    {
        "date": "2012-09-30", 
        "operating_revenue": 29739, 
        "accumulated_operating_revenue": 240827, 
        "long_term_average": 26758, 
        "short_term_average": 29875
    }, 
    {
        "date": "2012-10-31", 
        "operating_revenue": 30501, 
        "accumulated_operating_revenue": 271328, 
        "long_term_average": 27132, 
        "short_term_average": 29794
    }, 
    {
        "date": "2012-11-30", 
        "operating_revenue": 34486, 
        "accumulated_operating_revenue": 305814, 
        "long_term_average": 27801, 
        "short_term_average": 31575
    }, 
    {
        "date": "2012-12-31", 
        "operating_revenue": 34796, 
        "accumulated_operating_revenue": 340610, 
        "long_term_average": 28384, 
        "short_term_average": 33261
    }, 
    {
        "accumulated_operating_revenue_yoy": 26.01789388067556, 
        "accumulated_operating_revenue": 26339, 
        "long_term_average": 28837, 
        "date": "2013-01-31", 
        "operating_revenue": 26339, 
        "short_term_average": 31873
    }, 
    {
        "accumulated_operating_revenue_yoy": 44.07958234623147, 
        "accumulated_operating_revenue": 65683, 
        "long_term_average": 30058, 
        "date": "2013-02-28", 
        "operating_revenue": 39344, 
        "short_term_average": 33493
    }, 
    {
        "accumulated_operating_revenue_yoy": 51.45918595133566, 
        "accumulated_operating_revenue": 101773, 
        "long_term_average": 31265, 
        "date": "2013-03-31", 
        "operating_revenue": 36090, 
        "short_term_average": 33924
    }, 
    {
        "accumulated_operating_revenue_yoy": 47.12821655341428, 
        "accumulated_operating_revenue": 132077, 
        "long_term_average": 31909, 
        "date": "2013-04-30", 
        "operating_revenue": 30304, 
        "short_term_average": 35246
    }, 
    {
        "accumulated_operating_revenue_yoy": 40.74174336762317, 
        "accumulated_operating_revenue": 171567, 
        "long_term_average": 32522, 
        "date": "2013-05-31", 
        "operating_revenue": 39490, 
        "short_term_average": 35294
    }, 
    {
        "accumulated_operating_revenue_yoy": 38.011401965582465, 
        "accumulated_operating_revenue": 208676, 
        "long_term_average": 33173, 
        "date": "2013-06-30", 
        "operating_revenue": 37109, 
        "short_term_average": 35634
    }, 
    {
        "accumulated_operating_revenue_yoy": 39.10433979686057, 
        "accumulated_operating_revenue": 253092, 
        "long_term_average": 34313, 
        "date": "2013-07-31", 
        "operating_revenue": 44416, 
        "short_term_average": 40338
    }, 
    {
        "accumulated_operating_revenue_yoy": 43.95986507996665, 
        "accumulated_operating_revenue": 303882, 
        "long_term_average": 36117, 
        "date": "2013-08-31", 
        "operating_revenue": 50790, 
        "short_term_average": 44105
    }, 
    {
        "accumulated_operating_revenue_yoy": 42.50270941381157, 
        "accumulated_operating_revenue": 343185, 
        "long_term_average": 36914, 
        "date": "2013-09-30", 
        "operating_revenue": 39303, 
        "short_term_average": 44836
    }, 
    {
        "accumulated_operating_revenue_yoy": 40.199684514683334, 
        "accumulated_operating_revenue": 380401, 
        "long_term_average": 37473, 
        "date": "2013-10-31", 
        "operating_revenue": 37216, 
        "short_term_average": 42436
    }, 
    {
        "accumulated_operating_revenue_yoy": 37.7772109844546, 
        "accumulated_operating_revenue": 421342, 
        "long_term_average": 38011, 
        "date": "2013-11-30", 
        "operating_revenue": 40941, 
        "short_term_average": 39153
    }, 
    {
        "accumulated_operating_revenue_yoy": 33.92736560876075, 
        "accumulated_operating_revenue": 456170, 
        "long_term_average": 38014, 
        "date": "2013-12-31", 
        "operating_revenue": 34828, 
        "short_term_average": 37661
    }, 
    {
        "accumulated_operating_revenue_yoy": 34.67102016021869, 
        "accumulated_operating_revenue": 35471, 
        "long_term_average": 38775, 
        "date": "2014-01-31", 
        "operating_revenue": 35471, 
        "short_term_average": 37080
    }, 
    {
        "accumulated_operating_revenue_yoy": 2.63386264330192, 
        "accumulated_operating_revenue": 67413, 
        "long_term_average": 38158, 
        "date": "2014-02-28", 
        "operating_revenue": 31942, 
        "short_term_average": 34080
    }, 
    {
        "accumulated_operating_revenue_yoy": -1.3028995902646083, 
        "accumulated_operating_revenue": 100447, 
        "long_term_average": 37903, 
        "date": "2014-03-31", 
        "operating_revenue": 33034, 
        "short_term_average": 33482
    }, 
    {
        "accumulated_operating_revenue_yoy": 1.7096087888125868, 
        "accumulated_operating_revenue": 134335, 
        "long_term_average": 38202, 
        "date": "2014-04-30", 
        "operating_revenue": 33888, 
        "short_term_average": 32954
    }, 
    {
        "accumulated_operating_revenue_yoy": -3.074017730682474, 
        "accumulated_operating_revenue": 166293, 
        "long_term_average": 37574, 
        "date": "2014-05-31", 
        "operating_revenue": 31958, 
        "short_term_average": 32960
    }, 
    {
        "accumulated_operating_revenue_yoy": -5.294331882918975, 
        "accumulated_operating_revenue": 197628, 
        "long_term_average": 37093, 
        "date": "2014-06-30", 
        "operating_revenue": 31335, 
        "short_term_average": 32393
    }, 
    {
        "accumulated_operating_revenue_yoy": -12.144200527871288, 
        "accumulated_operating_revenue": 222356, 
        "long_term_average": 35452, 
        "date": "2014-07-31", 
        "operating_revenue": 24728, 
        "short_term_average": 29340
    }, 
    {
        "accumulated_operating_revenue_yoy": -19.0998479673031, 
        "accumulated_operating_revenue": 245841, 
        "long_term_average": 33177, 
        "date": "2014-08-31", 
        "operating_revenue": 23485, 
        "short_term_average": 26516
    }, 
    {
        "accumulated_operating_revenue_yoy": -21.33164328277751, 
        "accumulated_operating_revenue": 269978, 
        "long_term_average": 31913, 
        "date": "2014-09-30", 
        "operating_revenue": 24137, 
        "short_term_average": 24116
    }, 
    {
        "accumulated_operating_revenue_yoy": -21.315927140044323, 
        "accumulated_operating_revenue": 299315, 
        "long_term_average": 31257, 
        "date": "2014-10-31", 
        "operating_revenue": 29337, 
        "short_term_average": 25653
    }, 
    {
        "accumulated_operating_revenue_yoy": -21.630884174850834, 
        "accumulated_operating_revenue": 330202, 
        "long_term_average": 30419, 
        "date": "2014-11-30", 
        "operating_revenue": 30887, 
        "short_term_average": 28120
    }, 
    {
        "accumulated_operating_revenue_yoy": -20.003945897362826, 
        "accumulated_operating_revenue": 364918, 
        "long_term_average": 30409, 
        "date": "2014-12-31", 
        "operating_revenue": 34716, 
        "short_term_average": 31646
    }, 
    {
        "accumulated_operating_revenue_yoy": -3.236446674748386, 
        "accumulated_operating_revenue": 34323, 
        "long_term_average": 30314, 
        "date": "2015-01-31", 
        "operating_revenue": 34323, 
        "short_term_average": 33308
    }, 
    {
        "accumulated_operating_revenue_yoy": 3.954726833103407, 
        "accumulated_operating_revenue": 70079, 
        "long_term_average": 30632, 
        "date": "2015-02-28", 
        "operating_revenue": 35756, 
        "short_term_average": 34931
    }, 
    {
        "accumulated_operating_revenue_yoy": -6.86132985554571, 
        "accumulated_operating_revenue": 93555, 
        "long_term_average": 29835, 
        "date": "2015-03-31", 
        "operating_revenue": 23476, 
        "short_term_average": 31185
    }, 
    {
        "accumulated_operating_revenue_yoy": -7.284773141772434, 
        "accumulated_operating_revenue": 124549, 
        "long_term_average": 29594, 
        "date": "2015-04-30", 
        "operating_revenue": 30994, 
        "short_term_average": 30075
    }, 
    {
        "accumulated_operating_revenue_yoy": -8.488030163626851, 
        "accumulated_operating_revenue": 152178, 
        "long_term_average": 29233, 
        "date": "2015-05-31", 
        "operating_revenue": 27629, 
        "short_term_average": 27366
    }, 
    {
        "accumulated_operating_revenue_yoy": -10.528366425810107, 
        "accumulated_operating_revenue": 176821, 
        "long_term_average": 28675, 
        "date": "2015-06-30", 
        "operating_revenue": 24643, 
        "short_term_average": 27755
    }, 
    {
        "accumulated_operating_revenue_yoy": -9.553149004299412, 
        "accumulated_operating_revenue": 201114, 
        "long_term_average": 28639, 
        "date": "2015-07-31", 
        "operating_revenue": 24293, 
        "short_term_average": 25521
    }, 
    {
        "accumulated_operating_revenue_yoy": -8.80772531839685, 
        "accumulated_operating_revenue": 224188, 
        "long_term_average": 28605, 
        "date": "2015-08-31", 
        "operating_revenue": 23074, 
        "short_term_average": 24003
    }, 
    {
        "accumulated_operating_revenue_yoy": -8.675521709176303, 
        "accumulated_operating_revenue": 246556, 
        "long_term_average": 28458, 
        "date": "2015-09-30", 
        "operating_revenue": 22368, 
        "short_term_average": 23245
    }
]