[
    {
        "date": "2012-01-31", 
        "operating_revenue": 92084, 
        "accumulated_operating_revenue": 92084, 
        "long_term_average": 92084, 
        "short_term_average": 92084
    }, 
    {
        "date": "2012-02-29", 
        "operating_revenue": 77771, 
        "accumulated_operating_revenue": 169855, 
        "long_term_average": 84927, 
        "short_term_average": 84927
    }, 
    {
        "date": "2012-03-31", 
        "operating_revenue": 78137, 
        "accumulated_operating_revenue": 247992, 
        "long_term_average": 82664, 
        "short_term_average": 82664
    }, 
    {
        "date": "2012-04-30", 
        "operating_revenue": 65631, 
        "accumulated_operating_revenue": 313623, 
        "long_term_average": 78405, 
        "short_term_average": 73846
    }, 
    {
        "date": "2012-05-31", 
        "operating_revenue": 61990, 
        "accumulated_operating_revenue": 375613, 
        "long_term_average": 75122, 
        "short_term_average": 68586
    }, 
    {
        "date": "2012-06-30", 
        "operating_revenue": 55492, 
        "accumulated_operating_revenue": 431105, 
        "long_term_average": 71850, 
        "short_term_average": 61037
    }, 
    {
        "date": "2012-07-31", 
        "operating_revenue": 51527, 
        "accumulated_operating_revenue": 482632, 
        "long_term_average": 68947, 
        "short_term_average": 56336
    }, 
    {
        "date": "2012-08-31", 
        "operating_revenue": 56858, 
        "accumulated_operating_revenue": 539490, 
        "long_term_average": 67436, 
        "short_term_average": 54625
    }, 
    {
        "date": "2012-09-30", 
        "operating_revenue": 49746, 
        "accumulated_operating_revenue": 589236, 
        "long_term_average": 65470, 
        "short_term_average": 52710
    }, 
    {
        "date": "2012-10-31", 
        "operating_revenue": 52795, 
        "accumulated_operating_revenue": 642031, 
        "long_term_average": 64203, 
        "short_term_average": 53133
    }, 
    {
        "date": "2012-11-30", 
        "operating_revenue": 53611, 
        "accumulated_operating_revenue": 695642, 
        "long_term_average": 63240, 
        "short_term_average": 52050
    }, 
    {
        "date": "2012-12-31", 
        "operating_revenue": 51615, 
        "accumulated_operating_revenue": 747257, 
        "long_term_average": 62271, 
        "short_term_average": 52673
    }, 
    {
        "accumulated_operating_revenue_yoy": -35.28843230094262, 
        "accumulated_operating_revenue": 59589, 
        "long_term_average": 59563, 
        "date": "2013-01-31", 
        "operating_revenue": 59589, 
        "short_term_average": 54938
    }, 
    {
        "accumulated_operating_revenue_yoy": -25.993347266786376, 
        "accumulated_operating_revenue": 125704, 
        "long_term_average": 58592, 
        "date": "2013-02-28", 
        "operating_revenue": 66115, 
        "short_term_average": 59106
    }, 
    {
        "accumulated_operating_revenue_yoy": -24.217313461724572, 
        "accumulated_operating_revenue": 187935, 
        "long_term_average": 57266, 
        "date": "2013-03-31", 
        "operating_revenue": 62231, 
        "short_term_average": 62645
    }, 
    {
        "accumulated_operating_revenue_yoy": -21.863830140008865, 
        "accumulated_operating_revenue": 245053, 
        "long_term_average": 56557, 
        "date": "2013-04-30", 
        "operating_revenue": 57118, 
        "short_term_average": 61821
    }, 
    {
        "accumulated_operating_revenue_yoy": -19.906126784749198, 
        "accumulated_operating_revenue": 300843, 
        "long_term_average": 56040, 
        "date": "2013-05-31", 
        "operating_revenue": 55790, 
        "short_term_average": 58379
    }, 
    {
        "accumulated_operating_revenue_yoy": -18.934598299718168, 
        "accumulated_operating_revenue": 349477, 
        "long_term_average": 55469, 
        "date": "2013-06-30", 
        "operating_revenue": 48634, 
        "short_term_average": 53847
    }, 
    {
        "accumulated_operating_revenue_yoy": -17.11303850552802, 
        "accumulated_operating_revenue": 400039, 
        "long_term_average": 55388, 
        "date": "2013-07-31", 
        "operating_revenue": 50562, 
        "short_term_average": 51662
    }, 
    {
        "accumulated_operating_revenue_yoy": -15.330775361915883, 
        "accumulated_operating_revenue": 456782, 
        "long_term_average": 55379, 
        "date": "2013-08-31", 
        "operating_revenue": 56743, 
        "short_term_average": 51979
    }, 
    {
        "accumulated_operating_revenue_yoy": -13.983870639268476, 
        "accumulated_operating_revenue": 506838, 
        "long_term_average": 55404, 
        "date": "2013-09-30", 
        "operating_revenue": 50056, 
        "short_term_average": 52453
    }, 
    {
        "accumulated_operating_revenue_yoy": -14.268469902543647, 
        "accumulated_operating_revenue": 550423, 
        "long_term_average": 54637, 
        "date": "2013-10-31", 
        "operating_revenue": 43585, 
        "short_term_average": 50128
    }, 
    {
        "accumulated_operating_revenue_yoy": -14.88049887729608, 
        "accumulated_operating_revenue": 592127, 
        "long_term_average": 53645, 
        "date": "2013-11-30", 
        "operating_revenue": 41704, 
        "short_term_average": 45115
    }, 
    {
        "accumulated_operating_revenue_yoy": -15.872317020784013, 
        "accumulated_operating_revenue": 628650, 
        "long_term_average": 52387, 
        "date": "2013-12-31", 
        "operating_revenue": 36523, 
        "short_term_average": 40604
    }, 
    {
        "accumulated_operating_revenue_yoy": -28.077329708503246, 
        "accumulated_operating_revenue": 42858, 
        "long_term_average": 50993, 
        "date": "2014-01-31", 
        "operating_revenue": 42858, 
        "short_term_average": 40361
    }, 
    {
        "accumulated_operating_revenue_yoy": -38.09982180360211, 
        "accumulated_operating_revenue": 77811, 
        "long_term_average": 48396, 
        "date": "2014-02-28", 
        "operating_revenue": 34953, 
        "short_term_average": 38111
    }, 
    {
        "accumulated_operating_revenue_yoy": -43.69702290685609, 
        "accumulated_operating_revenue": 105813, 
        "long_term_average": 45544, 
        "date": "2014-03-31", 
        "operating_revenue": 28002, 
        "short_term_average": 35271
    }, 
    {
        "accumulated_operating_revenue_yoy": -36.19380297323436, 
        "accumulated_operating_revenue": 156359, 
        "long_term_average": 44996, 
        "date": "2014-04-30", 
        "operating_revenue": 50546, 
        "short_term_average": 37833
    }, 
    {
        "accumulated_operating_revenue_yoy": -25.845042098370246, 
        "accumulated_operating_revenue": 223090, 
        "long_term_average": 45908, 
        "date": "2014-05-31", 
        "operating_revenue": 66731, 
        "short_term_average": 48426
    }, 
    {
        "accumulated_operating_revenue_yoy": -21.083504779999828, 
        "accumulated_operating_revenue": 275795, 
        "long_term_average": 46247, 
        "date": "2014-06-30", 
        "operating_revenue": 52705, 
        "short_term_average": 56660
    }, 
    {
        "accumulated_operating_revenue_yoy": -21.592394741512702, 
        "accumulated_operating_revenue": 313661, 
        "long_term_average": 45189, 
        "date": "2014-07-31", 
        "operating_revenue": 37866, 
        "short_term_average": 52434
    }, 
    {
        "accumulated_operating_revenue_yoy": -22.24956324898967, 
        "accumulated_operating_revenue": 355150, 
        "long_term_average": 43918, 
        "date": "2014-08-31", 
        "operating_revenue": 41489, 
        "short_term_average": 44020
    }, 
    {
        "accumulated_operating_revenue_yoy": -24.442721342914304, 
        "accumulated_operating_revenue": 382953, 
        "long_term_average": 42063, 
        "date": "2014-09-30", 
        "operating_revenue": 27803, 
        "short_term_average": 35719
    }, 
    {
        "accumulated_operating_revenue_yoy": -25.534906789868884, 
        "accumulated_operating_revenue": 409873, 
        "long_term_average": 40675, 
        "date": "2014-10-31", 
        "operating_revenue": 26920, 
        "short_term_average": 32070
    }, 
    {
        "accumulated_operating_revenue_yoy": -26.21278881050856, 
        "accumulated_operating_revenue": 436914, 
        "long_term_average": 39453, 
        "date": "2014-11-30", 
        "operating_revenue": 27041, 
        "short_term_average": 27254
    }, 
    {
        "accumulated_operating_revenue_yoy": -26.707070707070706, 
        "accumulated_operating_revenue": 460756, 
        "long_term_average": 38396, 
        "date": "2014-12-31", 
        "operating_revenue": 23842, 
        "short_term_average": 25934
    }, 
    {
        "accumulated_operating_revenue_yoy": -45.214429044752436, 
        "accumulated_operating_revenue": 23480, 
        "long_term_average": 36781, 
        "date": "2015-01-31", 
        "operating_revenue": 23480, 
        "short_term_average": 24787
    }, 
    {
        "accumulated_operating_revenue_yoy": -23.67788616005449, 
        "accumulated_operating_revenue": 59387, 
        "long_term_average": 36861, 
        "date": "2015-02-28", 
        "operating_revenue": 35907, 
        "short_term_average": 27743
    }, 
    {
        "accumulated_operating_revenue_yoy": 5.16571687788835, 
        "accumulated_operating_revenue": 111279, 
        "long_term_average": 38851, 
        "date": "2015-03-31", 
        "operating_revenue": 51892, 
        "short_term_average": 37093
    }, 
    {
        "accumulated_operating_revenue_yoy": 2.0363394495999594, 
        "accumulated_operating_revenue": 159543, 
        "long_term_average": 38661, 
        "date": "2015-04-30", 
        "operating_revenue": 48264, 
        "short_term_average": 45354
    }, 
    {
        "accumulated_operating_revenue_yoy": -10.33035994441705, 
        "accumulated_operating_revenue": 200044, 
        "long_term_average": 36475, 
        "date": "2015-05-31", 
        "operating_revenue": 40501, 
        "short_term_average": 46885
    }, 
    {
        "accumulated_operating_revenue_yoy": -15.252633296470206, 
        "accumulated_operating_revenue": 233729, 
        "long_term_average": 34890, 
        "date": "2015-06-30", 
        "operating_revenue": 33685, 
        "short_term_average": 40816
    }, 
    {
        "accumulated_operating_revenue_yoy": -15.899968437261885, 
        "accumulated_operating_revenue": 263789, 
        "long_term_average": 34240, 
        "date": "2015-07-31", 
        "operating_revenue": 30060, 
        "short_term_average": 34748
    }, 
    {
        "accumulated_operating_revenue_yoy": -15.824862734056033, 
        "accumulated_operating_revenue": 298948, 
        "long_term_average": 33712, 
        "date": "2015-08-31", 
        "operating_revenue": 35159, 
        "short_term_average": 32968
    }
]