[
    {
        "date": "2011-09-30", 
        "operating_revenue": 259456, 
        "accumulated_operating_revenue": 259456, 
        "long_term_average": 259456, 
        "short_term_average": 259456
    }, 
    {
        "date": "2011-10-31", 
        "operating_revenue": 180340, 
        "accumulated_operating_revenue": 439796, 
        "long_term_average": 219898, 
        "short_term_average": 219898
    }, 
    {
        "date": "2011-11-30", 
        "operating_revenue": 236703, 
        "accumulated_operating_revenue": 676499, 
        "long_term_average": 225499, 
        "short_term_average": 225499
    }, 
    {
        "date": "2011-12-31", 
        "operating_revenue": 206410, 
        "accumulated_operating_revenue": 882909, 
        "long_term_average": 220727, 
        "short_term_average": 207817
    }, 
    {
        "date": "2012-01-31", 
        "operating_revenue": 160791, 
        "accumulated_operating_revenue": 160791, 
        "long_term_average": 208740, 
        "short_term_average": 201301
    }, 
    {
        "date": "2012-02-29", 
        "operating_revenue": 190723, 
        "accumulated_operating_revenue": 351514, 
        "long_term_average": 205737, 
        "short_term_average": 185974
    }, 
    {
        "date": "2012-03-31", 
        "operating_revenue": 227747, 
        "accumulated_operating_revenue": 579261, 
        "long_term_average": 208881, 
        "short_term_average": 193087
    }, 
    {
        "date": "2012-04-30", 
        "operating_revenue": 248005, 
        "accumulated_operating_revenue": 827266, 
        "long_term_average": 213771, 
        "short_term_average": 222158
    }, 
    {
        "date": "2012-05-31", 
        "operating_revenue": 262824, 
        "accumulated_operating_revenue": 1090090, 
        "long_term_average": 219222, 
        "short_term_average": 246192
    }, 
    {
        "date": "2012-06-30", 
        "operating_revenue": 252789, 
        "accumulated_operating_revenue": 1342879, 
        "long_term_average": 222578, 
        "short_term_average": 254539
    }, 
    {
        "date": "2012-07-31", 
        "operating_revenue": 193064, 
        "accumulated_operating_revenue": 1535943, 
        "long_term_average": 219895, 
        "short_term_average": 236225
    }, 
    {
        "date": "2012-08-31", 
        "operating_revenue": 248730, 
        "accumulated_operating_revenue": 1784673, 
        "long_term_average": 222298, 
        "short_term_average": 231527
    }, 
    {
        "accumulated_operating_revenue_yoy": 686.8729187222497, 
        "accumulated_operating_revenue": 2041589, 
        "long_term_average": 222086, 
        "date": "2012-09-30", 
        "operating_revenue": 256916, 
        "short_term_average": 232903
    }, 
    {
        "accumulated_operating_revenue_yoy": 428.29789265932385, 
        "accumulated_operating_revenue": 2323433, 
        "long_term_average": 230545, 
        "date": "2012-10-31", 
        "operating_revenue": 281844, 
        "short_term_average": 262496
    }, 
    {
        "accumulated_operating_revenue_yoy": 276.1334458735342, 
        "accumulated_operating_revenue": 2544539, 
        "long_term_average": 229245, 
        "date": "2012-11-30", 
        "operating_revenue": 221106, 
        "short_term_average": 253288
    }, 
    {
        "accumulated_operating_revenue_yoy": 217.38978762250696, 
        "accumulated_operating_revenue": 2802263, 
        "long_term_average": 233521, 
        "date": "2012-12-31", 
        "operating_revenue": 257724, 
        "short_term_average": 253558
    }, 
    {
        "accumulated_operating_revenue_yoy": 51.67204632100055, 
        "accumulated_operating_revenue": 243875, 
        "long_term_average": 240445, 
        "date": "2013-01-31", 
        "operating_revenue": 243875, 
        "short_term_average": 240901
    }, 
    {
        "accumulated_operating_revenue_yoy": 40.214614496150936, 
        "accumulated_operating_revenue": 492874, 
        "long_term_average": 245301, 
        "date": "2013-02-28", 
        "operating_revenue": 248999, 
        "short_term_average": 250199
    }, 
    {
        "accumulated_operating_revenue_yoy": 39.831440404239196, 
        "accumulated_operating_revenue": 809989, 
        "long_term_average": 252749, 
        "date": "2013-03-31", 
        "operating_revenue": 317115, 
        "short_term_average": 269996
    }, 
    {
        "accumulated_operating_revenue_yoy": 29.026455819530838, 
        "accumulated_operating_revenue": 1067392, 
        "long_term_average": 253532, 
        "date": "2013-04-30", 
        "operating_revenue": 257403, 
        "short_term_average": 274505
    }, 
    {
        "accumulated_operating_revenue_yoy": 25.761359153831336, 
        "accumulated_operating_revenue": 1370912, 
        "long_term_average": 256923, 
        "date": "2013-05-31", 
        "operating_revenue": 303520, 
        "short_term_average": 292679
    }, 
    {
        "accumulated_operating_revenue_yoy": 24.06389555574255, 
        "accumulated_operating_revenue": 1666028, 
        "long_term_average": 260451, 
        "date": "2013-06-30", 
        "operating_revenue": 295116, 
        "short_term_average": 285346
    }, 
    {
        "accumulated_operating_revenue_yoy": 28.820275231567837, 
        "accumulated_operating_revenue": 1978606, 
        "long_term_average": 270410, 
        "date": "2013-07-31", 
        "operating_revenue": 312578, 
        "short_term_average": 303738
    }, 
    {
        "accumulated_operating_revenue_yoy": 28.911346784537002, 
        "accumulated_operating_revenue": 2300646, 
        "long_term_average": 276519, 
        "date": "2013-08-31", 
        "operating_revenue": 322040, 
        "short_term_average": 309911
    }, 
    {
        "accumulated_operating_revenue_yoy": 32.28818337089395, 
        "accumulated_operating_revenue": 2700781, 
        "long_term_average": 288454, 
        "date": "2013-09-30", 
        "operating_revenue": 400135, 
        "short_term_average": 344917
    }, 
    {
        "accumulated_operating_revenue_yoy": 29.545160114365252, 
        "accumulated_operating_revenue": 3009895, 
        "long_term_average": 290727, 
        "date": "2013-10-31", 
        "operating_revenue": 309114, 
        "short_term_average": 343763
    }, 
    {
        "accumulated_operating_revenue_yoy": 31.121511597975115, 
        "accumulated_operating_revenue": 3336438, 
        "long_term_average": 299513, 
        "date": "2013-11-30", 
        "operating_revenue": 326543, 
        "short_term_average": 345264
    }, 
    {
        "accumulated_operating_revenue_yoy": 31.711798642739815, 
        "accumulated_operating_revenue": 3690911, 
        "long_term_average": 307575, 
        "date": "2013-12-31", 
        "operating_revenue": 354473, 
        "short_term_average": 330043
    }, 
    {
        "accumulated_operating_revenue_yoy": 43.83229113275243, 
        "accumulated_operating_revenue": 350771, 
        "long_term_average": 316483, 
        "date": "2014-01-31", 
        "operating_revenue": 350771, 
        "short_term_average": 343929
    }, 
    {
        "accumulated_operating_revenue_yoy": 39.30335136363452, 
        "accumulated_operating_revenue": 686590, 
        "long_term_average": 323718, 
        "date": "2014-02-28", 
        "operating_revenue": 335819, 
        "short_term_average": 347021
    }, 
    {
        "accumulated_operating_revenue_yoy": 35.13529196075502, 
        "accumulated_operating_revenue": 1094581, 
        "long_term_average": 331291, 
        "date": "2014-03-31", 
        "operating_revenue": 407991, 
        "short_term_average": 364860
    }, 
    {
        "accumulated_operating_revenue_yoy": 40.11946876124235, 
        "accumulated_operating_revenue": 1495624, 
        "long_term_average": 343261, 
        "date": "2014-04-30", 
        "operating_revenue": 401043, 
        "short_term_average": 381617
    }, 
    {
        "accumulated_operating_revenue_yoy": 36.226832940407554, 
        "accumulated_operating_revenue": 1867550, 
        "long_term_average": 348962, 
        "date": "2014-05-31", 
        "operating_revenue": 371926, 
        "short_term_average": 393653
    }, 
    {
        "accumulated_operating_revenue_yoy": 33.63130751704053, 
        "accumulated_operating_revenue": 2226335, 
        "long_term_average": 354268, 
        "date": "2014-06-30", 
        "operating_revenue": 358785, 
        "short_term_average": 377251
    }, 
    {
        "accumulated_operating_revenue_yoy": 29.167656420732573, 
        "accumulated_operating_revenue": 2555719, 
        "long_term_average": 355668, 
        "date": "2014-07-31", 
        "operating_revenue": 329384, 
        "short_term_average": 353365
    }, 
    {
        "accumulated_operating_revenue_yoy": 25.70278087111185, 
        "accumulated_operating_revenue": 2891976, 
        "long_term_average": 356853, 
        "date": "2014-08-31", 
        "operating_revenue": 336257, 
        "short_term_average": 341475
    }, 
    {
        "accumulated_operating_revenue_yoy": 22.306214387616027, 
        "accumulated_operating_revenue": 3303223, 
        "long_term_average": 357779, 
        "date": "2014-09-30", 
        "operating_revenue": 411247, 
        "short_term_average": 358962
    }, 
    {
        "accumulated_operating_revenue_yoy": 19.53995072917826, 
        "accumulated_operating_revenue": 3598027, 
        "long_term_average": 356586, 
        "date": "2014-10-31", 
        "operating_revenue": 294804, 
        "short_term_average": 347436
    }, 
    {
        "accumulated_operating_revenue_yoy": 17.464553514856263, 
        "accumulated_operating_revenue": 3919132, 
        "long_term_average": 356133, 
        "date": "2014-11-30", 
        "operating_revenue": 321105, 
        "short_term_average": 342385
    }, 
    {
        "accumulated_operating_revenue_yoy": 18.369719562460325, 
        "accumulated_operating_revenue": 4368921, 
        "long_term_average": 364076, 
        "date": "2014-12-31", 
        "operating_revenue": 449789, 
        "short_term_average": 355232
    }, 
    {
        "accumulated_operating_revenue_yoy": 7.716430377653796, 
        "accumulated_operating_revenue": 377838, 
        "long_term_average": 366332, 
        "date": "2015-01-31", 
        "operating_revenue": 377838, 
        "short_term_average": 382910
    }, 
    {
        "accumulated_operating_revenue_yoy": 9.050816353282162, 
        "accumulated_operating_revenue": 748732, 
        "long_term_average": 369255, 
        "date": "2015-02-28", 
        "operating_revenue": 370894, 
        "short_term_average": 399507
    }, 
    {
        "accumulated_operating_revenue_yoy": 4.529678479710501, 
        "accumulated_operating_revenue": 1144162, 
        "long_term_average": 368208, 
        "date": "2015-03-31", 
        "operating_revenue": 395430, 
        "short_term_average": 381387
    }, 
    {
        "accumulated_operating_revenue_yoy": -1.9415976207923915, 
        "accumulated_operating_revenue": 1466585, 
        "long_term_average": 361656, 
        "date": "2015-04-30", 
        "operating_revenue": 322423, 
        "short_term_average": 362915
    }, 
    {
        "accumulated_operating_revenue_yoy": -3.824422371556317, 
        "accumulated_operating_revenue": 1796127, 
        "long_term_average": 358124, 
        "date": "2015-05-31", 
        "operating_revenue": 329542, 
        "short_term_average": 349131
    }, 
    {
        "accumulated_operating_revenue_yoy": -2.434629110174345, 
        "accumulated_operating_revenue": 2172132, 
        "long_term_average": 359559, 
        "date": "2015-06-30", 
        "operating_revenue": 376005, 
        "short_term_average": 342656
    }, 
    {
        "accumulated_operating_revenue_yoy": -0.2891945476008904, 
        "accumulated_operating_revenue": 2548328, 
        "long_term_average": 363460, 
        "date": "2015-07-31", 
        "operating_revenue": 376196, 
        "short_term_average": 360581
    }, 
    {
        "accumulated_operating_revenue_yoy": 3.032079104390908, 
        "accumulated_operating_revenue": 2979663, 
        "long_term_average": 371384, 
        "date": "2015-08-31", 
        "operating_revenue": 431335, 
        "short_term_average": 394512
    }
]