[
    {
        "date": "2011-09-30", 
        "operating_revenue": 28156, 
        "accumulated_operating_revenue": 28156, 
        "long_term_average": 28156, 
        "short_term_average": 28156
    }, 
    {
        "date": "2011-10-31", 
        "operating_revenue": 25993, 
        "accumulated_operating_revenue": 54149, 
        "long_term_average": 27074, 
        "short_term_average": 27074
    }, 
    {
        "date": "2011-11-30", 
        "operating_revenue": 27134, 
        "accumulated_operating_revenue": 81283, 
        "long_term_average": 27094, 
        "short_term_average": 27094
    }, 
    {
        "date": "2011-12-31", 
        "operating_revenue": 34394, 
        "accumulated_operating_revenue": 115677, 
        "long_term_average": 28919, 
        "short_term_average": 29173
    }, 
    {
        "date": "2012-01-31", 
        "operating_revenue": 27341, 
        "accumulated_operating_revenue": 27341, 
        "long_term_average": 28603, 
        "short_term_average": 29623
    }, 
    {
        "date": "2012-02-29", 
        "operating_revenue": 31459, 
        "accumulated_operating_revenue": 58800, 
        "long_term_average": 29079, 
        "short_term_average": 31064
    }, 
    {
        "date": "2012-03-31", 
        "operating_revenue": 45028, 
        "accumulated_operating_revenue": 103828, 
        "long_term_average": 31357, 
        "short_term_average": 34609
    }, 
    {
        "date": "2012-04-30", 
        "operating_revenue": 38819, 
        "accumulated_operating_revenue": 142647, 
        "long_term_average": 32290, 
        "short_term_average": 38435
    }, 
    {
        "date": "2012-05-31", 
        "operating_revenue": 31798, 
        "accumulated_operating_revenue": 174445, 
        "long_term_average": 32235, 
        "short_term_average": 38548
    }, 
    {
        "date": "2012-06-30", 
        "operating_revenue": 21558, 
        "accumulated_operating_revenue": 196003, 
        "long_term_average": 31168, 
        "short_term_average": 30725
    }, 
    {
        "date": "2012-07-31", 
        "operating_revenue": 34288, 
        "accumulated_operating_revenue": 230291, 
        "long_term_average": 31451, 
        "short_term_average": 29214
    }, 
    {
        "date": "2012-08-31", 
        "operating_revenue": 27175, 
        "accumulated_operating_revenue": 257466, 
        "long_term_average": 31095, 
        "short_term_average": 27673
    }, 
    {
        "accumulated_operating_revenue_yoy": 930.3310129279728, 
        "accumulated_operating_revenue": 290100, 
        "long_term_average": 31468, 
        "date": "2012-09-30", 
        "operating_revenue": 32634, 
        "short_term_average": 31365
    }, 
    {
        "accumulated_operating_revenue_yoy": 497.9556409167298, 
        "accumulated_operating_revenue": 323787, 
        "long_term_average": 32109, 
        "date": "2012-10-31", 
        "operating_revenue": 33687, 
        "short_term_average": 31165
    }, 
    {
        "accumulated_operating_revenue_yoy": 335.3136572222974, 
        "accumulated_operating_revenue": 353836, 
        "long_term_average": 32352, 
        "date": "2012-11-30", 
        "operating_revenue": 30049, 
        "short_term_average": 32123
    }, 
    {
        "accumulated_operating_revenue_yoy": 232.87948338909206, 
        "accumulated_operating_revenue": 385065, 
        "long_term_average": 32088, 
        "date": "2012-12-31", 
        "operating_revenue": 31229, 
        "short_term_average": 31655
    }, 
    {
        "accumulated_operating_revenue_yoy": 15.71998098094437, 
        "accumulated_operating_revenue": 31639, 
        "long_term_average": 32446, 
        "date": "2013-01-31", 
        "operating_revenue": 31639, 
        "short_term_average": 30972
    }, 
    {
        "accumulated_operating_revenue_yoy": -20.695578231292515, 
        "accumulated_operating_revenue": 46631, 
        "long_term_average": 31074, 
        "date": "2013-02-28", 
        "operating_revenue": 14992, 
        "short_term_average": 25953
    }, 
    {
        "accumulated_operating_revenue_yoy": -31.281542551142273, 
        "accumulated_operating_revenue": 71349, 
        "long_term_average": 29382, 
        "date": "2013-03-31", 
        "operating_revenue": 24718, 
        "short_term_average": 23783
    }, 
    {
        "accumulated_operating_revenue_yoy": -30.57477549475278, 
        "accumulated_operating_revenue": 99033, 
        "long_term_average": 28454, 
        "date": "2013-04-30", 
        "operating_revenue": 27684, 
        "short_term_average": 22464
    }, 
    {
        "accumulated_operating_revenue_yoy": -27.09564619220958, 
        "accumulated_operating_revenue": 127178, 
        "long_term_average": 28149, 
        "date": "2013-05-31", 
        "operating_revenue": 28145, 
        "short_term_average": 26849
    }, 
    {
        "accumulated_operating_revenue_yoy": -22.628735274460084, 
        "accumulated_operating_revenue": 151650, 
        "long_term_average": 28392, 
        "date": "2013-06-30", 
        "operating_revenue": 24472, 
        "short_term_average": 26767
    }, 
    {
        "accumulated_operating_revenue_yoy": -20.090667894099205, 
        "accumulated_operating_revenue": 184024, 
        "long_term_average": 28233, 
        "date": "2013-07-31", 
        "operating_revenue": 32374, 
        "short_term_average": 28330
    }, 
    {
        "accumulated_operating_revenue_yoy": -18.248234718370583, 
        "accumulated_operating_revenue": 210483, 
        "long_term_average": 28173, 
        "date": "2013-08-31", 
        "operating_revenue": 26459, 
        "short_term_average": 27768
    }, 
    {
        "accumulated_operating_revenue_yoy": -18.30472250947949, 
        "accumulated_operating_revenue": 236998, 
        "long_term_average": 27663, 
        "date": "2013-09-30", 
        "operating_revenue": 26515, 
        "short_term_average": 28449
    }, 
    {
        "accumulated_operating_revenue_yoy": -19.150243833137218, 
        "accumulated_operating_revenue": 261781, 
        "long_term_average": 26921, 
        "date": "2013-10-31", 
        "operating_revenue": 24783, 
        "short_term_average": 25919
    }, 
    {
        "accumulated_operating_revenue_yoy": -18.711776077052647, 
        "accumulated_operating_revenue": 287627, 
        "long_term_average": 26571, 
        "date": "2013-11-30", 
        "operating_revenue": 25846, 
        "short_term_average": 25714
    }, 
    {
        "accumulated_operating_revenue_yoy": -19.2157168270292, 
        "accumulated_operating_revenue": 311072, 
        "long_term_average": 25922, 
        "date": "2013-12-31", 
        "operating_revenue": 23445, 
        "short_term_average": 24691
    }, 
    {
        "accumulated_operating_revenue_yoy": -43.04813679319827, 
        "accumulated_operating_revenue": 18019, 
        "long_term_average": 24787, 
        "date": "2014-01-31", 
        "operating_revenue": 18019, 
        "short_term_average": 22436
    }, 
    {
        "accumulated_operating_revenue_yoy": 2.79642298042075, 
        "accumulated_operating_revenue": 47935, 
        "long_term_average": 26031, 
        "date": "2014-02-28", 
        "operating_revenue": 29916, 
        "short_term_average": 23793
    }, 
    {
        "accumulated_operating_revenue_yoy": 6.50744929851855, 
        "accumulated_operating_revenue": 75992, 
        "long_term_average": 26309, 
        "date": "2014-03-31", 
        "operating_revenue": 28057, 
        "short_term_average": 25330
    }, 
    {
        "accumulated_operating_revenue_yoy": 55.98335908232609, 
        "accumulated_operating_revenue": 154475, 
        "long_term_average": 30542, 
        "date": "2014-04-30", 
        "operating_revenue": 78483, 
        "short_term_average": 45485
    }, 
    {
        "accumulated_operating_revenue_yoy": 69.45226375631005, 
        "accumulated_operating_revenue": 215506, 
        "long_term_average": 33283, 
        "date": "2014-05-31", 
        "operating_revenue": 61031, 
        "short_term_average": 55857
    }, 
    {
        "accumulated_operating_revenue_yoy": 75.55093966369931, 
        "accumulated_operating_revenue": 266223, 
        "long_term_average": 35470, 
        "date": "2014-06-30", 
        "operating_revenue": 50717, 
        "short_term_average": 63410
    }, 
    {
        "accumulated_operating_revenue_yoy": 68.397056905621, 
        "accumulated_operating_revenue": 309891, 
        "long_term_average": 36411, 
        "date": "2014-07-31", 
        "operating_revenue": 43668, 
        "short_term_average": 51805
    }, 
    {
        "accumulated_operating_revenue_yoy": 64.60331713250001, 
        "accumulated_operating_revenue": 346462, 
        "long_term_average": 37254, 
        "date": "2014-08-31", 
        "operating_revenue": 36571, 
        "short_term_average": 43652
    }, 
    {
        "accumulated_operating_revenue_yoy": 66.47144701643052, 
        "accumulated_operating_revenue": 394534, 
        "long_term_average": 39050, 
        "date": "2014-09-30", 
        "operating_revenue": 48072, 
        "short_term_average": 42770
    }, 
    {
        "accumulated_operating_revenue_yoy": 68.58328144517746, 
        "accumulated_operating_revenue": 441319, 
        "long_term_average": 40884, 
        "date": "2014-10-31", 
        "operating_revenue": 46785, 
        "short_term_average": 43809
    }, 
    {
        "accumulated_operating_revenue_yoy": 69.27374690136878, 
        "accumulated_operating_revenue": 486877, 
        "long_term_average": 42526, 
        "date": "2014-11-30", 
        "operating_revenue": 45558, 
        "short_term_average": 46805
    }, 
    {
        "accumulated_operating_revenue_yoy": 70.28437146384117, 
        "accumulated_operating_revenue": 529707, 
        "long_term_average": 44142, 
        "date": "2014-12-31", 
        "operating_revenue": 42830, 
        "short_term_average": 45057
    }, 
    {
        "accumulated_operating_revenue_yoy": 91.72540096564738, 
        "accumulated_operating_revenue": 34547, 
        "long_term_average": 45519, 
        "date": "2015-01-31", 
        "operating_revenue": 34547, 
        "short_term_average": 40978
    }, 
    {
        "accumulated_operating_revenue_yoy": 27.397517471576094, 
        "accumulated_operating_revenue": 61068, 
        "long_term_average": 45236, 
        "date": "2015-02-28", 
        "operating_revenue": 26521, 
        "short_term_average": 34632
    }, 
    {
        "accumulated_operating_revenue_yoy": 47.41025371091694, 
        "accumulated_operating_revenue": 112020, 
        "long_term_average": 47144, 
        "date": "2015-03-31", 
        "operating_revenue": 50952, 
        "short_term_average": 37340
    }, 
    {
        "accumulated_operating_revenue_yoy": -9.834601068134003, 
        "accumulated_operating_revenue": 139283, 
        "long_term_average": 42876, 
        "date": "2015-04-30", 
        "operating_revenue": 27263, 
        "short_term_average": 34912
    }, 
    {
        "accumulated_operating_revenue_yoy": -27.232188430948558, 
        "accumulated_operating_revenue": 156819, 
        "long_term_average": 39251, 
        "date": "2015-05-31", 
        "operating_revenue": 17536, 
        "short_term_average": 31917
    }, 
    {
        "accumulated_operating_revenue_yoy": -33.338967707523395, 
        "accumulated_operating_revenue": 177467, 
        "long_term_average": 36745, 
        "date": "2015-06-30", 
        "operating_revenue": 20648, 
        "short_term_average": 21815
    }, 
    {
        "accumulated_operating_revenue_yoy": -37.41250955981297, 
        "accumulated_operating_revenue": 193953, 
        "long_term_average": 34480, 
        "date": "2015-07-31", 
        "operating_revenue": 16486, 
        "short_term_average": 18223
    }, 
    {
        "accumulated_operating_revenue_yoy": -39.320329502225356, 
        "accumulated_operating_revenue": 210232, 
        "long_term_average": 32789, 
        "date": "2015-08-31", 
        "operating_revenue": 16279, 
        "short_term_average": 17804
    }, 
    {
        "accumulated_operating_revenue_yoy": -43.00693983281542, 
        "accumulated_operating_revenue": 224857, 
        "long_term_average": 30002, 
        "date": "2015-09-30", 
        "operating_revenue": 14625, 
        "short_term_average": 15796
    }
]