[
    {
        "date": "2011-09-30", 
        "operating_revenue": 195919, 
        "accumulated_operating_revenue": 195919, 
        "long_term_average": 195919, 
        "short_term_average": 195919
    }, 
    {
        "date": "2011-10-31", 
        "operating_revenue": 190592, 
        "accumulated_operating_revenue": 386511, 
        "long_term_average": 193255, 
        "short_term_average": 193255
    }, 
    {
        "date": "2011-11-30", 
        "operating_revenue": 206249, 
        "accumulated_operating_revenue": 592760, 
        "long_term_average": 197586, 
        "short_term_average": 197586
    }, 
    {
        "date": "2011-12-31", 
        "operating_revenue": 190843, 
        "accumulated_operating_revenue": 783603, 
        "long_term_average": 195900, 
        "short_term_average": 195894
    }, 
    {
        "date": "2012-01-31", 
        "operating_revenue": 160683, 
        "accumulated_operating_revenue": 160683, 
        "long_term_average": 188857, 
        "short_term_average": 185925
    }, 
    {
        "date": "2012-02-29", 
        "operating_revenue": 196464, 
        "accumulated_operating_revenue": 357147, 
        "long_term_average": 190125, 
        "short_term_average": 182663
    }, 
    {
        "date": "2012-03-31", 
        "operating_revenue": 220058, 
        "accumulated_operating_revenue": 577205, 
        "long_term_average": 194401, 
        "short_term_average": 192401
    }, 
    {
        "date": "2012-04-30", 
        "operating_revenue": 215753, 
        "accumulated_operating_revenue": 792958, 
        "long_term_average": 197070, 
        "short_term_average": 210758
    }, 
    {
        "date": "2012-05-31", 
        "operating_revenue": 217458, 
        "accumulated_operating_revenue": 1010416, 
        "long_term_average": 199335, 
        "short_term_average": 217756
    }, 
    {
        "date": "2012-06-30", 
        "operating_revenue": 186132, 
        "accumulated_operating_revenue": 1196548, 
        "long_term_average": 198015, 
        "short_term_average": 206447
    }, 
    {
        "date": "2012-07-31", 
        "operating_revenue": 213734, 
        "accumulated_operating_revenue": 1410282, 
        "long_term_average": 199444, 
        "short_term_average": 205774
    }, 
    {
        "date": "2012-08-31", 
        "operating_revenue": 207708, 
        "accumulated_operating_revenue": 1617990, 
        "long_term_average": 200132, 
        "short_term_average": 202524
    }, 
    {
        "accumulated_operating_revenue_yoy": 823.6490590499136, 
        "accumulated_operating_revenue": 1809604, 
        "long_term_average": 199774, 
        "date": "2012-09-30", 
        "operating_revenue": 191614, 
        "short_term_average": 204352
    }, 
    {
        "accumulated_operating_revenue_yoy": 416.03757719702674, 
        "accumulated_operating_revenue": 1994542, 
        "long_term_average": 199302, 
        "date": "2012-10-31", 
        "operating_revenue": 184938, 
        "short_term_average": 194753
    }, 
    {
        "accumulated_operating_revenue_yoy": 264.54905864093394, 
        "accumulated_operating_revenue": 2160901, 
        "long_term_average": 195978, 
        "date": "2012-11-30", 
        "operating_revenue": 166359, 
        "short_term_average": 180970
    }, 
    {
        "accumulated_operating_revenue_yoy": 195.22806829478702, 
        "accumulated_operating_revenue": 2313416, 
        "long_term_average": 192784, 
        "date": "2012-12-31", 
        "operating_revenue": 152515, 
        "short_term_average": 167937
    }, 
    {
        "accumulated_operating_revenue_yoy": 42.166252808324465, 
        "accumulated_operating_revenue": 228437, 
        "long_term_average": 198430, 
        "date": "2013-01-31", 
        "operating_revenue": 228437, 
        "short_term_average": 182437
    }, 
    {
        "accumulated_operating_revenue_yoy": 8.552220794238787, 
        "accumulated_operating_revenue": 387691, 
        "long_term_average": 195330, 
        "date": "2013-02-28", 
        "operating_revenue": 159254, 
        "short_term_average": 180068
    }, 
    {
        "accumulated_operating_revenue_yoy": 67.20523903985585, 
        "accumulated_operating_revenue": 965117, 
        "long_term_average": 225110, 
        "date": "2013-03-31", 
        "operating_revenue": 577426, 
        "short_term_average": 321705
    }, 
    {
        "accumulated_operating_revenue_yoy": 91.6317131550473, 
        "accumulated_operating_revenue": 1519559, 
        "long_term_average": 253334, 
        "date": "2013-04-30", 
        "operating_revenue": 554442, 
        "short_term_average": 430374
    }, 
    {
        "accumulated_operating_revenue_yoy": 105.28099317508828, 
        "accumulated_operating_revenue": 2074192, 
        "long_term_average": 281432, 
        "date": "2013-05-31", 
        "operating_revenue": 554633, 
        "short_term_average": 562167
    }, 
    {
        "accumulated_operating_revenue_yoy": 116.50623293006215, 
        "accumulated_operating_revenue": 2590601, 
        "long_term_average": 308955, 
        "date": "2013-06-30", 
        "operating_revenue": 516409, 
        "short_term_average": 541828
    }, 
    {
        "accumulated_operating_revenue_yoy": 124.91792421657513, 
        "accumulated_operating_revenue": 3171977, 
        "long_term_average": 339592, 
        "date": "2013-07-31", 
        "operating_revenue": 581376, 
        "short_term_average": 550806
    }, 
    {
        "accumulated_operating_revenue_yoy": 137.27266546764812, 
        "accumulated_operating_revenue": 3839048, 
        "long_term_average": 377872, 
        "date": "2013-08-31", 
        "operating_revenue": 667071, 
        "short_term_average": 588285
    }, 
    {
        "accumulated_operating_revenue_yoy": 148.61212729414834, 
        "accumulated_operating_revenue": 4498895, 
        "long_term_average": 416892, 
        "date": "2013-09-30", 
        "operating_revenue": 659847, 
        "short_term_average": 636098
    }, 
    {
        "accumulated_operating_revenue_yoy": 156.8574138824853, 
        "accumulated_operating_revenue": 5123129, 
        "long_term_average": 453500, 
        "date": "2013-10-31", 
        "operating_revenue": 624234, 
        "short_term_average": 650384
    }, 
    {
        "accumulated_operating_revenue_yoy": 167.47986140966196, 
        "accumulated_operating_revenue": 5779975, 
        "long_term_average": 494374, 
        "date": "2013-11-30", 
        "operating_revenue": 656846, 
        "short_term_average": 646975
    }, 
    {
        "accumulated_operating_revenue_yoy": 175.68997534382055, 
        "accumulated_operating_revenue": 6377856, 
        "long_term_average": 531488, 
        "date": "2013-12-31", 
        "operating_revenue": 597881, 
        "short_term_average": 626320
    }, 
    {
        "accumulated_operating_revenue_yoy": 193.9287418412954, 
        "accumulated_operating_revenue": 671442, 
        "long_term_average": 568405, 
        "date": "2014-01-31", 
        "operating_revenue": 671442, 
        "short_term_average": 642056
    }, 
    {
        "accumulated_operating_revenue_yoy": 215.8283271987227, 
        "accumulated_operating_revenue": 1224438, 
        "long_term_average": 601216, 
        "date": "2014-02-28", 
        "operating_revenue": 552996, 
        "short_term_average": 607439
    }, 
    {
        "accumulated_operating_revenue_yoy": 93.35458809657274, 
        "accumulated_operating_revenue": 1866098, 
        "long_term_average": 606569, 
        "date": "2014-03-31", 
        "operating_revenue": 641660, 
        "short_term_average": 622032
    }, 
    {
        "accumulated_operating_revenue_yoy": 70.71262122760616, 
        "accumulated_operating_revenue": 2594079, 
        "long_term_average": 621031, 
        "date": "2014-04-30", 
        "operating_revenue": 727981, 
        "short_term_average": 640879
    }, 
    {
        "accumulated_operating_revenue_yoy": 61.35801314439551, 
        "accumulated_operating_revenue": 3346875, 
        "long_term_average": 637544, 
        "date": "2014-05-31", 
        "operating_revenue": 752796, 
        "short_term_average": 707479
    }, 
    {
        "accumulated_operating_revenue_yoy": 55.624467063820326, 
        "accumulated_operating_revenue": 4031609, 
        "long_term_average": 651572, 
        "date": "2014-06-30", 
        "operating_revenue": 684734, 
        "short_term_average": 721837
    }, 
    {
        "accumulated_operating_revenue_yoy": 53.61741273659929, 
        "accumulated_operating_revenue": 4872709, 
        "long_term_average": 673215, 
        "date": "2014-07-31", 
        "operating_revenue": 841100, 
        "short_term_average": 759543
    }, 
    {
        "accumulated_operating_revenue_yoy": 46.9498167253965, 
        "accumulated_operating_revenue": 5641474, 
        "long_term_average": 681690, 
        "date": "2014-08-31", 
        "operating_revenue": 768765, 
        "short_term_average": 764866
    }, 
    {
        "accumulated_operating_revenue_yoy": 42.504837298936735, 
        "accumulated_operating_revenue": 6411143, 
        "long_term_average": 690842, 
        "date": "2014-09-30", 
        "operating_revenue": 769669, 
        "short_term_average": 793178
    }, 
    {
        "accumulated_operating_revenue_yoy": 38.660201607259935, 
        "accumulated_operating_revenue": 7103741, 
        "long_term_average": 696539, 
        "date": "2014-10-31", 
        "operating_revenue": 692598, 
        "short_term_average": 743677
    }, 
    {
        "accumulated_operating_revenue_yoy": 35.92453254555599, 
        "accumulated_operating_revenue": 7856404, 
        "long_term_average": 704523, 
        "date": "2014-11-30", 
        "operating_revenue": 752663, 
        "short_term_average": 738310
    }, 
    {
        "accumulated_operating_revenue_yoy": 33.954858811487746, 
        "accumulated_operating_revenue": 8543448, 
        "long_term_average": 711954, 
        "date": "2014-12-31", 
        "operating_revenue": 687044, 
        "short_term_average": 710768
    }, 
    {
        "accumulated_operating_revenue_yoy": 20.312551195784597, 
        "accumulated_operating_revenue": 807829, 
        "long_term_average": 723319, 
        "date": "2015-01-31", 
        "operating_revenue": 807829, 
        "short_term_average": 749178
    }, 
    {
        "accumulated_operating_revenue_yoy": 13.521550294910808, 
        "accumulated_operating_revenue": 1390001, 
        "long_term_average": 725750, 
        "date": "2015-02-28", 
        "operating_revenue": 582172, 
        "short_term_average": 692348
    }, 
    {
        "accumulated_operating_revenue_yoy": 12.309482138665814, 
        "accumulated_operating_revenue": 2095805, 
        "long_term_average": 731096, 
        "date": "2015-03-31", 
        "operating_revenue": 705804, 
        "short_term_average": 698601
    }, 
    {
        "accumulated_operating_revenue_yoy": 8.288105335265424, 
        "accumulated_operating_revenue": 2809079, 
        "long_term_average": 729870, 
        "date": "2015-04-30", 
        "operating_revenue": 713274, 
        "short_term_average": 667083
    }, 
    {
        "accumulated_operating_revenue_yoy": 3.1726013071895425, 
        "accumulated_operating_revenue": 3453058, 
        "long_term_average": 720802, 
        "date": "2015-05-31", 
        "operating_revenue": 643979, 
        "short_term_average": 687685
    }, 
    {
        "accumulated_operating_revenue_yoy": 1.3940091908714363, 
        "accumulated_operating_revenue": 4087810, 
        "long_term_average": 716637, 
        "date": "2015-06-30", 
        "operating_revenue": 634752, 
        "short_term_average": 664001
    }, 
    {
        "accumulated_operating_revenue_yoy": -1.5530785852387243, 
        "accumulated_operating_revenue": 4797032, 
        "long_term_average": 705647, 
        "date": "2015-07-31", 
        "operating_revenue": 709222, 
        "short_term_average": 662651
    }, 
    {
        "accumulated_operating_revenue_yoy": -3.264731876810919, 
        "accumulated_operating_revenue": 5457295, 
        "long_term_average": 696605, 
        "date": "2015-08-31", 
        "operating_revenue": 660263, 
        "short_term_average": 668079
    }, 
    {
        "accumulated_operating_revenue_yoy": -3.6804357662900364, 
        "accumulated_operating_revenue": 6175185, 
        "long_term_average": 692290, 
        "date": "2015-09-30", 
        "operating_revenue": 717890, 
        "short_term_average": 695791
    }
]