[
    {
        "date": "2011-09-30", 
        "operating_revenue": 232516, 
        "accumulated_operating_revenue": 232516, 
        "long_term_average": 232516, 
        "short_term_average": 232516
    }, 
    {
        "date": "2011-10-31", 
        "operating_revenue": 222274, 
        "accumulated_operating_revenue": 454790, 
        "long_term_average": 227395, 
        "short_term_average": 227395
    }, 
    {
        "date": "2011-11-30", 
        "operating_revenue": 227467, 
        "accumulated_operating_revenue": 682257, 
        "long_term_average": 227419, 
        "short_term_average": 227419
    }, 
    {
        "date": "2011-12-31", 
        "operating_revenue": 244492, 
        "accumulated_operating_revenue": 926749, 
        "long_term_average": 231687, 
        "short_term_average": 231411
    }, 
    {
        "date": "2012-01-31", 
        "operating_revenue": 156415, 
        "accumulated_operating_revenue": 156415, 
        "long_term_average": 216632, 
        "short_term_average": 209458
    }, 
    {
        "date": "2012-02-29", 
        "operating_revenue": 167935, 
        "accumulated_operating_revenue": 324350, 
        "long_term_average": 208516, 
        "short_term_average": 189614
    }, 
    {
        "date": "2012-03-31", 
        "operating_revenue": 164637, 
        "accumulated_operating_revenue": 488987, 
        "long_term_average": 202248, 
        "short_term_average": 162995
    }, 
    {
        "date": "2012-04-30", 
        "operating_revenue": 161503, 
        "accumulated_operating_revenue": 650490, 
        "long_term_average": 197154, 
        "short_term_average": 164691
    }, 
    {
        "date": "2012-05-31", 
        "operating_revenue": 135808, 
        "accumulated_operating_revenue": 786298, 
        "long_term_average": 190338, 
        "short_term_average": 153982
    }, 
    {
        "date": "2012-06-30", 
        "operating_revenue": 133366, 
        "accumulated_operating_revenue": 919664, 
        "long_term_average": 184641, 
        "short_term_average": 143559
    }, 
    {
        "date": "2012-07-31", 
        "operating_revenue": 132520, 
        "accumulated_operating_revenue": 1052184, 
        "long_term_average": 179903, 
        "short_term_average": 133898
    }, 
    {
        "date": "2012-08-31", 
        "operating_revenue": 154986, 
        "accumulated_operating_revenue": 1207170, 
        "long_term_average": 177826, 
        "short_term_average": 140290
    }, 
    {
        "accumulated_operating_revenue_yoy": 482.2833697465981, 
        "accumulated_operating_revenue": 1353902, 
        "long_term_average": 170677, 
        "date": "2012-09-30", 
        "operating_revenue": 146732, 
        "short_term_average": 144746
    }, 
    {
        "accumulated_operating_revenue_yoy": 229.88126388003255, 
        "accumulated_operating_revenue": 1500267, 
        "long_term_average": 164352, 
        "date": "2012-10-31", 
        "operating_revenue": 146365, 
        "short_term_average": 149361
    }, 
    {
        "accumulated_operating_revenue_yoy": 140.74476333698297, 
        "accumulated_operating_revenue": 1642498, 
        "long_term_average": 157249, 
        "date": "2012-11-30", 
        "operating_revenue": 142231, 
        "short_term_average": 145109
    }, 
    {
        "accumulated_operating_revenue_yoy": 91.13762194510056, 
        "accumulated_operating_revenue": 1771366, 
        "long_term_average": 147613, 
        "date": "2012-12-31", 
        "operating_revenue": 128868, 
        "short_term_average": 139154
    }, 
    {
        "accumulated_operating_revenue_yoy": 5.126746156059202, 
        "accumulated_operating_revenue": 164434, 
        "long_term_average": 148282, 
        "date": "2013-01-31", 
        "operating_revenue": 164434, 
        "short_term_average": 145177
    }, 
    {
        "accumulated_operating_revenue_yoy": -19.265608139355635, 
        "accumulated_operating_revenue": 261862, 
        "long_term_average": 142406, 
        "date": "2013-02-28", 
        "operating_revenue": 97428, 
        "short_term_average": 130243
    }, 
    {
        "accumulated_operating_revenue_yoy": -17.073051021806307, 
        "accumulated_operating_revenue": 405502, 
        "long_term_average": 140656, 
        "date": "2013-03-31", 
        "operating_revenue": 143640, 
        "short_term_average": 135167
    }, 
    {
        "accumulated_operating_revenue_yoy": -14.602376669895003, 
        "accumulated_operating_revenue": 555503, 
        "long_term_average": 139698, 
        "date": "2013-04-30", 
        "operating_revenue": 150001, 
        "short_term_average": 130356
    }, 
    {
        "accumulated_operating_revenue_yoy": -10.136996405942785, 
        "accumulated_operating_revenue": 706591, 
        "long_term_average": 140971, 
        "date": "2013-05-31", 
        "operating_revenue": 151088, 
        "short_term_average": 148243
    }, 
    {
        "accumulated_operating_revenue_yoy": -9.157257433149498, 
        "accumulated_operating_revenue": 835448, 
        "long_term_average": 140595, 
        "date": "2013-06-30", 
        "operating_revenue": 128857, 
        "short_term_average": 143315
    }, 
    {
        "accumulated_operating_revenue_yoy": -7.395949757837032, 
        "accumulated_operating_revenue": 974365, 
        "long_term_average": 141128, 
        "date": "2013-07-31", 
        "operating_revenue": 138917, 
        "short_term_average": 139620
    }, 
    {
        "accumulated_operating_revenue_yoy": -7.449157947927798, 
        "accumulated_operating_revenue": 1117246, 
        "long_term_average": 140120, 
        "date": "2013-08-31", 
        "operating_revenue": 142881, 
        "short_term_average": 136885
    }, 
    {
        "accumulated_operating_revenue_yoy": -7.053907889935903, 
        "accumulated_operating_revenue": 1258399, 
        "long_term_average": 139655, 
        "date": "2013-09-30", 
        "operating_revenue": 141153, 
        "short_term_average": 140983
    }, 
    {
        "accumulated_operating_revenue_yoy": -7.087405108557343, 
        "accumulated_operating_revenue": 1393937, 
        "long_term_average": 138753, 
        "date": "2013-10-31", 
        "operating_revenue": 135538, 
        "short_term_average": 139857
    }, 
    {
        "accumulated_operating_revenue_yoy": -5.8868260417973115, 
        "accumulated_operating_revenue": 1545807, 
        "long_term_average": 139556, 
        "date": "2013-11-30", 
        "operating_revenue": 151870, 
        "short_term_average": 142853
    }, 
    {
        "accumulated_operating_revenue_yoy": -4.387122706431082, 
        "accumulated_operating_revenue": 1693654, 
        "long_term_average": 141137, 
        "date": "2013-12-31", 
        "operating_revenue": 147847, 
        "short_term_average": 145085
    }, 
    {
        "accumulated_operating_revenue_yoy": 7.720422783609229, 
        "accumulated_operating_revenue": 177129, 
        "long_term_average": 142195, 
        "date": "2014-01-31", 
        "operating_revenue": 177129, 
        "short_term_average": 158948
    }, 
    {
        "accumulated_operating_revenue_yoy": 13.451359876576213, 
        "accumulated_operating_revenue": 297086, 
        "long_term_average": 144073, 
        "date": "2014-02-28", 
        "operating_revenue": 119957, 
        "short_term_average": 148311
    }, 
    {
        "accumulated_operating_revenue_yoy": 9.983181340659232, 
        "accumulated_operating_revenue": 445984, 
        "long_term_average": 144511, 
        "date": "2014-03-31", 
        "operating_revenue": 148898, 
        "short_term_average": 148661
    }, 
    {
        "accumulated_operating_revenue_yoy": 16.312783189289707, 
        "accumulated_operating_revenue": 646121, 
        "long_term_average": 148689, 
        "date": "2014-04-30", 
        "operating_revenue": 200137, 
        "short_term_average": 156330
    }, 
    {
        "accumulated_operating_revenue_yoy": 19.19030952842592, 
        "accumulated_operating_revenue": 842188, 
        "long_term_average": 152437, 
        "date": "2014-05-31", 
        "operating_revenue": 196067, 
        "short_term_average": 181700
    }, 
    {
        "accumulated_operating_revenue_yoy": 22.679807719929908, 
        "accumulated_operating_revenue": 1024926, 
        "long_term_average": 156927, 
        "date": "2014-06-30", 
        "operating_revenue": 182738, 
        "short_term_average": 192980
    }, 
    {
        "accumulated_operating_revenue_yoy": 22.81516680094215, 
        "accumulated_operating_revenue": 1196668, 
        "long_term_average": 159663, 
        "date": "2014-07-31", 
        "operating_revenue": 171742, 
        "short_term_average": 183515
    }, 
    {
        "accumulated_operating_revenue_yoy": 23.09375016782338, 
        "accumulated_operating_revenue": 1375260, 
        "long_term_average": 162639, 
        "date": "2014-08-31", 
        "operating_revenue": 178592, 
        "short_term_average": 177690
    }, 
    {
        "accumulated_operating_revenue_yoy": 23.7990494270895, 
        "accumulated_operating_revenue": 1557886, 
        "long_term_average": 166095, 
        "date": "2014-09-30", 
        "operating_revenue": 182626, 
        "short_term_average": 177653
    }, 
    {
        "accumulated_operating_revenue_yoy": 23.999147737666767, 
        "accumulated_operating_revenue": 1728470, 
        "long_term_average": 169015, 
        "date": "2014-10-31", 
        "operating_revenue": 170584, 
        "short_term_average": 177267
    }, 
    {
        "accumulated_operating_revenue_yoy": 23.30627303408511, 
        "accumulated_operating_revenue": 1906077, 
        "long_term_average": 171160, 
        "date": "2014-11-30", 
        "operating_revenue": 177607, 
        "short_term_average": 176939
    }, 
    {
        "accumulated_operating_revenue_yoy": 24.97593959569074, 
        "accumulated_operating_revenue": 2116660, 
        "long_term_average": 176388, 
        "date": "2014-12-31", 
        "operating_revenue": 210583, 
        "short_term_average": 186258
    }, 
    {
        "accumulated_operating_revenue_yoy": 17.749775587283846, 
        "accumulated_operating_revenue": 208569, 
        "long_term_average": 179008, 
        "date": "2015-01-31", 
        "operating_revenue": 208569, 
        "short_term_average": 198919
    }, 
    {
        "accumulated_operating_revenue_yoy": 24.354563998303522, 
        "accumulated_operating_revenue": 369440, 
        "long_term_average": 182417, 
        "date": "2015-02-28", 
        "operating_revenue": 160871, 
        "short_term_average": 193341
    }, 
    {
        "accumulated_operating_revenue_yoy": 23.630668364784388, 
        "accumulated_operating_revenue": 551373, 
        "long_term_average": 185170, 
        "date": "2015-03-31", 
        "operating_revenue": 181933, 
        "short_term_average": 183791
    }, 
    {
        "accumulated_operating_revenue_yoy": 13.197992326514694, 
        "accumulated_operating_revenue": 731396, 
        "long_term_average": 183494, 
        "date": "2015-04-30", 
        "operating_revenue": 180023, 
        "short_term_average": 174275
    }, 
    {
        "accumulated_operating_revenue_yoy": 7.794221717716235, 
        "accumulated_operating_revenue": 907830, 
        "long_term_average": 181858, 
        "date": "2015-05-31", 
        "operating_revenue": 176434, 
        "short_term_average": 179463
    }, 
    {
        "accumulated_operating_revenue_yoy": 5.65289591638811, 
        "accumulated_operating_revenue": 1082864, 
        "long_term_average": 181216, 
        "date": "2015-06-30", 
        "operating_revenue": 175034, 
        "short_term_average": 177163
    }, 
    {
        "accumulated_operating_revenue_yoy": 5.595620506272416, 
        "accumulated_operating_revenue": 1263629, 
        "long_term_average": 181968, 
        "date": "2015-07-31", 
        "operating_revenue": 180765, 
        "short_term_average": 177411
    }, 
    {
        "accumulated_operating_revenue_yoy": 6.4661227695126735, 
        "accumulated_operating_revenue": 1464186, 
        "long_term_average": 183798, 
        "date": "2015-08-31", 
        "operating_revenue": 200557, 
        "short_term_average": 185452
    }, 
    {
        "accumulated_operating_revenue_yoy": 7.466271601388034, 
        "accumulated_operating_revenue": 1674202, 
        "long_term_average": 186081, 
        "date": "2015-09-30", 
        "operating_revenue": 210016, 
        "short_term_average": 197112
    }
]