[
    {
        "date": "2012-01-31", 
        "operating_revenue": 75456, 
        "accumulated_operating_revenue": 75456, 
        "long_term_average": 75456, 
        "short_term_average": 75456
    }, 
    {
        "date": "2012-02-29", 
        "operating_revenue": 88458, 
        "accumulated_operating_revenue": 163914, 
        "long_term_average": 81957, 
        "short_term_average": 81957
    }, 
    {
        "date": "2012-03-31", 
        "operating_revenue": 62322, 
        "accumulated_operating_revenue": 226236, 
        "long_term_average": 75412, 
        "short_term_average": 75412
    }, 
    {
        "date": "2012-04-30", 
        "operating_revenue": 70965, 
        "accumulated_operating_revenue": 297201, 
        "long_term_average": 74300, 
        "short_term_average": 73915
    }, 
    {
        "date": "2012-05-31", 
        "operating_revenue": 92325, 
        "accumulated_operating_revenue": 389526, 
        "long_term_average": 77905, 
        "short_term_average": 75204
    }, 
    {
        "date": "2012-06-30", 
        "operating_revenue": 67961, 
        "accumulated_operating_revenue": 457487, 
        "long_term_average": 76247, 
        "short_term_average": 77083
    }, 
    {
        "date": "2012-07-31", 
        "operating_revenue": 85770, 
        "accumulated_operating_revenue": 543257, 
        "long_term_average": 77608, 
        "short_term_average": 82018
    }, 
    {
        "date": "2012-08-31", 
        "operating_revenue": 84946, 
        "accumulated_operating_revenue": 628203, 
        "long_term_average": 78525, 
        "short_term_average": 79559
    }, 
    {
        "date": "2012-09-30", 
        "operating_revenue": 95433, 
        "accumulated_operating_revenue": 723636, 
        "long_term_average": 80404, 
        "short_term_average": 88716
    }, 
    {
        "date": "2012-10-31", 
        "operating_revenue": 53850, 
        "accumulated_operating_revenue": 777486, 
        "long_term_average": 77748, 
        "short_term_average": 78076
    }, 
    {
        "date": "2012-11-30", 
        "operating_revenue": 72777, 
        "accumulated_operating_revenue": 850263, 
        "long_term_average": 77296, 
        "short_term_average": 74020
    }, 
    {
        "date": "2012-12-31", 
        "operating_revenue": 89548, 
        "accumulated_operating_revenue": 939811, 
        "long_term_average": 78317, 
        "short_term_average": 72058
    }, 
    {
        "accumulated_operating_revenue_yoy": 19.56769508057676, 
        "accumulated_operating_revenue": 90221, 
        "long_term_average": 79548, 
        "date": "2013-01-31", 
        "operating_revenue": 90221, 
        "short_term_average": 84182
    }, 
    {
        "accumulated_operating_revenue_yoy": -11.060678160498798, 
        "accumulated_operating_revenue": 145784, 
        "long_term_average": 76806, 
        "date": "2013-02-28", 
        "operating_revenue": 55563, 
        "short_term_average": 78444
    }, 
    {
        "accumulated_operating_revenue_yoy": -1.2199649923089164, 
        "accumulated_operating_revenue": 223476, 
        "long_term_average": 78087, 
        "date": "2013-03-31", 
        "operating_revenue": 77692, 
        "short_term_average": 74492
    }, 
    {
        "accumulated_operating_revenue_yoy": -5.4754189925336725, 
        "accumulated_operating_revenue": 280928, 
        "long_term_average": 76961, 
        "date": "2013-04-30", 
        "operating_revenue": 57452, 
        "short_term_average": 63569
    }, 
    {
        "accumulated_operating_revenue_yoy": -7.326853663170109, 
        "accumulated_operating_revenue": 360986, 
        "long_term_average": 75939, 
        "date": "2013-05-31", 
        "operating_revenue": 80058, 
        "short_term_average": 71734
    }, 
    {
        "accumulated_operating_revenue_yoy": -3.731909322013522, 
        "accumulated_operating_revenue": 440414, 
        "long_term_average": 76894, 
        "date": "2013-06-30", 
        "operating_revenue": 79428, 
        "short_term_average": 72312
    }, 
    {
        "accumulated_operating_revenue_yoy": -3.657384994578993, 
        "accumulated_operating_revenue": 523388, 
        "long_term_average": 76661, 
        "date": "2013-07-31", 
        "operating_revenue": 82974, 
        "short_term_average": 80820
    }, 
    {
        "accumulated_operating_revenue_yoy": -4.466709009667257, 
        "accumulated_operating_revenue": 600143, 
        "long_term_average": 75979, 
        "date": "2013-08-31", 
        "operating_revenue": 76755, 
        "short_term_average": 79719
    }, 
    {
        "accumulated_operating_revenue_yoy": -5.013708549602286, 
        "accumulated_operating_revenue": 687355, 
        "long_term_average": 75294, 
        "date": "2013-09-30", 
        "operating_revenue": 87212, 
        "short_term_average": 82313
    }, 
    {
        "accumulated_operating_revenue_yoy": -2.353482892296453, 
        "accumulated_operating_revenue": 759188, 
        "long_term_average": 76792, 
        "date": "2013-10-31", 
        "operating_revenue": 71833, 
        "short_term_average": 78600
    }, 
    {
        "accumulated_operating_revenue_yoy": -1.6466669724544052, 
        "accumulated_operating_revenue": 836262, 
        "long_term_average": 77150, 
        "date": "2013-11-30", 
        "operating_revenue": 77074, 
        "short_term_average": 78706
    }, 
    {
        "accumulated_operating_revenue_yoy": 0.06235296245734515, 
        "accumulated_operating_revenue": 940397, 
        "long_term_average": 78366, 
        "date": "2013-12-31", 
        "operating_revenue": 104135, 
        "short_term_average": 84347
    }, 
    {
        "accumulated_operating_revenue_yoy": -46.29853360082464, 
        "accumulated_operating_revenue": 48450, 
        "long_term_average": 74885, 
        "date": "2014-01-31", 
        "operating_revenue": 48450, 
        "short_term_average": 76553
    }, 
    {
        "accumulated_operating_revenue_yoy": -22.346073643198157, 
        "accumulated_operating_revenue": 113207, 
        "long_term_average": 75651, 
        "date": "2014-02-28", 
        "operating_revenue": 64757, 
        "short_term_average": 72447
    }, 
    {
        "accumulated_operating_revenue_yoy": 0.745493923284827, 
        "accumulated_operating_revenue": 225142, 
        "long_term_average": 78505, 
        "date": "2014-03-31", 
        "operating_revenue": 111935, 
        "short_term_average": 75047
    }, 
    {
        "accumulated_operating_revenue_yoy": 0.49372081102631277, 
        "accumulated_operating_revenue": 282315, 
        "long_term_average": 78482, 
        "date": "2014-04-30", 
        "operating_revenue": 57173, 
        "short_term_average": 77955
    }, 
    {
        "accumulated_operating_revenue_yoy": 1.026632611791039, 
        "accumulated_operating_revenue": 364692, 
        "long_term_average": 78675, 
        "date": "2014-05-31", 
        "operating_revenue": 82377, 
        "short_term_average": 83828
    }, 
    {
        "accumulated_operating_revenue_yoy": 0.5910347990754153, 
        "accumulated_operating_revenue": 443017, 
        "long_term_average": 78583, 
        "date": "2014-06-30", 
        "operating_revenue": 78325, 
        "short_term_average": 72625
    }, 
    {
        "accumulated_operating_revenue_yoy": -3.5491833974030738, 
        "accumulated_operating_revenue": 504812, 
        "long_term_average": 76818, 
        "date": "2014-07-31", 
        "operating_revenue": 61795, 
        "short_term_average": 74165
    }, 
    {
        "accumulated_operating_revenue_yoy": -3.034276830688686, 
        "accumulated_operating_revenue": 581933, 
        "long_term_average": 76848, 
        "date": "2014-08-31", 
        "operating_revenue": 77121, 
        "short_term_average": 72413
    }, 
    {
        "accumulated_operating_revenue_yoy": -0.49537720682907666, 
        "accumulated_operating_revenue": 683950, 
        "long_term_average": 78082, 
        "date": "2014-09-30", 
        "operating_revenue": 102017, 
        "short_term_average": 80311
    }, 
    {
        "accumulated_operating_revenue_yoy": -0.20482410154006647, 
        "accumulated_operating_revenue": 757633, 
        "long_term_average": 78236, 
        "date": "2014-10-31", 
        "operating_revenue": 73683, 
        "short_term_average": 84273
    }, 
    {
        "accumulated_operating_revenue_yoy": -3.2518516924121865, 
        "accumulated_operating_revenue": 809068, 
        "long_term_average": 76100, 
        "date": "2014-11-30", 
        "operating_revenue": 51435, 
        "short_term_average": 75711
    }, 
    {
        "accumulated_operating_revenue_yoy": -2.362619191681811, 
        "accumulated_operating_revenue": 918179, 
        "long_term_average": 76514, 
        "date": "2014-12-31", 
        "operating_revenue": 109111, 
        "short_term_average": 78076
    }, 
    {
        "accumulated_operating_revenue_yoy": 68.34262125902993, 
        "accumulated_operating_revenue": 81562, 
        "long_term_average": 79274, 
        "date": "2015-01-31", 
        "operating_revenue": 81562, 
        "short_term_average": 80702
    }, 
    {
        "accumulated_operating_revenue_yoy": 41.644067946328406, 
        "accumulated_operating_revenue": 160351, 
        "long_term_average": 80443, 
        "date": "2015-02-28", 
        "operating_revenue": 78789, 
        "short_term_average": 89820
    }, 
    {
        "accumulated_operating_revenue_yoy": 2.455339296977019, 
        "accumulated_operating_revenue": 230670, 
        "long_term_average": 76975, 
        "date": "2015-03-31", 
        "operating_revenue": 70319, 
        "short_term_average": 76890
    }, 
    {
        "accumulated_operating_revenue_yoy": 0.6248339620636524, 
        "accumulated_operating_revenue": 284079, 
        "long_term_average": 76661, 
        "date": "2015-04-30", 
        "operating_revenue": 53409, 
        "short_term_average": 67505
    }, 
    {
        "accumulated_operating_revenue_yoy": -6.67741546291117, 
        "accumulated_operating_revenue": 340340, 
        "long_term_average": 74485, 
        "date": "2015-05-31", 
        "operating_revenue": 56261, 
        "short_term_average": 59996
    }, 
    {
        "accumulated_operating_revenue_yoy": -5.73996031754989, 
        "accumulated_operating_revenue": 417588, 
        "long_term_average": 74395, 
        "date": "2015-06-30", 
        "operating_revenue": 77248, 
        "short_term_average": 62306
    }, 
    {
        "accumulated_operating_revenue_yoy": 3.336291530312275, 
        "accumulated_operating_revenue": 521654, 
        "long_term_average": 77918, 
        "date": "2015-07-31", 
        "operating_revenue": 104066, 
        "short_term_average": 79191
    }, 
    {
        "accumulated_operating_revenue_yoy": 1.1843287801172986, 
        "accumulated_operating_revenue": 588825, 
        "long_term_average": 77089, 
        "date": "2015-08-31", 
        "operating_revenue": 67171, 
        "short_term_average": 82828
    }, 
    {
        "accumulated_operating_revenue_yoy": -4.250895533299218, 
        "accumulated_operating_revenue": 654876, 
        "long_term_average": 74092, 
        "date": "2015-09-30", 
        "operating_revenue": 66051, 
        "short_term_average": 79096
    }, 
    {
        "accumulated_operating_revenue_yoy": 0.2674117943648178, 
        "accumulated_operating_revenue": 759659, 
        "long_term_average": 76683, 
        "date": "2015-10-31", 
        "operating_revenue": 104783, 
        "short_term_average": 79335
    }
]