[
    {
        "date": "2012-01-31", 
        "operating_revenue": 26735, 
        "accumulated_operating_revenue": 26735, 
        "long_term_average": 26735, 
        "short_term_average": 26735
    }, 
    {
        "date": "2012-02-29", 
        "operating_revenue": 32478, 
        "accumulated_operating_revenue": 59213, 
        "long_term_average": 29606, 
        "short_term_average": 29606
    }, 
    {
        "date": "2012-03-31", 
        "operating_revenue": 32261, 
        "accumulated_operating_revenue": 91474, 
        "long_term_average": 30491, 
        "short_term_average": 30491
    }, 
    {
        "date": "2012-04-30", 
        "operating_revenue": 34730, 
        "accumulated_operating_revenue": 126204, 
        "long_term_average": 31551, 
        "short_term_average": 33156
    }, 
    {
        "date": "2012-05-31", 
        "operating_revenue": 32971, 
        "accumulated_operating_revenue": 159175, 
        "long_term_average": 31835, 
        "short_term_average": 33320
    }, 
    {
        "date": "2012-06-30", 
        "operating_revenue": 31275, 
        "accumulated_operating_revenue": 190450, 
        "long_term_average": 31741, 
        "short_term_average": 32992
    }, 
    {
        "date": "2012-07-31", 
        "operating_revenue": 27931, 
        "accumulated_operating_revenue": 218381, 
        "long_term_average": 31197, 
        "short_term_average": 30725
    }, 
    {
        "date": "2012-08-31", 
        "operating_revenue": 34307, 
        "accumulated_operating_revenue": 252688, 
        "long_term_average": 31586, 
        "short_term_average": 31171
    }, 
    {
        "date": "2012-09-30", 
        "operating_revenue": 29207, 
        "accumulated_operating_revenue": 281895, 
        "long_term_average": 31321, 
        "short_term_average": 30481
    }, 
    {
        "date": "2012-10-31", 
        "operating_revenue": 31942, 
        "accumulated_operating_revenue": 313837, 
        "long_term_average": 31383, 
        "short_term_average": 31818
    }, 
    {
        "date": "2012-11-30", 
        "operating_revenue": 29089, 
        "accumulated_operating_revenue": 342926, 
        "long_term_average": 31175, 
        "short_term_average": 30079
    }, 
    {
        "date": "2012-12-31", 
        "operating_revenue": 32328, 
        "accumulated_operating_revenue": 375254, 
        "long_term_average": 31271, 
        "short_term_average": 31119
    }, 
    {
        "accumulated_operating_revenue_yoy": 18.91527959603516, 
        "accumulated_operating_revenue": 31792, 
        "long_term_average": 31692, 
        "date": "2013-01-31", 
        "operating_revenue": 31792, 
        "short_term_average": 31069
    }, 
    {
        "accumulated_operating_revenue_yoy": -9.004779355884688, 
        "accumulated_operating_revenue": 53881, 
        "long_term_average": 30826, 
        "date": "2013-02-28", 
        "operating_revenue": 22089, 
        "short_term_average": 28736
    }, 
    {
        "accumulated_operating_revenue_yoy": -11.327808994905658, 
        "accumulated_operating_revenue": 81112, 
        "long_term_average": 30407, 
        "date": "2013-03-31", 
        "operating_revenue": 27231, 
        "short_term_average": 27037
    }, 
    {
        "accumulated_operating_revenue_yoy": -10.543247440651642, 
        "accumulated_operating_revenue": 112898, 
        "long_term_average": 30162, 
        "date": "2013-04-30", 
        "operating_revenue": 31786, 
        "short_term_average": 27035
    }, 
    {
        "accumulated_operating_revenue_yoy": -12.233076802261662, 
        "accumulated_operating_revenue": 139703, 
        "long_term_average": 29648, 
        "date": "2013-05-31", 
        "operating_revenue": 26805, 
        "short_term_average": 28607
    }, 
    {
        "accumulated_operating_revenue_yoy": -11.01391441323182, 
        "accumulated_operating_revenue": 169474, 
        "long_term_average": 29523, 
        "date": "2013-06-30", 
        "operating_revenue": 29771, 
        "short_term_average": 29454
    }, 
    {
        "accumulated_operating_revenue_yoy": -9.667507704424835, 
        "accumulated_operating_revenue": 197269, 
        "long_term_average": 29511, 
        "date": "2013-07-31", 
        "operating_revenue": 27795, 
        "short_term_average": 28123
    }, 
    {
        "accumulated_operating_revenue_yoy": -8.728154878743748, 
        "accumulated_operating_revenue": 230633, 
        "long_term_average": 29433, 
        "date": "2013-08-31", 
        "operating_revenue": 33364, 
        "short_term_average": 30310
    }, 
    {
        "accumulated_operating_revenue_yoy": -6.312279394810124, 
        "accumulated_operating_revenue": 264101, 
        "long_term_average": 29788, 
        "date": "2013-09-30", 
        "operating_revenue": 33468, 
        "short_term_average": 31542
    }, 
    {
        "accumulated_operating_revenue_yoy": -5.829459241580821, 
        "accumulated_operating_revenue": 295542, 
        "long_term_average": 29746, 
        "date": "2013-10-31", 
        "operating_revenue": 31441, 
        "short_term_average": 32757
    }, 
    {
        "accumulated_operating_revenue_yoy": -5.845867621585999, 
        "accumulated_operating_revenue": 322879, 
        "long_term_average": 29600, 
        "date": "2013-11-30", 
        "operating_revenue": 27337, 
        "short_term_average": 30748
    }, 
    {
        "accumulated_operating_revenue_yoy": -6.6672174047445205, 
        "accumulated_operating_revenue": 350235, 
        "long_term_average": 29186, 
        "date": "2013-12-31", 
        "operating_revenue": 27356, 
        "short_term_average": 28711
    }, 
    {
        "accumulated_operating_revenue_yoy": -20.297559134373426, 
        "accumulated_operating_revenue": 25339, 
        "long_term_average": 28648, 
        "date": "2014-01-31", 
        "operating_revenue": 25339, 
        "short_term_average": 26677
    }, 
    {
        "accumulated_operating_revenue_yoy": -9.637905755275515, 
        "accumulated_operating_revenue": 48688, 
        "long_term_average": 28753, 
        "date": "2014-02-28", 
        "operating_revenue": 23349, 
        "short_term_average": 25348
    }, 
    {
        "accumulated_operating_revenue_yoy": -6.447874543840615, 
        "accumulated_operating_revenue": 75882, 
        "long_term_average": 28750, 
        "date": "2014-03-31", 
        "operating_revenue": 27194, 
        "short_term_average": 25294
    }, 
    {
        "accumulated_operating_revenue_yoy": -7.545749260394338, 
        "accumulated_operating_revenue": 104379, 
        "long_term_average": 28476, 
        "date": "2014-04-30", 
        "operating_revenue": 28497, 
        "short_term_average": 26346
    }, 
    {
        "accumulated_operating_revenue_yoy": -4.261182651768395, 
        "accumulated_operating_revenue": 133750, 
        "long_term_average": 28690, 
        "date": "2014-05-31", 
        "operating_revenue": 29371, 
        "short_term_average": 28354
    }, 
    {
        "accumulated_operating_revenue_yoy": -4.111545133766832, 
        "accumulated_operating_revenue": 162506, 
        "long_term_average": 28605, 
        "date": "2014-06-30", 
        "operating_revenue": 28756, 
        "short_term_average": 28874
    }, 
    {
        "accumulated_operating_revenue_yoy": -3.36190683787113, 
        "accumulated_operating_revenue": 190637, 
        "long_term_average": 28633, 
        "date": "2014-07-31", 
        "operating_revenue": 28131, 
        "short_term_average": 28752
    }, 
    {
        "accumulated_operating_revenue_yoy": -5.237758690213456, 
        "accumulated_operating_revenue": 218553, 
        "long_term_average": 28179, 
        "date": "2014-08-31", 
        "operating_revenue": 27916, 
        "short_term_average": 28267
    }, 
    {
        "accumulated_operating_revenue_yoy": -7.304402482383633, 
        "accumulated_operating_revenue": 244810, 
        "long_term_average": 27578, 
        "date": "2014-09-30", 
        "operating_revenue": 26257, 
        "short_term_average": 27434
    }, 
    {
        "accumulated_operating_revenue_yoy": -9.29783245697735, 
        "accumulated_operating_revenue": 268063, 
        "long_term_average": 26896, 
        "date": "2014-10-31", 
        "operating_revenue": 23253, 
        "short_term_average": 25808
    }, 
    {
        "accumulated_operating_revenue_yoy": -7.616785235335838, 
        "accumulated_operating_revenue": 298286, 
        "long_term_average": 27136, 
        "date": "2014-11-30", 
        "operating_revenue": 30223, 
        "short_term_average": 26577
    }, 
    {
        "accumulated_operating_revenue_yoy": -7.96722200808029, 
        "accumulated_operating_revenue": 322331, 
        "long_term_average": 26860, 
        "date": "2014-12-31", 
        "operating_revenue": 24045, 
        "short_term_average": 25840
    }, 
    {
        "accumulated_operating_revenue_yoy": -4.79103358459292, 
        "accumulated_operating_revenue": 24125, 
        "long_term_average": 26759, 
        "date": "2015-01-31", 
        "operating_revenue": 24125, 
        "short_term_average": 26131
    }, 
    {
        "accumulated_operating_revenue_yoy": -12.124137364442984, 
        "accumulated_operating_revenue": 42785, 
        "long_term_average": 26369, 
        "date": "2015-02-28", 
        "operating_revenue": 18660, 
        "short_term_average": 22276
    }, 
    {
        "accumulated_operating_revenue_yoy": -7.128172689175298, 
        "accumulated_operating_revenue": 70473, 
        "long_term_average": 26410, 
        "date": "2015-03-31", 
        "operating_revenue": 27688, 
        "short_term_average": 23491
    }, 
    {
        "accumulated_operating_revenue_yoy": -3.484417363645944, 
        "accumulated_operating_revenue": 100742, 
        "long_term_average": 26557, 
        "date": "2015-04-30", 
        "operating_revenue": 30269, 
        "short_term_average": 25539
    }, 
    {
        "accumulated_operating_revenue_yoy": -3.522990654205607, 
        "accumulated_operating_revenue": 129038, 
        "long_term_average": 26468, 
        "date": "2015-05-31", 
        "operating_revenue": 28296, 
        "short_term_average": 28751
    }, 
    {
        "accumulated_operating_revenue_yoy": -1.9180830246267828, 
        "accumulated_operating_revenue": 159389, 
        "long_term_average": 26601, 
        "date": "2015-06-30", 
        "operating_revenue": 30351, 
        "short_term_average": 29638
    }, 
    {
        "accumulated_operating_revenue_yoy": -1.329227799430331, 
        "accumulated_operating_revenue": 188103, 
        "long_term_average": 26649, 
        "date": "2015-07-31", 
        "operating_revenue": 28714, 
        "short_term_average": 29120
    }, 
    {
        "accumulated_operating_revenue_yoy": -1.8622485163781783, 
        "accumulated_operating_revenue": 214483, 
        "long_term_average": 26521, 
        "date": "2015-08-31", 
        "operating_revenue": 26380, 
        "short_term_average": 28481
    }, 
    {
        "accumulated_operating_revenue_yoy": -2.5244066827335483, 
        "accumulated_operating_revenue": 238630, 
        "long_term_average": 26345, 
        "date": "2015-09-30", 
        "operating_revenue": 24147, 
        "short_term_average": 26413
    }, 
    {
        "accumulated_operating_revenue_yoy": -0.1499647470930341, 
        "accumulated_operating_revenue": 267661, 
        "long_term_average": 26827, 
        "date": "2015-10-31", 
        "operating_revenue": 29031, 
        "short_term_average": 26519
    }
]