[
    {
        "date": "2011-09-30", 
        "operating_revenue": 776408, 
        "accumulated_operating_revenue": 776408, 
        "long_term_average": 776408, 
        "short_term_average": 776408
    }, 
    {
        "date": "2011-10-31", 
        "operating_revenue": 721018, 
        "accumulated_operating_revenue": 1497426, 
        "long_term_average": 748713, 
        "short_term_average": 748713
    }, 
    {
        "date": "2011-11-30", 
        "operating_revenue": 693791, 
        "accumulated_operating_revenue": 2191217, 
        "long_term_average": 730405, 
        "short_term_average": 730405
    }, 
    {
        "date": "2011-12-31", 
        "operating_revenue": 611342, 
        "accumulated_operating_revenue": 2802559, 
        "long_term_average": 700639, 
        "short_term_average": 675383
    }, 
    {
        "date": "2012-01-31", 
        "operating_revenue": 556034, 
        "accumulated_operating_revenue": 556034, 
        "long_term_average": 671718, 
        "short_term_average": 620389
    }, 
    {
        "date": "2012-02-29", 
        "operating_revenue": 605346, 
        "accumulated_operating_revenue": 1161380, 
        "long_term_average": 660656, 
        "short_term_average": 590907
    }, 
    {
        "date": "2012-03-31", 
        "operating_revenue": 605779, 
        "accumulated_operating_revenue": 1767159, 
        "long_term_average": 652816, 
        "short_term_average": 589053
    }, 
    {
        "date": "2012-04-30", 
        "operating_revenue": 562475, 
        "accumulated_operating_revenue": 2329634, 
        "long_term_average": 641524, 
        "short_term_average": 591200
    }, 
    {
        "date": "2012-05-31", 
        "operating_revenue": 483006, 
        "accumulated_operating_revenue": 2812640, 
        "long_term_average": 623911, 
        "short_term_average": 550420
    }, 
    {
        "date": "2012-06-30", 
        "operating_revenue": 435397, 
        "accumulated_operating_revenue": 3248037, 
        "long_term_average": 605059, 
        "short_term_average": 493626
    }, 
    {
        "date": "2012-07-31", 
        "operating_revenue": 466762, 
        "accumulated_operating_revenue": 3714799, 
        "long_term_average": 592487, 
        "short_term_average": 461721
    }, 
    {
        "date": "2012-08-31", 
        "operating_revenue": 559408, 
        "accumulated_operating_revenue": 4274207, 
        "long_term_average": 589730, 
        "short_term_average": 487189
    }, 
    {
        "accumulated_operating_revenue_yoy": 519.1297616716984, 
        "accumulated_operating_revenue": 4806973, 
        "long_term_average": 569427, 
        "date": "2012-09-30", 
        "operating_revenue": 532766, 
        "short_term_average": 519645
    }, 
    {
        "accumulated_operating_revenue_yoy": 247.81618590835208, 
        "accumulated_operating_revenue": 5208290, 
        "long_term_average": 542785, 
        "date": "2012-10-31", 
        "operating_revenue": 401317, 
        "short_term_average": 497830
    }, 
    {
        "accumulated_operating_revenue_yoy": 152.55417423285783, 
        "accumulated_operating_revenue": 5534010, 
        "long_term_average": 512112, 
        "date": "2012-11-30", 
        "operating_revenue": 325720, 
        "short_term_average": 419934
    }, 
    {
        "accumulated_operating_revenue_yoy": 107.30036370331544, 
        "accumulated_operating_revenue": 5809715, 
        "long_term_average": 484142, 
        "date": "2012-12-31", 
        "operating_revenue": 275705, 
        "short_term_average": 334247
    }, 
    {
        "accumulated_operating_revenue_yoy": -31.682235258994957, 
        "accumulated_operating_revenue": 379870, 
        "long_term_average": 469462, 
        "date": "2013-01-31", 
        "operating_revenue": 379870, 
        "short_term_average": 327098
    }, 
    {
        "accumulated_operating_revenue_yoy": -44.79954881261947, 
        "accumulated_operating_revenue": 641087, 
        "long_term_average": 440785, 
        "date": "2013-02-28", 
        "operating_revenue": 261217, 
        "short_term_average": 305597
    }, 
    {
        "accumulated_operating_revenue_yoy": -42.19518447406261, 
        "accumulated_operating_revenue": 1021503, 
        "long_term_average": 422004, 
        "date": "2013-03-31", 
        "operating_revenue": 380416, 
        "short_term_average": 340501
    }, 
    {
        "accumulated_operating_revenue_yoy": -37.571223634270446, 
        "accumulated_operating_revenue": 1454362, 
        "long_term_average": 411203, 
        "date": "2013-04-30", 
        "operating_revenue": 432859, 
        "short_term_average": 358164
    }, 
    {
        "accumulated_operating_revenue_yoy": -34.598384435974744, 
        "accumulated_operating_revenue": 1839512, 
        "long_term_average": 403048, 
        "date": "2013-05-31", 
        "operating_revenue": 385150, 
        "short_term_average": 399475
    }, 
    {
        "accumulated_operating_revenue_yoy": -31.421440088274856, 
        "accumulated_operating_revenue": 2227457, 
        "long_term_average": 399094, 
        "date": "2013-06-30", 
        "operating_revenue": 387945, 
        "short_term_average": 401984
    }, 
    {
        "accumulated_operating_revenue_yoy": -28.45804039464854, 
        "accumulated_operating_revenue": 2657640, 
        "long_term_average": 396046, 
        "date": "2013-07-31", 
        "operating_revenue": 430183, 
        "short_term_average": 401092
    }, 
    {
        "accumulated_operating_revenue_yoy": -24.56039213823757, 
        "accumulated_operating_revenue": 3224445, 
        "long_term_average": 396662, 
        "date": "2013-08-31", 
        "operating_revenue": 566805, 
        "short_term_average": 461644
    }, 
    {
        "accumulated_operating_revenue_yoy": -20.377688828291735, 
        "accumulated_operating_revenue": 3827423, 
        "long_term_average": 402513, 
        "date": "2013-09-30", 
        "operating_revenue": 602978, 
        "short_term_average": 533322
    }, 
    {
        "accumulated_operating_revenue_yoy": -15.696284193084487, 
        "accumulated_operating_revenue": 4390782, 
        "long_term_average": 416017, 
        "date": "2013-10-31", 
        "operating_revenue": 563359, 
        "short_term_average": 577714
    }, 
    {
        "accumulated_operating_revenue_yoy": -12.3901836100766, 
        "accumulated_operating_revenue": 4848336, 
        "long_term_average": 427003, 
        "date": "2013-11-30", 
        "operating_revenue": 457554, 
        "short_term_average": 541297
    }, 
    {
        "accumulated_operating_revenue_yoy": -10.373125015598871, 
        "accumulated_operating_revenue": 5207066, 
        "long_term_average": 433922, 
        "date": "2013-12-31", 
        "operating_revenue": 358730, 
        "short_term_average": 459881
    }, 
    {
        "accumulated_operating_revenue_yoy": 12.022007528891463, 
        "accumulated_operating_revenue": 425538, 
        "long_term_average": 437727, 
        "date": "2014-01-31", 
        "operating_revenue": 425538, 
        "short_term_average": 413940
    }, 
    {
        "accumulated_operating_revenue_yoy": 13.74150466317364, 
        "accumulated_operating_revenue": 729182, 
        "long_term_average": 441263, 
        "date": "2014-02-28", 
        "operating_revenue": 303644, 
        "short_term_average": 362637
    }, 
    {
        "accumulated_operating_revenue_yoy": 6.46243819156674, 
        "accumulated_operating_revenue": 1087517, 
        "long_term_average": 439423, 
        "date": "2014-03-31", 
        "operating_revenue": 358335, 
        "short_term_average": 362505
    }, 
    {
        "accumulated_operating_revenue_yoy": 6.178241730738289, 
        "accumulated_operating_revenue": 1544216, 
        "long_term_average": 441410, 
        "date": "2014-04-30", 
        "operating_revenue": 456699, 
        "short_term_average": 372892
    }, 
    {
        "accumulated_operating_revenue_yoy": 9.158461591987441, 
        "accumulated_operating_revenue": 2007983, 
        "long_term_average": 447961, 
        "date": "2014-05-31", 
        "operating_revenue": 463767, 
        "short_term_average": 426267
    }, 
    {
        "accumulated_operating_revenue_yoy": 7.66959811120933, 
        "accumulated_operating_revenue": 2398294, 
        "long_term_average": 448158, 
        "date": "2014-06-30", 
        "operating_revenue": 390311, 
        "short_term_average": 436925
    }, 
    {
        "accumulated_operating_revenue_yoy": 3.007931849309914, 
        "accumulated_operating_revenue": 2737580, 
        "long_term_average": 440583, 
        "date": "2014-07-31", 
        "operating_revenue": 339286, 
        "short_term_average": 397788
    }, 
    {
        "accumulated_operating_revenue_yoy": -5.1079177967061, 
        "accumulated_operating_revenue": 3059743, 
        "long_term_average": 420197, 
        "date": "2014-08-31", 
        "operating_revenue": 322163, 
        "short_term_average": 350586
    }, 
    {
        "accumulated_operating_revenue_yoy": -8.097223641076516, 
        "accumulated_operating_revenue": 3517508, 
        "long_term_average": 408095, 
        "date": "2014-09-30", 
        "operating_revenue": 457765, 
        "short_term_average": 373071
    }, 
    {
        "accumulated_operating_revenue_yoy": -7.733178281226443, 
        "accumulated_operating_revenue": 4051235, 
        "long_term_average": 405626, 
        "date": "2014-10-31", 
        "operating_revenue": 533727, 
        "short_term_average": 437885
    }, 
    {
        "accumulated_operating_revenue_yoy": -3.374147336323225, 
        "accumulated_operating_revenue": 4684746, 
        "long_term_average": 420289, 
        "date": "2014-11-30", 
        "operating_revenue": 633511, 
        "short_term_average": 541667
    }, 
    {
        "accumulated_operating_revenue_yoy": 2.281035039694139, 
        "accumulated_operating_revenue": 5325841, 
        "long_term_average": 443820, 
        "date": "2014-12-31", 
        "operating_revenue": 641095, 
        "short_term_average": 602777
    }, 
    {
        "accumulated_operating_revenue_yoy": 55.88901578707425, 
        "accumulated_operating_revenue": 663367, 
        "long_term_average": 463639, 
        "date": "2015-01-31", 
        "operating_revenue": 663367, 
        "short_term_average": 645991
    }, 
    {
        "accumulated_operating_revenue_yoy": 52.73402250741241, 
        "accumulated_operating_revenue": 1113709, 
        "long_term_average": 475864, 
        "date": "2015-02-28", 
        "operating_revenue": 450342, 
        "short_term_average": 584934
    }, 
    {
        "accumulated_operating_revenue_yoy": 44.49760325585715, 
        "accumulated_operating_revenue": 1571436, 
        "long_term_average": 484146, 
        "date": "2015-03-31", 
        "operating_revenue": 457727, 
        "short_term_average": 523812
    }, 
    {
        "accumulated_operating_revenue_yoy": 20.46255187098178, 
        "accumulated_operating_revenue": 1860202, 
        "long_term_average": 470152, 
        "date": "2015-04-30", 
        "operating_revenue": 288766, 
        "short_term_average": 398945
    }, 
    {
        "accumulated_operating_revenue_yoy": 2.893799399696113, 
        "accumulated_operating_revenue": 2066090, 
        "long_term_average": 448662, 
        "date": "2015-05-31", 
        "operating_revenue": 205888, 
        "short_term_average": 317460
    }, 
    {
        "accumulated_operating_revenue_yoy": -6.423607781197801, 
        "accumulated_operating_revenue": 2244237, 
        "long_term_average": 430982, 
        "date": "2015-06-30", 
        "operating_revenue": 178147, 
        "short_term_average": 224267
    }, 
    {
        "accumulated_operating_revenue_yoy": -4.638585904338869, 
        "accumulated_operating_revenue": 2610595, 
        "long_term_average": 433238, 
        "date": "2015-07-31", 
        "operating_revenue": 366358, 
        "short_term_average": 250131
    }, 
    {
        "accumulated_operating_revenue_yoy": -2.535931939381837, 
        "accumulated_operating_revenue": 2982150, 
        "long_term_average": 437354, 
        "date": "2015-08-31", 
        "operating_revenue": 371555, 
        "short_term_average": 305353
    }
]