[
    {
        "date": "2011-09-30", 
        "operating_revenue": 99143, 
        "accumulated_operating_revenue": 99143, 
        "long_term_average": 99143, 
        "short_term_average": 99143
    }, 
    {
        "date": "2011-10-31", 
        "operating_revenue": 82087, 
        "accumulated_operating_revenue": 181230, 
        "long_term_average": 90615, 
        "short_term_average": 90615
    }, 
    {
        "date": "2011-11-30", 
        "operating_revenue": 109247, 
        "accumulated_operating_revenue": 290477, 
        "long_term_average": 96825, 
        "short_term_average": 96825
    }, 
    {
        "date": "2011-12-31", 
        "operating_revenue": 135450, 
        "accumulated_operating_revenue": 425927, 
        "long_term_average": 106481, 
        "short_term_average": 108928
    }, 
    {
        "date": "2012-01-31", 
        "operating_revenue": 88240, 
        "accumulated_operating_revenue": 88240, 
        "long_term_average": 102833, 
        "short_term_average": 110979
    }, 
    {
        "date": "2012-02-29", 
        "operating_revenue": 83925, 
        "accumulated_operating_revenue": 172165, 
        "long_term_average": 99682, 
        "short_term_average": 102538
    }, 
    {
        "date": "2012-03-31", 
        "operating_revenue": 104697, 
        "accumulated_operating_revenue": 276862, 
        "long_term_average": 100398, 
        "short_term_average": 92287
    }, 
    {
        "date": "2012-04-30", 
        "operating_revenue": 107741, 
        "accumulated_operating_revenue": 384603, 
        "long_term_average": 101316, 
        "short_term_average": 98787
    }, 
    {
        "date": "2012-05-31", 
        "operating_revenue": 104047, 
        "accumulated_operating_revenue": 488650, 
        "long_term_average": 101619, 
        "short_term_average": 105495
    }, 
    {
        "date": "2012-06-30", 
        "operating_revenue": 92150, 
        "accumulated_operating_revenue": 580800, 
        "long_term_average": 100672, 
        "short_term_average": 101312
    }, 
    {
        "date": "2012-07-31", 
        "operating_revenue": 103629, 
        "accumulated_operating_revenue": 684429, 
        "long_term_average": 100941, 
        "short_term_average": 99942
    }, 
    {
        "date": "2012-08-31", 
        "operating_revenue": 110296, 
        "accumulated_operating_revenue": 794725, 
        "long_term_average": 101721, 
        "short_term_average": 102025
    }, 
    {
        "accumulated_operating_revenue_yoy": 804.2867373389951, 
        "accumulated_operating_revenue": 896537, 
        "long_term_average": 101943, 
        "date": "2012-09-30", 
        "operating_revenue": 101812, 
        "short_term_average": 105245
    }, 
    {
        "accumulated_operating_revenue_yoy": 464.4374551674668, 
        "accumulated_operating_revenue": 1022930, 
        "long_term_average": 105635, 
        "date": "2012-10-31", 
        "operating_revenue": 126393, 
        "short_term_average": 112833
    }, 
    {
        "accumulated_operating_revenue_yoy": 311.4250009467187, 
        "accumulated_operating_revenue": 1195095, 
        "long_term_average": 110878, 
        "date": "2012-11-30", 
        "operating_revenue": 172165, 
        "short_term_average": 133456
    }, 
    {
        "accumulated_operating_revenue_yoy": 219.82288044664932, 
        "accumulated_operating_revenue": 1362212, 
        "long_term_average": 113517, 
        "date": "2012-12-31", 
        "operating_revenue": 167117, 
        "short_term_average": 155225
    }, 
    {
        "accumulated_operating_revenue_yoy": 59.70648232094289, 
        "accumulated_operating_revenue": 140925, 
        "long_term_average": 117908, 
        "date": "2013-01-31", 
        "operating_revenue": 140925, 
        "short_term_average": 160069
    }, 
    {
        "accumulated_operating_revenue_yoy": 64.6426393285511, 
        "accumulated_operating_revenue": 283457, 
        "long_term_average": 122792, 
        "date": "2013-02-28", 
        "operating_revenue": 142532, 
        "short_term_average": 150191
    }, 
    {
        "accumulated_operating_revenue_yoy": 56.22729013010092, 
        "accumulated_operating_revenue": 432534, 
        "long_term_average": 126490, 
        "date": "2013-03-31", 
        "operating_revenue": 149077, 
        "short_term_average": 144178
    }, 
    {
        "accumulated_operating_revenue_yoy": 41.293489650366745, 
        "accumulated_operating_revenue": 543419, 
        "long_term_average": 126752, 
        "date": "2013-04-30", 
        "operating_revenue": 110885, 
        "short_term_average": 134164
    }, 
    {
        "accumulated_operating_revenue_yoy": 31.89808656502609, 
        "accumulated_operating_revenue": 644520, 
        "long_term_average": 126506, 
        "date": "2013-05-31", 
        "operating_revenue": 101101, 
        "short_term_average": 120354
    }, 
    {
        "accumulated_operating_revenue_yoy": 30.34228650137741, 
        "accumulated_operating_revenue": 757028, 
        "long_term_average": 128203, 
        "date": "2013-06-30", 
        "operating_revenue": 112508, 
        "short_term_average": 108164
    }, 
    {
        "accumulated_operating_revenue_yoy": 27.15095356859514, 
        "accumulated_operating_revenue": 870258, 
        "long_term_average": 129003, 
        "date": "2013-07-31", 
        "operating_revenue": 113230, 
        "short_term_average": 108946
    }, 
    {
        "accumulated_operating_revenue_yoy": 22.35754506275756, 
        "accumulated_operating_revenue": 972406, 
        "long_term_average": 128324, 
        "date": "2013-08-31", 
        "operating_revenue": 102148, 
        "short_term_average": 109295
    }, 
    {
        "accumulated_operating_revenue_yoy": 21.004487266002407, 
        "accumulated_operating_revenue": 1084850, 
        "long_term_average": 129210, 
        "date": "2013-09-30", 
        "operating_revenue": 112444, 
        "short_term_average": 109274
    }, 
    {
        "accumulated_operating_revenue_yoy": 15.578094297752534, 
        "accumulated_operating_revenue": 1182283, 
        "long_term_average": 126797, 
        "date": "2013-10-31", 
        "operating_revenue": 97433, 
        "short_term_average": 104008
    }, 
    {
        "accumulated_operating_revenue_yoy": 6.946895435090934, 
        "accumulated_operating_revenue": 1278117, 
        "long_term_average": 120436, 
        "date": "2013-11-30", 
        "operating_revenue": 95834, 
        "short_term_average": 101903
    }, 
    {
        "accumulated_operating_revenue_yoy": 3.4280273555070724, 
        "accumulated_operating_revenue": 1408909, 
        "long_term_average": 117409, 
        "date": "2013-12-31", 
        "operating_revenue": 130792, 
        "short_term_average": 108019
    }, 
    {
        "accumulated_operating_revenue_yoy": 3.956714564484655, 
        "accumulated_operating_revenue": 146501, 
        "long_term_average": 117873, 
        "date": "2014-01-31", 
        "operating_revenue": 146501, 
        "short_term_average": 124375
    }, 
    {
        "accumulated_operating_revenue_yoy": -7.857276412295339, 
        "accumulated_operating_revenue": 261185, 
        "long_term_average": 115553, 
        "date": "2014-02-28", 
        "operating_revenue": 114684, 
        "short_term_average": 130659
    }, 
    {
        "accumulated_operating_revenue_yoy": -11.449042156223557, 
        "accumulated_operating_revenue": 383013, 
        "long_term_average": 113282, 
        "date": "2014-03-31", 
        "operating_revenue": 121828, 
        "short_term_average": 127671
    }, 
    {
        "accumulated_operating_revenue_yoy": -3.0598856499312688, 
        "accumulated_operating_revenue": 526791, 
        "long_term_average": 116023, 
        "date": "2014-04-30", 
        "operating_revenue": 143778, 
        "short_term_average": 126763
    }, 
    {
        "accumulated_operating_revenue_yoy": 3.527120958232483, 
        "accumulated_operating_revenue": 667253, 
        "long_term_average": 119303, 
        "date": "2014-05-31", 
        "operating_revenue": 140462, 
        "short_term_average": 135356
    }, 
    {
        "accumulated_operating_revenue_yoy": 5.73941782866684, 
        "accumulated_operating_revenue": 800477, 
        "long_term_average": 121029, 
        "date": "2014-06-30", 
        "operating_revenue": 133224, 
        "short_term_average": 139154
    }, 
    {
        "accumulated_operating_revenue_yoy": 9.074435397318956, 
        "accumulated_operating_revenue": 949229, 
        "long_term_average": 123990, 
        "date": "2014-07-31", 
        "operating_revenue": 148752, 
        "short_term_average": 140812
    }, 
    {
        "accumulated_operating_revenue_yoy": 13.832905185694042, 
        "accumulated_operating_revenue": 1106918, 
        "long_term_average": 128618, 
        "date": "2014-08-31", 
        "operating_revenue": 157689, 
        "short_term_average": 146555
    }, 
    {
        "accumulated_operating_revenue_yoy": 16.247684011614506, 
        "accumulated_operating_revenue": 1261113, 
        "long_term_average": 132097, 
        "date": "2014-09-30", 
        "operating_revenue": 154195, 
        "short_term_average": 153545
    }, 
    {
        "accumulated_operating_revenue_yoy": 19.975166690208688, 
        "accumulated_operating_revenue": 1418446, 
        "long_term_average": 137089, 
        "date": "2014-10-31", 
        "operating_revenue": 157333, 
        "short_term_average": 156405
    }, 
    {
        "accumulated_operating_revenue_yoy": 24.569581658017224, 
        "accumulated_operating_revenue": 1592145, 
        "long_term_average": 143578, 
        "date": "2014-11-30", 
        "operating_revenue": 173699, 
        "short_term_average": 161742
    }, 
    {
        "accumulated_operating_revenue_yoy": 23.514364660882993, 
        "accumulated_operating_revenue": 1740205, 
        "long_term_average": 145017, 
        "date": "2014-12-31", 
        "operating_revenue": 148060, 
        "short_term_average": 159697
    }, 
    {
        "accumulated_operating_revenue_yoy": 26.17593053972328, 
        "accumulated_operating_revenue": 184849, 
        "long_term_average": 148212, 
        "date": "2015-01-31", 
        "operating_revenue": 184849, 
        "short_term_average": 168869
    }, 
    {
        "accumulated_operating_revenue_yoy": 23.207305166835766, 
        "accumulated_operating_revenue": 321799, 
        "long_term_average": 150068, 
        "date": "2015-02-28", 
        "operating_revenue": 136950, 
        "short_term_average": 156619
    }, 
    {
        "accumulated_operating_revenue_yoy": 22.96371141449507, 
        "accumulated_operating_revenue": 470967, 
        "long_term_average": 152346, 
        "date": "2015-03-31", 
        "operating_revenue": 149168, 
        "short_term_average": 156989
    }, 
    {
        "accumulated_operating_revenue_yoy": 21.005104491154935, 
        "accumulated_operating_revenue": 637444, 
        "long_term_average": 154238, 
        "date": "2015-04-30", 
        "operating_revenue": 166477, 
        "short_term_average": 150865
    }, 
    {
        "accumulated_operating_revenue_yoy": 17.13817697335194, 
        "accumulated_operating_revenue": 781608, 
        "long_term_average": 154546, 
        "date": "2015-05-31", 
        "operating_revenue": 144164, 
        "short_term_average": 153269
    }, 
    {
        "accumulated_operating_revenue_yoy": 16.362868639573655, 
        "accumulated_operating_revenue": 931458, 
        "long_term_average": 155932, 
        "date": "2015-06-30", 
        "operating_revenue": 149850, 
        "short_term_average": 153497
    }, 
    {
        "accumulated_operating_revenue_yoy": 14.847312924489241, 
        "accumulated_operating_revenue": 1090164, 
        "long_term_average": 156761, 
        "date": "2015-07-31", 
        "operating_revenue": 158706, 
        "short_term_average": 150906
    }, 
    {
        "accumulated_operating_revenue_yoy": 13.542918264948261, 
        "accumulated_operating_revenue": 1256827, 
        "long_term_average": 157509, 
        "date": "2015-08-31", 
        "operating_revenue": 166663, 
        "short_term_average": 158406
    }
]