[
    {
        "date": "2011-09-30", 
        "operating_revenue": 57546, 
        "accumulated_operating_revenue": 57546, 
        "long_term_average": 57546, 
        "short_term_average": 57546
    }, 
    {
        "date": "2011-10-31", 
        "operating_revenue": 66089, 
        "accumulated_operating_revenue": 123635, 
        "long_term_average": 61817, 
        "short_term_average": 61817
    }, 
    {
        "date": "2011-11-30", 
        "operating_revenue": 61394, 
        "accumulated_operating_revenue": 185029, 
        "long_term_average": 61676, 
        "short_term_average": 61676
    }, 
    {
        "date": "2011-12-31", 
        "operating_revenue": 70083, 
        "accumulated_operating_revenue": 255112, 
        "long_term_average": 63778, 
        "short_term_average": 65855
    }, 
    {
        "date": "2012-01-31", 
        "operating_revenue": 32805, 
        "accumulated_operating_revenue": 32805, 
        "long_term_average": 57583, 
        "short_term_average": 54760
    }, 
    {
        "date": "2012-02-29", 
        "operating_revenue": 57631, 
        "accumulated_operating_revenue": 90436, 
        "long_term_average": 57591, 
        "short_term_average": 53506
    }, 
    {
        "date": "2012-03-31", 
        "operating_revenue": 73206, 
        "accumulated_operating_revenue": 163642, 
        "long_term_average": 59822, 
        "short_term_average": 54547
    }, 
    {
        "date": "2012-04-30", 
        "operating_revenue": 71843, 
        "accumulated_operating_revenue": 235485, 
        "long_term_average": 61324, 
        "short_term_average": 67560
    }, 
    {
        "date": "2012-05-31", 
        "operating_revenue": 59293, 
        "accumulated_operating_revenue": 294778, 
        "long_term_average": 61098, 
        "short_term_average": 68114
    }, 
    {
        "date": "2012-06-30", 
        "operating_revenue": 49425, 
        "accumulated_operating_revenue": 344203, 
        "long_term_average": 59931, 
        "short_term_average": 60187
    }, 
    {
        "date": "2012-07-31", 
        "operating_revenue": 64712, 
        "accumulated_operating_revenue": 408915, 
        "long_term_average": 60366, 
        "short_term_average": 57810
    }, 
    {
        "date": "2012-08-31", 
        "operating_revenue": 75448, 
        "accumulated_operating_revenue": 484363, 
        "long_term_average": 61622, 
        "short_term_average": 63195
    }, 
    {
        "accumulated_operating_revenue_yoy": 844.3749348347408, 
        "accumulated_operating_revenue": 543450, 
        "long_term_average": 61751, 
        "date": "2012-09-30", 
        "operating_revenue": 59087, 
        "short_term_average": 66415
    }, 
    {
        "accumulated_operating_revenue_yoy": 387.3522869737534, 
        "accumulated_operating_revenue": 602538, 
        "long_term_average": 61167, 
        "date": "2012-10-31", 
        "operating_revenue": 59088, 
        "short_term_average": 64541
    }, 
    {
        "accumulated_operating_revenue_yoy": 261.3055250798523, 
        "accumulated_operating_revenue": 668520, 
        "long_term_average": 61550, 
        "date": "2012-11-30", 
        "operating_revenue": 65982, 
        "short_term_average": 61385
    }, 
    {
        "accumulated_operating_revenue_yoy": 195.85044999843205, 
        "accumulated_operating_revenue": 754750, 
        "long_term_average": 62895, 
        "date": "2012-12-31", 
        "operating_revenue": 86230, 
        "short_term_average": 70433
    }, 
    {
        "accumulated_operating_revenue_yoy": 45.80094497789971, 
        "accumulated_operating_revenue": 47830, 
        "long_term_average": 64147, 
        "date": "2013-01-31", 
        "operating_revenue": 47830, 
        "short_term_average": 66680
    }, 
    {
        "accumulated_operating_revenue_yoy": -0.613693661816091, 
        "accumulated_operating_revenue": 89881, 
        "long_term_average": 62849, 
        "date": "2013-02-28", 
        "operating_revenue": 42051, 
        "short_term_average": 58703
    }, 
    {
        "accumulated_operating_revenue_yoy": -15.925618117598173, 
        "accumulated_operating_revenue": 137581, 
        "long_term_average": 60724, 
        "date": "2013-03-31", 
        "operating_revenue": 47700, 
        "short_term_average": 45860
    }, 
    {
        "accumulated_operating_revenue_yoy": -16.5526466653927, 
        "accumulated_operating_revenue": 196506, 
        "long_term_average": 59647, 
        "date": "2013-04-30", 
        "operating_revenue": 58925, 
        "short_term_average": 49558
    }, 
    {
        "accumulated_operating_revenue_yoy": -15.601571352000487, 
        "accumulated_operating_revenue": 248788, 
        "long_term_average": 59063, 
        "date": "2013-05-31", 
        "operating_revenue": 52282, 
        "short_term_average": 52969
    }, 
    {
        "accumulated_operating_revenue_yoy": -14.47488836529606, 
        "accumulated_operating_revenue": 294380, 
        "long_term_average": 58743, 
        "date": "2013-06-30", 
        "operating_revenue": 45592, 
        "short_term_average": 52266
    }, 
    {
        "accumulated_operating_revenue_yoy": -14.335742146900946, 
        "accumulated_operating_revenue": 350294, 
        "long_term_average": 58010, 
        "date": "2013-07-31", 
        "operating_revenue": 55914, 
        "short_term_average": 51262
    }, 
    {
        "accumulated_operating_revenue_yoy": -15.93928520551735, 
        "accumulated_operating_revenue": 407159, 
        "long_term_average": 56462, 
        "date": "2013-08-31", 
        "operating_revenue": 56865, 
        "short_term_average": 52790
    }, 
    {
        "accumulated_operating_revenue_yoy": -12.38862820866685, 
        "accumulated_operating_revenue": 476124, 
        "long_term_average": 57285, 
        "date": "2013-09-30", 
        "operating_revenue": 68965, 
        "short_term_average": 60581
    }, 
    {
        "accumulated_operating_revenue_yoy": -7.450318486136974, 
        "accumulated_operating_revenue": 557647, 
        "long_term_average": 59154, 
        "date": "2013-10-31", 
        "operating_revenue": 81523, 
        "short_term_average": 69117
    }, 
    {
        "accumulated_operating_revenue_yoy": -7.0760785017650925, 
        "accumulated_operating_revenue": 621215, 
        "long_term_average": 58953, 
        "date": "2013-11-30", 
        "operating_revenue": 63568, 
        "short_term_average": 71352
    }, 
    {
        "accumulated_operating_revenue_yoy": -9.574958595561444, 
        "accumulated_operating_revenue": 682483, 
        "long_term_average": 56873, 
        "date": "2013-12-31", 
        "operating_revenue": 61268, 
        "short_term_average": 68786
    }, 
    {
        "accumulated_operating_revenue_yoy": 8.007526656909889, 
        "accumulated_operating_revenue": 51660, 
        "long_term_average": 57192, 
        "date": "2014-01-31", 
        "operating_revenue": 51660, 
        "short_term_average": 58832
    }, 
    {
        "accumulated_operating_revenue_yoy": 4.319044069380626, 
        "accumulated_operating_revenue": 93763, 
        "long_term_average": 57197, 
        "date": "2014-02-28", 
        "operating_revenue": 42103, 
        "short_term_average": 51677
    }, 
    {
        "accumulated_operating_revenue_yoy": 13.818041735414047, 
        "accumulated_operating_revenue": 156592, 
        "long_term_average": 58457, 
        "date": "2014-03-31", 
        "operating_revenue": 62829, 
        "short_term_average": 52197
    }, 
    {
        "accumulated_operating_revenue_yoy": 12.204716395428129, 
        "accumulated_operating_revenue": 220489, 
        "long_term_average": 58872, 
        "date": "2014-04-30", 
        "operating_revenue": 63897, 
        "short_term_average": 56276
    }, 
    {
        "accumulated_operating_revenue_yoy": 9.521359551103751, 
        "accumulated_operating_revenue": 272476, 
        "long_term_average": 58847, 
        "date": "2014-05-31", 
        "operating_revenue": 51987, 
        "short_term_average": 59571
    }, 
    {
        "accumulated_operating_revenue_yoy": 15.230314559413003, 
        "accumulated_operating_revenue": 339215, 
        "long_term_average": 60609, 
        "date": "2014-06-30", 
        "operating_revenue": 66739, 
        "short_term_average": 60874
    }, 
    {
        "accumulated_operating_revenue_yoy": 14.596310527728138, 
        "accumulated_operating_revenue": 401424, 
        "long_term_average": 61134, 
        "date": "2014-07-31", 
        "operating_revenue": 62209, 
        "short_term_average": 60311
    }, 
    {
        "accumulated_operating_revenue_yoy": 16.12637814711206, 
        "accumulated_operating_revenue": 472819, 
        "long_term_average": 62345, 
        "date": "2014-08-31", 
        "operating_revenue": 71395, 
        "short_term_average": 66781
    }, 
    {
        "accumulated_operating_revenue_yoy": 14.258050423839169, 
        "accumulated_operating_revenue": 544010, 
        "long_term_average": 62530, 
        "date": "2014-09-30", 
        "operating_revenue": 71191, 
        "short_term_average": 68265
    }, 
    {
        "accumulated_operating_revenue_yoy": 10.095633976332698, 
        "accumulated_operating_revenue": 613945, 
        "long_term_average": 61565, 
        "date": "2014-10-31", 
        "operating_revenue": 69935, 
        "short_term_average": 70840
    }, 
    {
        "accumulated_operating_revenue_yoy": 9.389502829133232, 
        "accumulated_operating_revenue": 679544, 
        "long_term_average": 61734, 
        "date": "2014-11-30", 
        "operating_revenue": 65599, 
        "short_term_average": 68908
    }, 
    {
        "accumulated_operating_revenue_yoy": 11.500799287308256, 
        "accumulated_operating_revenue": 760974, 
        "long_term_average": 63414, 
        "date": "2014-12-31", 
        "operating_revenue": 81430, 
        "short_term_average": 72321
    }, 
    {
        "accumulated_operating_revenue_yoy": 49.53348819202478, 
        "accumulated_operating_revenue": 77249, 
        "long_term_average": 65546, 
        "date": "2015-01-31", 
        "operating_revenue": 77249, 
        "short_term_average": 74759
    }, 
    {
        "accumulated_operating_revenue_yoy": 28.8109382165673, 
        "accumulated_operating_revenue": 120777, 
        "long_term_average": 65665, 
        "date": "2015-02-28", 
        "operating_revenue": 43528, 
        "short_term_average": 67402
    }, 
    {
        "accumulated_operating_revenue_yoy": 33.46211811586799, 
        "accumulated_operating_revenue": 208991, 
        "long_term_average": 67781, 
        "date": "2015-03-31", 
        "operating_revenue": 88214, 
        "short_term_average": 69663
    }, 
    {
        "accumulated_operating_revenue_yoy": 28.310255840427413, 
        "accumulated_operating_revenue": 282910, 
        "long_term_average": 68616, 
        "date": "2015-04-30", 
        "operating_revenue": 73919, 
        "short_term_average": 68553
    }, 
    {
        "accumulated_operating_revenue_yoy": 31.890515127937874, 
        "accumulated_operating_revenue": 359370, 
        "long_term_average": 70655, 
        "date": "2015-05-31", 
        "operating_revenue": 76460, 
        "short_term_average": 79531
    }, 
    {
        "accumulated_operating_revenue_yoy": 28.01438615627257, 
        "accumulated_operating_revenue": 434244, 
        "long_term_average": 71333, 
        "date": "2015-06-30", 
        "operating_revenue": 74874, 
        "short_term_average": 75084
    }, 
    {
        "accumulated_operating_revenue_yoy": 28.09174339351907, 
        "accumulated_operating_revenue": 514191, 
        "long_term_average": 72811, 
        "date": "2015-07-31", 
        "operating_revenue": 79947, 
        "short_term_average": 77093
    }, 
    {
        "accumulated_operating_revenue_yoy": 23.979789306267303, 
        "accumulated_operating_revenue": 586200, 
        "long_term_average": 72862, 
        "date": "2015-08-31", 
        "operating_revenue": 72009, 
        "short_term_average": 75610
    }, 
    {
        "accumulated_operating_revenue_yoy": 21.872943512067796, 
        "accumulated_operating_revenue": 663001, 
        "long_term_average": 73330, 
        "date": "2015-09-30", 
        "operating_revenue": 76801, 
        "short_term_average": 76252
    }
]