[
    {
        "date": "2012-01-31", 
        "operating_revenue": 21228, 
        "accumulated_operating_revenue": 21228, 
        "long_term_average": 21228, 
        "short_term_average": 21228
    }, 
    {
        "date": "2012-02-29", 
        "operating_revenue": 27667, 
        "accumulated_operating_revenue": 48895, 
        "long_term_average": 24447, 
        "short_term_average": 24447
    }, 
    {
        "date": "2012-03-31", 
        "operating_revenue": 52096, 
        "accumulated_operating_revenue": 100991, 
        "long_term_average": 33663, 
        "short_term_average": 33663
    }, 
    {
        "date": "2012-04-30", 
        "operating_revenue": 30091, 
        "accumulated_operating_revenue": 131082, 
        "long_term_average": 32770, 
        "short_term_average": 36618
    }, 
    {
        "date": "2012-05-31", 
        "operating_revenue": 39725, 
        "accumulated_operating_revenue": 170807, 
        "long_term_average": 34161, 
        "short_term_average": 40637
    }, 
    {
        "date": "2012-06-30", 
        "operating_revenue": 58624, 
        "accumulated_operating_revenue": 229431, 
        "long_term_average": 38238, 
        "short_term_average": 42813
    }, 
    {
        "date": "2012-07-31", 
        "operating_revenue": 36938, 
        "accumulated_operating_revenue": 266369, 
        "long_term_average": 38052, 
        "short_term_average": 45095
    }, 
    {
        "date": "2012-08-31", 
        "operating_revenue": 39369, 
        "accumulated_operating_revenue": 305738, 
        "long_term_average": 38217, 
        "short_term_average": 44977
    }, 
    {
        "date": "2012-09-30", 
        "operating_revenue": 36559, 
        "accumulated_operating_revenue": 342297, 
        "long_term_average": 38033, 
        "short_term_average": 37622
    }, 
    {
        "date": "2012-10-31", 
        "operating_revenue": 46548, 
        "accumulated_operating_revenue": 388845, 
        "long_term_average": 38884, 
        "short_term_average": 40825
    }, 
    {
        "date": "2012-11-30", 
        "operating_revenue": 41230, 
        "accumulated_operating_revenue": 430075, 
        "long_term_average": 39097, 
        "short_term_average": 41445
    }, 
    {
        "date": "2012-12-31", 
        "operating_revenue": 39951, 
        "accumulated_operating_revenue": 470026, 
        "long_term_average": 39168, 
        "short_term_average": 42576
    }, 
    {
        "accumulated_operating_revenue_yoy": 53.01017524024873, 
        "accumulated_operating_revenue": 32481, 
        "long_term_average": 40106, 
        "date": "2013-01-31", 
        "operating_revenue": 32481, 
        "short_term_average": 37887
    }, 
    {
        "accumulated_operating_revenue_yoy": 20.21883628182841, 
        "accumulated_operating_revenue": 58781, 
        "long_term_average": 39992, 
        "date": "2013-02-28", 
        "operating_revenue": 26300, 
        "short_term_average": 32910
    }, 
    {
        "accumulated_operating_revenue_yoy": 17.4589814934004, 
        "accumulated_operating_revenue": 118623, 
        "long_term_average": 40638, 
        "date": "2013-03-31", 
        "operating_revenue": 59842, 
        "short_term_average": 39541
    }, 
    {
        "accumulated_operating_revenue_yoy": 21.995392197250577, 
        "accumulated_operating_revenue": 159914, 
        "long_term_average": 41571, 
        "date": "2013-04-30", 
        "operating_revenue": 41291, 
        "short_term_average": 42477
    }, 
    {
        "accumulated_operating_revenue_yoy": 18.893253789364607, 
        "accumulated_operating_revenue": 203078, 
        "long_term_average": 41858, 
        "date": "2013-05-31", 
        "operating_revenue": 43164, 
        "short_term_average": 48099
    }, 
    {
        "accumulated_operating_revenue_yoy": 10.033081841599435, 
        "accumulated_operating_revenue": 252450, 
        "long_term_average": 41087, 
        "date": "2013-06-30", 
        "operating_revenue": 49372, 
        "short_term_average": 44609
    }, 
    {
        "accumulated_operating_revenue_yoy": 10.77039745616044, 
        "accumulated_operating_revenue": 295058, 
        "long_term_average": 41559, 
        "date": "2013-07-31", 
        "operating_revenue": 42608, 
        "short_term_average": 45048
    }, 
    {
        "accumulated_operating_revenue_yoy": 10.59436510999614, 
        "accumulated_operating_revenue": 338129, 
        "long_term_average": 41868, 
        "date": "2013-08-31", 
        "operating_revenue": 43071, 
        "short_term_average": 45017
    }, 
    {
        "accumulated_operating_revenue_yoy": 13.458779948407376, 
        "accumulated_operating_revenue": 388366, 
        "long_term_average": 43007, 
        "date": "2013-09-30", 
        "operating_revenue": 50237, 
        "short_term_average": 45305
    }, 
    {
        "accumulated_operating_revenue_yoy": 11.321734881508055, 
        "accumulated_operating_revenue": 432869, 
        "long_term_average": 42837, 
        "date": "2013-10-31", 
        "operating_revenue": 44503, 
        "short_term_average": 45937
    }, 
    {
        "accumulated_operating_revenue_yoy": 11.503574957856188, 
        "accumulated_operating_revenue": 479549, 
        "long_term_average": 43291, 
        "date": "2013-11-30", 
        "operating_revenue": 46680, 
        "short_term_average": 47140
    }, 
    {
        "accumulated_operating_revenue_yoy": 12.539944598809427, 
        "accumulated_operating_revenue": 528967, 
        "long_term_average": 44080, 
        "date": "2013-12-31", 
        "operating_revenue": 49418, 
        "short_term_average": 46867
    }, 
    {
        "accumulated_operating_revenue_yoy": 12.016255657153414, 
        "accumulated_operating_revenue": 36384, 
        "long_term_average": 44405, 
        "date": "2014-01-31", 
        "operating_revenue": 36384, 
        "short_term_average": 44160
    }, 
    {
        "accumulated_operating_revenue_yoy": 12.163794423368095, 
        "accumulated_operating_revenue": 65931, 
        "long_term_average": 44676, 
        "date": "2014-02-28", 
        "operating_revenue": 29547, 
        "short_term_average": 38449
    }, 
    {
        "accumulated_operating_revenue_yoy": -1.7306930359205213, 
        "accumulated_operating_revenue": 116570, 
        "long_term_average": 43909, 
        "date": "2014-03-31", 
        "operating_revenue": 50639, 
        "short_term_average": 38856
    }, 
    {
        "accumulated_operating_revenue_yoy": 1.6465099991245296, 
        "accumulated_operating_revenue": 162547, 
        "long_term_average": 44300, 
        "date": "2014-04-30", 
        "operating_revenue": 45977, 
        "short_term_average": 42054
    }, 
    {
        "accumulated_operating_revenue_yoy": 1.2423797752587677, 
        "accumulated_operating_revenue": 205601, 
        "long_term_average": 44290, 
        "date": "2014-05-31", 
        "operating_revenue": 43054, 
        "short_term_average": 46556
    }, 
    {
        "accumulated_operating_revenue_yoy": 2.5208952267775797, 
        "accumulated_operating_revenue": 258814, 
        "long_term_average": 44610, 
        "date": "2014-06-30", 
        "operating_revenue": 53213, 
        "short_term_average": 47414
    }, 
    {
        "accumulated_operating_revenue_yoy": 0.768662432470904, 
        "accumulated_operating_revenue": 297326, 
        "long_term_average": 44269, 
        "date": "2014-07-31", 
        "operating_revenue": 38512, 
        "short_term_average": 44926
    }, 
    {
        "accumulated_operating_revenue_yoy": -1.9610858577643446, 
        "accumulated_operating_revenue": 331498, 
        "long_term_average": 43528, 
        "date": "2014-08-31", 
        "operating_revenue": 34172, 
        "short_term_average": 41965
    }, 
    {
        "accumulated_operating_revenue_yoy": -3.6241586544651176, 
        "accumulated_operating_revenue": 374291, 
        "long_term_average": 42907, 
        "date": "2014-09-30", 
        "operating_revenue": 42793, 
        "short_term_average": 38492
    }, 
    {
        "accumulated_operating_revenue_yoy": -3.7147497279777486, 
        "accumulated_operating_revenue": 416789, 
        "long_term_average": 42740, 
        "date": "2014-10-31", 
        "operating_revenue": 42498, 
        "short_term_average": 39821
    }, 
    {
        "accumulated_operating_revenue_yoy": -4.185390856825893, 
        "accumulated_operating_revenue": 459478, 
        "long_term_average": 42408, 
        "date": "2014-11-30", 
        "operating_revenue": 42689, 
        "short_term_average": 42660
    }, 
    {
        "accumulated_operating_revenue_yoy": 0.8191437273024593, 
        "accumulated_operating_revenue": 533300, 
        "long_term_average": 44441, 
        "date": "2014-12-31", 
        "operating_revenue": 73822, 
        "short_term_average": 53003
    }, 
    {
        "accumulated_operating_revenue_yoy": 11.452836411609498, 
        "accumulated_operating_revenue": 40551, 
        "long_term_average": 44788, 
        "date": "2015-01-31", 
        "operating_revenue": 40551, 
        "short_term_average": 52354
    }, 
    {
        "accumulated_operating_revenue_yoy": -0.024267795119139707, 
        "accumulated_operating_revenue": 65915, 
        "long_term_average": 44440, 
        "date": "2015-02-28", 
        "operating_revenue": 25364, 
        "short_term_average": 46579
    }, 
    {
        "accumulated_operating_revenue_yoy": -5.92605301535558, 
        "accumulated_operating_revenue": 109662, 
        "long_term_average": 43866, 
        "date": "2015-03-31", 
        "operating_revenue": 43747, 
        "short_term_average": 36554
    }, 
    {
        "accumulated_operating_revenue_yoy": -5.9515094095861505, 
        "accumulated_operating_revenue": 152873, 
        "long_term_average": 43635, 
        "date": "2015-04-30", 
        "operating_revenue": 43211, 
        "short_term_average": 37440
    }, 
    {
        "accumulated_operating_revenue_yoy": -6.52136905948901, 
        "accumulated_operating_revenue": 192193, 
        "long_term_average": 43324, 
        "date": "2015-05-31", 
        "operating_revenue": 39320, 
        "short_term_average": 42092
    }, 
    {
        "accumulated_operating_revenue_yoy": -3.5732224686454366, 
        "accumulated_operating_revenue": 249566, 
        "long_term_average": 43671, 
        "date": "2015-06-30", 
        "operating_revenue": 57373, 
        "short_term_average": 46634
    }, 
    {
        "accumulated_operating_revenue_yoy": -2.071799977129481, 
        "accumulated_operating_revenue": 291166, 
        "long_term_average": 43928, 
        "date": "2015-07-31", 
        "operating_revenue": 41600, 
        "short_term_average": 46097
    }, 
    {
        "accumulated_operating_revenue_yoy": 0.39366753343911576, 
        "accumulated_operating_revenue": 332803, 
        "long_term_average": 44550, 
        "date": "2015-08-31", 
        "operating_revenue": 41637, 
        "short_term_average": 46870
    }
]