[
    {
        "date": "2012-01-31", 
        "operating_revenue": 13690, 
        "accumulated_operating_revenue": 13690, 
        "long_term_average": 13690, 
        "short_term_average": 13690
    }, 
    {
        "date": "2012-02-29", 
        "operating_revenue": 33136, 
        "accumulated_operating_revenue": 46826, 
        "long_term_average": 23413, 
        "short_term_average": 23413
    }, 
    {
        "date": "2012-03-31", 
        "operating_revenue": 45053, 
        "accumulated_operating_revenue": 91879, 
        "long_term_average": 30626, 
        "short_term_average": 30626
    }, 
    {
        "date": "2012-04-30", 
        "operating_revenue": 46076, 
        "accumulated_operating_revenue": 137955, 
        "long_term_average": 34488, 
        "short_term_average": 41421
    }, 
    {
        "date": "2012-05-31", 
        "operating_revenue": 42987, 
        "accumulated_operating_revenue": 180942, 
        "long_term_average": 36188, 
        "short_term_average": 44705
    }, 
    {
        "date": "2012-06-30", 
        "operating_revenue": 37107, 
        "accumulated_operating_revenue": 218049, 
        "long_term_average": 36341, 
        "short_term_average": 42056
    }, 
    {
        "date": "2012-07-31", 
        "operating_revenue": 35093, 
        "accumulated_operating_revenue": 253142, 
        "long_term_average": 36163, 
        "short_term_average": 38395
    }, 
    {
        "date": "2012-08-31", 
        "operating_revenue": 35424, 
        "accumulated_operating_revenue": 288566, 
        "long_term_average": 36070, 
        "short_term_average": 35874
    }, 
    {
        "date": "2012-09-30", 
        "operating_revenue": 42277, 
        "accumulated_operating_revenue": 330843, 
        "long_term_average": 36760, 
        "short_term_average": 37598
    }, 
    {
        "date": "2012-10-31", 
        "operating_revenue": 46287, 
        "accumulated_operating_revenue": 377130, 
        "long_term_average": 37713, 
        "short_term_average": 41329
    }, 
    {
        "date": "2012-11-30", 
        "operating_revenue": 45137, 
        "accumulated_operating_revenue": 422267, 
        "long_term_average": 38387, 
        "short_term_average": 44567
    }, 
    {
        "date": "2012-12-31", 
        "operating_revenue": 43941, 
        "accumulated_operating_revenue": 466208, 
        "long_term_average": 38850, 
        "short_term_average": 45121
    }, 
    {
        "accumulated_operating_revenue_yoy": 180.98612125639153, 
        "accumulated_operating_revenue": 38467, 
        "long_term_average": 40915, 
        "date": "2013-01-31", 
        "operating_revenue": 38467, 
        "short_term_average": 42515
    }, 
    {
        "accumulated_operating_revenue_yoy": 44.55857856746252, 
        "accumulated_operating_revenue": 67691, 
        "long_term_average": 40589, 
        "date": "2013-02-28", 
        "operating_revenue": 29224, 
        "short_term_average": 37210
    }, 
    {
        "accumulated_operating_revenue_yoy": 19.187191850150743, 
        "accumulated_operating_revenue": 109508, 
        "long_term_average": 40319, 
        "date": "2013-03-31", 
        "operating_revenue": 41817, 
        "short_term_average": 36502
    }, 
    {
        "accumulated_operating_revenue_yoy": 22.753071653800152, 
        "accumulated_operating_revenue": 169344, 
        "long_term_average": 41466, 
        "date": "2013-04-30", 
        "operating_revenue": 59836, 
        "short_term_average": 43625
    }, 
    {
        "accumulated_operating_revenue_yoy": 26.158105912391814, 
        "accumulated_operating_revenue": 228273, 
        "long_term_average": 42794, 
        "date": "2013-05-31", 
        "operating_revenue": 58929, 
        "short_term_average": 53527
    }, 
    {
        "accumulated_operating_revenue_yoy": 24.371127590587438, 
        "accumulated_operating_revenue": 271190, 
        "long_term_average": 43279, 
        "date": "2013-06-30", 
        "operating_revenue": 42917, 
        "short_term_average": 53894
    }, 
    {
        "accumulated_operating_revenue_yoy": 23.920171287261695, 
        "accumulated_operating_revenue": 313694, 
        "long_term_average": 43896, 
        "date": "2013-07-31", 
        "operating_revenue": 42504, 
        "short_term_average": 48116
    }, 
    {
        "accumulated_operating_revenue_yoy": 22.964936964160714, 
        "accumulated_operating_revenue": 354835, 
        "long_term_average": 44373, 
        "date": "2013-08-31", 
        "operating_revenue": 41141, 
        "short_term_average": 42187
    }, 
    {
        "accumulated_operating_revenue_yoy": 20.03518285108042, 
        "accumulated_operating_revenue": 397128, 
        "long_term_average": 44374, 
        "date": "2013-09-30", 
        "operating_revenue": 42293, 
        "short_term_average": 41979
    }, 
    {
        "accumulated_operating_revenue_yoy": 17.977355288627265, 
        "accumulated_operating_revenue": 444928, 
        "long_term_average": 44500, 
        "date": "2013-10-31", 
        "operating_revenue": 47800, 
        "short_term_average": 43744
    }, 
    {
        "accumulated_operating_revenue_yoy": 16.849528852598, 
        "accumulated_operating_revenue": 493417, 
        "long_term_average": 44779, 
        "date": "2013-11-30", 
        "operating_revenue": 48489, 
        "short_term_average": 46194
    }, 
    {
        "accumulated_operating_revenue_yoy": 16.892245521312375, 
        "accumulated_operating_revenue": 544961, 
        "long_term_average": 45413, 
        "date": "2013-12-31", 
        "operating_revenue": 51544, 
        "short_term_average": 49277
    }, 
    {
        "accumulated_operating_revenue_yoy": 9.538045597525151, 
        "accumulated_operating_revenue": 42136, 
        "long_term_average": 45719, 
        "date": "2014-01-31", 
        "operating_revenue": 42136, 
        "short_term_average": 47389
    }, 
    {
        "accumulated_operating_revenue_yoy": 6.681833626331418, 
        "accumulated_operating_revenue": 72214, 
        "long_term_average": 45790, 
        "date": "2014-02-28", 
        "operating_revenue": 30078, 
        "short_term_average": 41252
    }, 
    {
        "accumulated_operating_revenue_yoy": 6.862512327866457, 
        "accumulated_operating_revenue": 117023, 
        "long_term_average": 46039, 
        "date": "2014-03-31", 
        "operating_revenue": 44809, 
        "short_term_average": 39007
    }, 
    {
        "accumulated_operating_revenue_yoy": -1.3953845427059712, 
        "accumulated_operating_revenue": 166981, 
        "long_term_average": 45216, 
        "date": "2014-04-30", 
        "operating_revenue": 49958, 
        "short_term_average": 41615
    }, 
    {
        "accumulated_operating_revenue_yoy": -4.072316918777078, 
        "accumulated_operating_revenue": 218977, 
        "long_term_average": 44638, 
        "date": "2014-05-31", 
        "operating_revenue": 51996, 
        "short_term_average": 48921
    }, 
    {
        "accumulated_operating_revenue_yoy": -1.5797042663815037, 
        "accumulated_operating_revenue": 266906, 
        "long_term_average": 45056, 
        "date": "2014-06-30", 
        "operating_revenue": 47929, 
        "short_term_average": 49961
    }, 
    {
        "accumulated_operating_revenue_yoy": -2.040523567553093, 
        "accumulated_operating_revenue": 307293, 
        "long_term_average": 44880, 
        "date": "2014-07-31", 
        "operating_revenue": 40387, 
        "short_term_average": 46770
    }, 
    {
        "accumulated_operating_revenue_yoy": -2.000648188594699, 
        "accumulated_operating_revenue": 347736, 
        "long_term_average": 44821, 
        "date": "2014-08-31", 
        "operating_revenue": 40443, 
        "short_term_average": 42919
    }, 
    {
        "accumulated_operating_revenue_yoy": -0.5678269978445237, 
        "accumulated_operating_revenue": 394873, 
        "long_term_average": 45225, 
        "date": "2014-09-30", 
        "operating_revenue": 47137, 
        "short_term_average": 42655
    }, 
    {
        "accumulated_operating_revenue_yoy": -0.09709436133486767, 
        "accumulated_operating_revenue": 444496, 
        "long_term_average": 45377, 
        "date": "2014-10-31", 
        "operating_revenue": 49623, 
        "short_term_average": 45734
    }, 
    {
        "accumulated_operating_revenue_yoy": -0.14267850519945605, 
        "accumulated_operating_revenue": 492713, 
        "long_term_average": 45354, 
        "date": "2014-11-30", 
        "operating_revenue": 48217, 
        "short_term_average": 48325
    }, 
    {
        "accumulated_operating_revenue_yoy": 0.5148992313211405, 
        "accumulated_operating_revenue": 547767, 
        "long_term_average": 45647, 
        "date": "2014-12-31", 
        "operating_revenue": 55054, 
        "short_term_average": 50964
    }, 
    {
        "accumulated_operating_revenue_yoy": 8.531896715397759, 
        "accumulated_operating_revenue": 45731, 
        "long_term_average": 45946, 
        "date": "2015-01-31", 
        "operating_revenue": 45731, 
        "short_term_average": 49667
    }, 
    {
        "accumulated_operating_revenue_yoy": 2.7681612983631982, 
        "accumulated_operating_revenue": 74213, 
        "long_term_average": 45813, 
        "date": "2015-02-28", 
        "operating_revenue": 28482, 
        "short_term_average": 43089
    }, 
    {
        "accumulated_operating_revenue_yoy": 1.1638737684045017, 
        "accumulated_operating_revenue": 118385, 
        "long_term_average": 45760, 
        "date": "2015-03-31", 
        "operating_revenue": 44172, 
        "short_term_average": 39461
    }, 
    {
        "accumulated_operating_revenue_yoy": 3.20575394805397, 
        "accumulated_operating_revenue": 172334, 
        "long_term_average": 46093, 
        "date": "2015-04-30", 
        "operating_revenue": 53949, 
        "short_term_average": 42201
    }, 
    {
        "accumulated_operating_revenue_yoy": 2.2847148330646596, 
        "accumulated_operating_revenue": 223980, 
        "long_term_average": 46064, 
        "date": "2015-05-31", 
        "operating_revenue": 51646, 
        "short_term_average": 49922
    }, 
    {
        "accumulated_operating_revenue_yoy": -0.04945561358680584, 
        "accumulated_operating_revenue": 266774, 
        "long_term_average": 45636, 
        "date": "2015-06-30", 
        "operating_revenue": 42794, 
        "short_term_average": 49463
    }, 
    {
        "accumulated_operating_revenue_yoy": 0.11194527698320496, 
        "accumulated_operating_revenue": 307637, 
        "long_term_average": 45675, 
        "date": "2015-07-31", 
        "operating_revenue": 40863, 
        "short_term_average": 45101
    }, 
    {
        "accumulated_operating_revenue_yoy": 0.15155175190374306, 
        "accumulated_operating_revenue": 348263, 
        "long_term_average": 45691, 
        "date": "2015-08-31", 
        "operating_revenue": 40626, 
        "short_term_average": 41427
    }, 
    {
        "accumulated_operating_revenue_yoy": -0.8430558685957258, 
        "accumulated_operating_revenue": 391544, 
        "long_term_average": 45369, 
        "date": "2015-09-30", 
        "operating_revenue": 43281, 
        "short_term_average": 41590
    }
]