[
    {
        "date": "2011-09-30", 
        "operating_revenue": 34212, 
        "accumulated_operating_revenue": 34212, 
        "long_term_average": 34212, 
        "short_term_average": 34212
    }, 
    {
        "date": "2011-10-31", 
        "operating_revenue": 36642, 
        "accumulated_operating_revenue": 70854, 
        "long_term_average": 35427, 
        "short_term_average": 35427
    }, 
    {
        "date": "2011-11-30", 
        "operating_revenue": 15294, 
        "accumulated_operating_revenue": 86148, 
        "long_term_average": 28716, 
        "short_term_average": 28716
    }, 
    {
        "date": "2011-12-31", 
        "operating_revenue": 15730, 
        "accumulated_operating_revenue": 101878, 
        "long_term_average": 25469, 
        "short_term_average": 22555
    }, 
    {
        "date": "2012-01-31", 
        "operating_revenue": 10472, 
        "accumulated_operating_revenue": 10472, 
        "long_term_average": 22470, 
        "short_term_average": 13832
    }, 
    {
        "date": "2012-02-29", 
        "operating_revenue": 10901, 
        "accumulated_operating_revenue": 21373, 
        "long_term_average": 20541, 
        "short_term_average": 12367
    }, 
    {
        "date": "2012-03-31", 
        "operating_revenue": 83705, 
        "accumulated_operating_revenue": 105078, 
        "long_term_average": 29565, 
        "short_term_average": 35026
    }, 
    {
        "date": "2012-04-30", 
        "operating_revenue": 12257, 
        "accumulated_operating_revenue": 117335, 
        "long_term_average": 27401, 
        "short_term_average": 35621
    }, 
    {
        "date": "2012-05-31", 
        "operating_revenue": 18842, 
        "accumulated_operating_revenue": 136177, 
        "long_term_average": 26450, 
        "short_term_average": 38268
    }, 
    {
        "date": "2012-06-30", 
        "operating_revenue": 15537, 
        "accumulated_operating_revenue": 151714, 
        "long_term_average": 25359, 
        "short_term_average": 15545
    }, 
    {
        "date": "2012-07-31", 
        "operating_revenue": 15082, 
        "accumulated_operating_revenue": 166796, 
        "long_term_average": 24424, 
        "short_term_average": 16487
    }, 
    {
        "date": "2012-08-31", 
        "operating_revenue": 14644, 
        "accumulated_operating_revenue": 181440, 
        "long_term_average": 23609, 
        "short_term_average": 15087
    }, 
    {
        "accumulated_operating_revenue_yoy": 470.59803577692037, 
        "accumulated_operating_revenue": 195213, 
        "long_term_average": 21906, 
        "date": "2012-09-30", 
        "operating_revenue": 13773, 
        "short_term_average": 14499
    }, 
    {
        "accumulated_operating_revenue_yoy": 190.7034182967793, 
        "accumulated_operating_revenue": 205975, 
        "long_term_average": 19749, 
        "date": "2012-10-31", 
        "operating_revenue": 10762, 
        "short_term_average": 13059
    }, 
    {
        "accumulated_operating_revenue_yoy": 155.9699586757673, 
        "accumulated_operating_revenue": 220513, 
        "long_term_average": 19686, 
        "date": "2012-11-30", 
        "operating_revenue": 14538, 
        "short_term_average": 13024
    }, 
    {
        "accumulated_operating_revenue_yoy": 128.5478709829404, 
        "accumulated_operating_revenue": 232840, 
        "long_term_average": 19403, 
        "date": "2012-12-31", 
        "operating_revenue": 12327, 
        "short_term_average": 12542
    }, 
    {
        "accumulated_operating_revenue_yoy": 17.48472116119175, 
        "accumulated_operating_revenue": 12303, 
        "long_term_average": 19555, 
        "date": "2013-01-31", 
        "operating_revenue": 12303, 
        "short_term_average": 13056
    }, 
    {
        "accumulated_operating_revenue_yoy": 2.400224582417068, 
        "accumulated_operating_revenue": 21886, 
        "long_term_average": 19446, 
        "date": "2013-02-28", 
        "operating_revenue": 9583, 
        "short_term_average": 11404
    }, 
    {
        "accumulated_operating_revenue_yoy": -66.80180437389367, 
        "accumulated_operating_revenue": 34884, 
        "long_term_average": 13553, 
        "date": "2013-03-31", 
        "operating_revenue": 12998, 
        "short_term_average": 11628
    }, 
    {
        "accumulated_operating_revenue_yoy": -59.91392167724891, 
        "accumulated_operating_revenue": 47035, 
        "long_term_average": 13545, 
        "date": "2013-04-30", 
        "operating_revenue": 12151, 
        "short_term_average": 11577
    }, 
    {
        "accumulated_operating_revenue_yoy": -41.86903809013269, 
        "accumulated_operating_revenue": 79161, 
        "long_term_average": 14652, 
        "date": "2013-05-31", 
        "operating_revenue": 32126, 
        "short_term_average": 19091
    }, 
    {
        "accumulated_operating_revenue_yoy": -38.201484371910304, 
        "accumulated_operating_revenue": 93757, 
        "long_term_average": 14573, 
        "date": "2013-06-30", 
        "operating_revenue": 14596, 
        "short_term_average": 19624
    }, 
    {
        "accumulated_operating_revenue_yoy": -34.42348737379793, 
        "accumulated_operating_revenue": 109379, 
        "long_term_average": 14618, 
        "date": "2013-07-31", 
        "operating_revenue": 15622, 
        "short_term_average": 20781
    }, 
    {
        "accumulated_operating_revenue_yoy": -33.31900352733686, 
        "accumulated_operating_revenue": 120986, 
        "long_term_average": 14365, 
        "date": "2013-08-31", 
        "operating_revenue": 11607, 
        "short_term_average": 13941
    }, 
    {
        "accumulated_operating_revenue_yoy": -29.474471474748093, 
        "accumulated_operating_revenue": 137675, 
        "long_term_average": 14608, 
        "date": "2013-09-30", 
        "operating_revenue": 16689, 
        "short_term_average": 14639
    }, 
    {
        "accumulated_operating_revenue_yoy": -26.07306711979609, 
        "accumulated_operating_revenue": 152271, 
        "long_term_average": 14928, 
        "date": "2013-10-31", 
        "operating_revenue": 14596, 
        "short_term_average": 14297
    }, 
    {
        "accumulated_operating_revenue_yoy": -26.159908939609, 
        "accumulated_operating_revenue": 162827, 
        "long_term_average": 14596, 
        "date": "2013-11-30", 
        "operating_revenue": 10556, 
        "short_term_average": 13947
    }, 
    {
        "accumulated_operating_revenue_yoy": -13.989864284487203, 
        "accumulated_operating_revenue": 200266, 
        "long_term_average": 16688, 
        "date": "2013-12-31", 
        "operating_revenue": 37439, 
        "short_term_average": 20863
    }, 
    {
        "accumulated_operating_revenue_yoy": 289.1246037551816, 
        "accumulated_operating_revenue": 47874, 
        "long_term_average": 19653, 
        "date": "2014-01-31", 
        "operating_revenue": 47874, 
        "short_term_average": 31956
    }, 
    {
        "accumulated_operating_revenue_yoy": 164.47957598464774, 
        "accumulated_operating_revenue": 57884, 
        "long_term_average": 19688, 
        "date": "2014-02-28", 
        "operating_revenue": 10010, 
        "short_term_average": 31774
    }, 
    {
        "accumulated_operating_revenue_yoy": 98.78454305698888, 
        "accumulated_operating_revenue": 69344, 
        "long_term_average": 19560, 
        "date": "2014-03-31", 
        "operating_revenue": 11460, 
        "short_term_average": 23114
    }, 
    {
        "accumulated_operating_revenue_yoy": 154.87615605400234, 
        "accumulated_operating_revenue": 119881, 
        "long_term_average": 22759, 
        "date": "2014-04-30", 
        "operating_revenue": 50537, 
        "short_term_average": 24002
    }, 
    {
        "accumulated_operating_revenue_yoy": 61.233435656446986, 
        "accumulated_operating_revenue": 127634, 
        "long_term_average": 20728, 
        "date": "2014-05-31", 
        "operating_revenue": 7753, 
        "short_term_average": 23250
    }, 
    {
        "accumulated_operating_revenue_yoy": 376.6673421717845, 
        "accumulated_operating_revenue": 446909, 
        "long_term_average": 46118, 
        "date": "2014-06-30", 
        "operating_revenue": 319275, 
        "short_term_average": 125855
    }, 
    {
        "accumulated_operating_revenue_yoy": 315.8577057753317, 
        "accumulated_operating_revenue": 454861, 
        "long_term_average": 45479, 
        "date": "2014-07-31", 
        "operating_revenue": 7952, 
        "short_term_average": 111660
    }, 
    {
        "accumulated_operating_revenue_yoy": 356.89005339460766, 
        "accumulated_operating_revenue": 552773, 
        "long_term_average": 52671, 
        "date": "2014-08-31", 
        "operating_revenue": 97912, 
        "short_term_average": 141713
    }, 
    {
        "accumulated_operating_revenue_yoy": 305.341565280552, 
        "accumulated_operating_revenue": 558054, 
        "long_term_average": 51720, 
        "date": "2014-09-30", 
        "operating_revenue": 5281, 
        "short_term_average": 37048
    }, 
    {
        "accumulated_operating_revenue_yoy": 285.01224790012543, 
        "accumulated_operating_revenue": 586262, 
        "long_term_average": 52854, 
        "date": "2014-10-31", 
        "operating_revenue": 28208, 
        "short_term_average": 43800
    }, 
    {
        "accumulated_operating_revenue_yoy": 265.5419555724788, 
        "accumulated_operating_revenue": 595201, 
        "long_term_average": 52720, 
        "date": "2014-11-30", 
        "operating_revenue": 8939, 
        "short_term_average": 14142
    }, 
    {
        "accumulated_operating_revenue_yoy": 201.45856011504696, 
        "accumulated_operating_revenue": 603719, 
        "long_term_average": 50309, 
        "date": "2014-12-31", 
        "operating_revenue": 8518, 
        "short_term_average": 15221
    }, 
    {
        "accumulated_operating_revenue_yoy": 215.4718636420604, 
        "accumulated_operating_revenue": 151029, 
        "long_term_average": 58906, 
        "date": "2015-01-31", 
        "operating_revenue": 151029, 
        "short_term_average": 56162
    }, 
    {
        "accumulated_operating_revenue_yoy": 413.1331628774791, 
        "accumulated_operating_revenue": 297022, 
        "long_term_average": 70238, 
        "date": "2015-02-28", 
        "operating_revenue": 145993, 
        "short_term_average": 101846
    }, 
    {
        "accumulated_operating_revenue_yoy": 811.6477272727274, 
        "accumulated_operating_revenue": 632173, 
        "long_term_average": 97212, 
        "date": "2015-03-31", 
        "operating_revenue": 335151, 
        "short_term_average": 210724
    }, 
    {
        "accumulated_operating_revenue_yoy": 597.1496734261476, 
        "accumulated_operating_revenue": 835750, 
        "long_term_average": 109965, 
        "date": "2015-04-30", 
        "operating_revenue": 203577, 
        "short_term_average": 228240
    }, 
    {
        "accumulated_operating_revenue_yoy": 825.1045959540562, 
        "accumulated_operating_revenue": 1180748, 
        "long_term_average": 138069, 
        "date": "2015-05-31", 
        "operating_revenue": 344998, 
        "short_term_average": 294575
    }, 
    {
        "accumulated_operating_revenue_yoy": 249.3100385089582, 
        "accumulated_operating_revenue": 1561098, 
        "long_term_average": 143159, 
        "date": "2015-06-30", 
        "operating_revenue": 380350, 
        "short_term_average": 309641
    }, 
    {
        "accumulated_operating_revenue_yoy": 276.54514236217216, 
        "accumulated_operating_revenue": 1712757, 
        "long_term_average": 155134, 
        "date": "2015-07-31", 
        "operating_revenue": 151659, 
        "short_term_average": 292335
    }, 
    {
        "accumulated_operating_revenue_yoy": 287.5326761618241, 
        "accumulated_operating_revenue": 2142176, 
        "long_term_average": 182760, 
        "date": "2015-08-31", 
        "operating_revenue": 429419, 
        "short_term_average": 320476
    }
]