[
    {
        "date": "2012-01-31", 
        "operating_revenue": 52075, 
        "accumulated_operating_revenue": 52075, 
        "long_term_average": 52075, 
        "short_term_average": 52075
    }, 
    {
        "date": "2012-02-29", 
        "operating_revenue": 83344, 
        "accumulated_operating_revenue": 135419, 
        "long_term_average": 67709, 
        "short_term_average": 67709
    }, 
    {
        "date": "2012-03-31", 
        "operating_revenue": 87249, 
        "accumulated_operating_revenue": 222668, 
        "long_term_average": 74222, 
        "short_term_average": 74222
    }, 
    {
        "date": "2012-04-30", 
        "operating_revenue": 83793, 
        "accumulated_operating_revenue": 306461, 
        "long_term_average": 76615, 
        "short_term_average": 84795
    }, 
    {
        "date": "2012-05-31", 
        "operating_revenue": 94553, 
        "accumulated_operating_revenue": 401014, 
        "long_term_average": 80202, 
        "short_term_average": 88531
    }, 
    {
        "date": "2012-06-30", 
        "operating_revenue": 107372, 
        "accumulated_operating_revenue": 508386, 
        "long_term_average": 84731, 
        "short_term_average": 95239
    }, 
    {
        "date": "2012-07-31", 
        "operating_revenue": 86378, 
        "accumulated_operating_revenue": 594764, 
        "long_term_average": 84966, 
        "short_term_average": 96101
    }, 
    {
        "date": "2012-08-31", 
        "operating_revenue": 79249, 
        "accumulated_operating_revenue": 674013, 
        "long_term_average": 84251, 
        "short_term_average": 90999
    }, 
    {
        "date": "2012-09-30", 
        "operating_revenue": 98987, 
        "accumulated_operating_revenue": 773000, 
        "long_term_average": 85888, 
        "short_term_average": 88204
    }, 
    {
        "date": "2012-10-31", 
        "operating_revenue": 80435, 
        "accumulated_operating_revenue": 853435, 
        "long_term_average": 85343, 
        "short_term_average": 86223
    }, 
    {
        "date": "2012-11-30", 
        "operating_revenue": 77290, 
        "accumulated_operating_revenue": 930725, 
        "long_term_average": 84611, 
        "short_term_average": 85570
    }, 
    {
        "date": "2012-12-31", 
        "operating_revenue": 89455, 
        "accumulated_operating_revenue": 1020180, 
        "long_term_average": 85015, 
        "short_term_average": 82393
    }, 
    {
        "accumulated_operating_revenue_yoy": 63.057129140662504, 
        "accumulated_operating_revenue": 84912, 
        "long_term_average": 87751, 
        "date": "2013-01-31", 
        "operating_revenue": 84912, 
        "short_term_average": 83885
    }, 
    {
        "accumulated_operating_revenue_yoy": 14.642701541142674, 
        "accumulated_operating_revenue": 155248, 
        "long_term_average": 86667, 
        "date": "2013-02-28", 
        "operating_revenue": 70336, 
        "short_term_average": 81567
    }, 
    {
        "accumulated_operating_revenue_yoy": 3.7841090771911543, 
        "accumulated_operating_revenue": 231094, 
        "long_term_average": 85717, 
        "date": "2013-03-31", 
        "operating_revenue": 75846, 
        "short_term_average": 77031
    }, 
    {
        "accumulated_operating_revenue_yoy": 1.480449388339789, 
        "accumulated_operating_revenue": 310998, 
        "long_term_average": 85393, 
        "date": "2013-04-30", 
        "operating_revenue": 79904, 
        "short_term_average": 75362
    }, 
    {
        "accumulated_operating_revenue_yoy": -0.1930107178303002, 
        "accumulated_operating_revenue": 400240, 
        "long_term_average": 84950, 
        "date": "2013-05-31", 
        "operating_revenue": 89242, 
        "short_term_average": 81664
    }, 
    {
        "accumulated_operating_revenue_yoy": -4.795175319540665, 
        "accumulated_operating_revenue": 484008, 
        "long_term_average": 82983, 
        "date": "2013-06-30", 
        "operating_revenue": 83768, 
        "short_term_average": 84304
    }, 
    {
        "accumulated_operating_revenue_yoy": -4.971047339785192, 
        "accumulated_operating_revenue": 565198, 
        "long_term_average": 82551, 
        "date": "2013-07-31", 
        "operating_revenue": 81190, 
        "short_term_average": 84733
    }, 
    {
        "accumulated_operating_revenue_yoy": -3.6837568414852537, 
        "accumulated_operating_revenue": 649184, 
        "long_term_average": 82945, 
        "date": "2013-08-31", 
        "operating_revenue": 83986, 
        "short_term_average": 82981
    }, 
    {
        "accumulated_operating_revenue_yoy": -8.761319534282018, 
        "accumulated_operating_revenue": 705275, 
        "long_term_average": 79371, 
        "date": "2013-09-30", 
        "operating_revenue": 56091, 
        "short_term_average": 73755
    }, 
    {
        "accumulated_operating_revenue_yoy": -10.438639146507937, 
        "accumulated_operating_revenue": 764348, 
        "long_term_average": 77591, 
        "date": "2013-10-31", 
        "operating_revenue": 59073, 
        "short_term_average": 66383
    }, 
    {
        "accumulated_operating_revenue_yoy": -11.23006258561874, 
        "accumulated_operating_revenue": 826204, 
        "long_term_average": 76304, 
        "date": "2013-11-30", 
        "operating_revenue": 61856, 
        "short_term_average": 59006
    }, 
    {
        "accumulated_operating_revenue_yoy": -11.940833970475799, 
        "accumulated_operating_revenue": 898362, 
        "long_term_average": 74863, 
        "date": "2013-12-31", 
        "operating_revenue": 72158, 
        "short_term_average": 64362
    }, 
    {
        "accumulated_operating_revenue_yoy": -11.054974561899378, 
        "accumulated_operating_revenue": 75525, 
        "long_term_average": 74081, 
        "date": "2014-01-31", 
        "operating_revenue": 75525, 
        "short_term_average": 69846
    }, 
    {
        "accumulated_operating_revenue_yoy": -12.775043800886325, 
        "accumulated_operating_revenue": 135415, 
        "long_term_average": 73210, 
        "date": "2014-02-28", 
        "operating_revenue": 59890, 
        "short_term_average": 69191
    }, 
    {
        "accumulated_operating_revenue_yoy": -10.586601123352402, 
        "accumulated_operating_revenue": 206629, 
        "long_term_average": 72824, 
        "date": "2014-03-31", 
        "operating_revenue": 71214, 
        "short_term_average": 68876
    }, 
    {
        "accumulated_operating_revenue_yoy": -12.977575418491439, 
        "accumulated_operating_revenue": 270638, 
        "long_term_average": 71500, 
        "date": "2014-04-30", 
        "operating_revenue": 64009, 
        "short_term_average": 65037
    }, 
    {
        "accumulated_operating_revenue_yoy": -17.97096741954827, 
        "accumulated_operating_revenue": 328313, 
        "long_term_average": 68869, 
        "date": "2014-05-31", 
        "operating_revenue": 57675, 
        "short_term_average": 64299
    }, 
    {
        "accumulated_operating_revenue_yoy": -16.659848597543842, 
        "accumulated_operating_revenue": 403373, 
        "long_term_average": 68143, 
        "date": "2014-06-30", 
        "operating_revenue": 75060, 
        "short_term_average": 65581
    }, 
    {
        "accumulated_operating_revenue_yoy": -16.564460596109683, 
        "accumulated_operating_revenue": 471576, 
        "long_term_average": 67061, 
        "date": "2014-07-31", 
        "operating_revenue": 68203, 
        "short_term_average": 66979
    }, 
    {
        "accumulated_operating_revenue_yoy": -18.00229210824666, 
        "accumulated_operating_revenue": 532316, 
        "long_term_average": 65124, 
        "date": "2014-08-31", 
        "operating_revenue": 60740, 
        "short_term_average": 68001
    }, 
    {
        "accumulated_operating_revenue_yoy": -15.85693523802772, 
        "accumulated_operating_revenue": 593440, 
        "long_term_average": 65543, 
        "date": "2014-09-30", 
        "operating_revenue": 61124, 
        "short_term_average": 63355
    }, 
    {
        "accumulated_operating_revenue_yoy": -15.802880363394683, 
        "accumulated_operating_revenue": 643559, 
        "long_term_average": 64797, 
        "date": "2014-10-31", 
        "operating_revenue": 50119, 
        "short_term_average": 57327
    }, 
    {
        "accumulated_operating_revenue_yoy": -15.518080280415006, 
        "accumulated_operating_revenue": 697993, 
        "long_term_average": 64179, 
        "date": "2014-11-30", 
        "operating_revenue": 54434, 
        "short_term_average": 55225
    }, 
    {
        "accumulated_operating_revenue_yoy": -15.085344215360847, 
        "accumulated_operating_revenue": 762841, 
        "long_term_average": 63570, 
        "date": "2014-12-31", 
        "operating_revenue": 64848, 
        "short_term_average": 56467
    }, 
    {
        "accumulated_operating_revenue_yoy": -39.60807679576299, 
        "accumulated_operating_revenue": 45611, 
        "long_term_average": 61077, 
        "date": "2015-01-31", 
        "operating_revenue": 45611, 
        "short_term_average": 54964
    }, 
    {
        "accumulated_operating_revenue_yoy": -30.79422515969427, 
        "accumulated_operating_revenue": 93715, 
        "long_term_average": 60095, 
        "date": "2015-02-28", 
        "operating_revenue": 48104, 
        "short_term_average": 52854
    }, 
    {
        "accumulated_operating_revenue_yoy": -22.025949890867206, 
        "accumulated_operating_revenue": 161117, 
        "long_term_average": 59777, 
        "date": "2015-03-31", 
        "operating_revenue": 67402, 
        "short_term_average": 53705
    }, 
    {
        "accumulated_operating_revenue_yoy": -17.60987001086322, 
        "accumulated_operating_revenue": 222979, 
        "long_term_average": 59598, 
        "date": "2015-04-30", 
        "operating_revenue": 61862, 
        "short_term_average": 59122
    }, 
    {
        "accumulated_operating_revenue_yoy": -8.137356729706104, 
        "accumulated_operating_revenue": 301597, 
        "long_term_average": 61343, 
        "date": "2015-05-31", 
        "operating_revenue": 78618, 
        "short_term_average": 69294
    }, 
    {
        "accumulated_operating_revenue_yoy": -9.170420429726333, 
        "accumulated_operating_revenue": 366382, 
        "long_term_average": 60487, 
        "date": "2015-06-30", 
        "operating_revenue": 64785, 
        "short_term_average": 68421
    }, 
    {
        "accumulated_operating_revenue_yoy": -9.153773728942948, 
        "accumulated_operating_revenue": 428409, 
        "long_term_average": 59972, 
        "date": "2015-07-31", 
        "operating_revenue": 62027, 
        "short_term_average": 68476
    }, 
    {
        "accumulated_operating_revenue_yoy": -8.96478783279105, 
        "accumulated_operating_revenue": 484595, 
        "long_term_average": 59593, 
        "date": "2015-08-31", 
        "operating_revenue": 56186, 
        "short_term_average": 60999
    }, 
    {
        "accumulated_operating_revenue_yoy": -7.923294688595309, 
        "accumulated_operating_revenue": 546420, 
        "long_term_average": 59651, 
        "date": "2015-09-30", 
        "operating_revenue": 61825, 
        "short_term_average": 60012
    }
]