[
    {
        "date": "2012-01-31", 
        "operating_revenue": 191671, 
        "accumulated_operating_revenue": 191671, 
        "long_term_average": 191671, 
        "short_term_average": 191671
    }, 
    {
        "date": "2012-02-29", 
        "operating_revenue": 179006, 
        "accumulated_operating_revenue": 370677, 
        "long_term_average": 185338, 
        "short_term_average": 185338
    }, 
    {
        "date": "2012-03-31", 
        "operating_revenue": 146631, 
        "accumulated_operating_revenue": 517308, 
        "long_term_average": 172436, 
        "short_term_average": 172436
    }, 
    {
        "date": "2012-04-30", 
        "operating_revenue": 195525, 
        "accumulated_operating_revenue": 712833, 
        "long_term_average": 178208, 
        "short_term_average": 173720
    }, 
    {
        "date": "2012-05-31", 
        "operating_revenue": 193821, 
        "accumulated_operating_revenue": 906654, 
        "long_term_average": 181330, 
        "short_term_average": 178659
    }, 
    {
        "date": "2012-06-30", 
        "operating_revenue": 196929, 
        "accumulated_operating_revenue": 1103583, 
        "long_term_average": 183930, 
        "short_term_average": 195425
    }, 
    {
        "date": "2012-07-31", 
        "operating_revenue": 204176, 
        "accumulated_operating_revenue": 1307759, 
        "long_term_average": 186822, 
        "short_term_average": 198308
    }, 
    {
        "date": "2012-08-31", 
        "operating_revenue": 178634, 
        "accumulated_operating_revenue": 1486393, 
        "long_term_average": 185799, 
        "short_term_average": 193246
    }, 
    {
        "date": "2012-09-30", 
        "operating_revenue": 173663, 
        "accumulated_operating_revenue": 1660056, 
        "long_term_average": 184450, 
        "short_term_average": 185491
    }, 
    {
        "date": "2012-10-31", 
        "operating_revenue": 164663, 
        "accumulated_operating_revenue": 1824719, 
        "long_term_average": 182471, 
        "short_term_average": 172320
    }, 
    {
        "date": "2012-11-30", 
        "operating_revenue": 158436, 
        "accumulated_operating_revenue": 1983155, 
        "long_term_average": 180286, 
        "short_term_average": 165587
    }, 
    {
        "date": "2012-12-31", 
        "operating_revenue": 136463, 
        "accumulated_operating_revenue": 2119618, 
        "long_term_average": 176634, 
        "short_term_average": 153187
    }, 
    {
        "accumulated_operating_revenue_yoy": -9.078055626568442, 
        "accumulated_operating_revenue": 174271, 
        "long_term_average": 175184, 
        "date": "2013-01-31", 
        "operating_revenue": 174271, 
        "short_term_average": 156390
    }, 
    {
        "accumulated_operating_revenue_yoy": -12.274837661899713, 
        "accumulated_operating_revenue": 325177, 
        "long_term_average": 172843, 
        "date": "2013-02-28", 
        "operating_revenue": 150906, 
        "short_term_average": 153880
    }, 
    {
        "accumulated_operating_revenue_yoy": -6.188962861583428, 
        "accumulated_operating_revenue": 485292, 
        "long_term_average": 173966, 
        "date": "2013-03-31", 
        "operating_revenue": 160115, 
        "short_term_average": 161764
    }, 
    {
        "accumulated_operating_revenue_yoy": -6.0627103402900815, 
        "accumulated_operating_revenue": 669616, 
        "long_term_average": 173033, 
        "date": "2013-04-30", 
        "operating_revenue": 184324, 
        "short_term_average": 165115
    }, 
    {
        "accumulated_operating_revenue_yoy": -6.556525422046337, 
        "accumulated_operating_revenue": 847209, 
        "long_term_average": 171681, 
        "date": "2013-05-31", 
        "operating_revenue": 177593, 
        "short_term_average": 174010
    }, 
    {
        "accumulated_operating_revenue_yoy": -5.891989999845956, 
        "accumulated_operating_revenue": 1038560, 
        "long_term_average": 171216, 
        "date": "2013-06-30", 
        "operating_revenue": 191351, 
        "short_term_average": 184422
    }, 
    {
        "accumulated_operating_revenue_yoy": -5.665875746219296, 
        "accumulated_operating_revenue": 1233663, 
        "long_term_average": 170460, 
        "date": "2013-07-31", 
        "operating_revenue": 195103, 
        "short_term_average": 188015
    }, 
    {
        "accumulated_operating_revenue_yoy": -3.487704799470934, 
        "accumulated_operating_revenue": 1434552, 
        "long_term_average": 172314, 
        "date": "2013-08-31", 
        "operating_revenue": 200889, 
        "short_term_average": 195781
    }, 
    {
        "accumulated_operating_revenue_yoy": -1.9077067279658035, 
        "accumulated_operating_revenue": 1628387, 
        "long_term_average": 173995, 
        "date": "2013-09-30", 
        "operating_revenue": 193835, 
        "short_term_average": 196609
    }, 
    {
        "accumulated_operating_revenue_yoy": -0.6070523735435429, 
        "accumulated_operating_revenue": 1813642, 
        "long_term_average": 175711, 
        "date": "2013-10-31", 
        "operating_revenue": 185255, 
        "short_term_average": 193326
    }, 
    {
        "accumulated_operating_revenue_yoy": 0.7388731591832206, 
        "accumulated_operating_revenue": 1997808, 
        "long_term_average": 177855, 
        "date": "2013-11-30", 
        "operating_revenue": 184166, 
        "short_term_average": 187752
    }, 
    {
        "accumulated_operating_revenue_yoy": 3.0273379448561015, 
        "accumulated_operating_revenue": 2183786, 
        "long_term_average": 181982, 
        "date": "2013-12-31", 
        "operating_revenue": 185978, 
        "short_term_average": 185133
    }, 
    {
        "accumulated_operating_revenue_yoy": 22.6010064784158, 
        "accumulated_operating_revenue": 213658, 
        "long_term_average": 185264, 
        "date": "2014-01-31", 
        "operating_revenue": 213658, 
        "short_term_average": 194600
    }, 
    {
        "accumulated_operating_revenue_yoy": 14.43306260897911, 
        "accumulated_operating_revenue": 372110, 
        "long_term_average": 185893, 
        "date": "2014-02-28", 
        "operating_revenue": 158452, 
        "short_term_average": 186029
    }, 
    {
        "accumulated_operating_revenue_yoy": 14.958210726737716, 
        "accumulated_operating_revenue": 557883, 
        "long_term_average": 188031, 
        "date": "2014-03-31", 
        "operating_revenue": 185773, 
        "short_term_average": 185961
    }, 
    {
        "accumulated_operating_revenue_yoy": 13.356759695108838, 
        "accumulated_operating_revenue": 759055, 
        "long_term_average": 189435, 
        "date": "2014-04-30", 
        "operating_revenue": 201172, 
        "short_term_average": 181799
    }, 
    {
        "accumulated_operating_revenue_yoy": 13.868832838178063, 
        "accumulated_operating_revenue": 964707, 
        "long_term_average": 191773, 
        "date": "2014-05-31", 
        "operating_revenue": 205652, 
        "short_term_average": 197532
    }, 
    {
        "accumulated_operating_revenue_yoy": 13.883935449083346, 
        "accumulated_operating_revenue": 1182753, 
        "long_term_average": 193998, 
        "date": "2014-06-30", 
        "operating_revenue": 218046, 
        "short_term_average": 208290
    }, 
    {
        "accumulated_operating_revenue_yoy": 13.974967231731842, 
        "accumulated_operating_revenue": 1406067, 
        "long_term_average": 196349, 
        "date": "2014-07-31", 
        "operating_revenue": 223314, 
        "short_term_average": 215670
    }, 
    {
        "accumulated_operating_revenue_yoy": 12.999110523703566, 
        "accumulated_operating_revenue": 1621031, 
        "long_term_average": 197522, 
        "date": "2014-08-31", 
        "operating_revenue": 214964, 
        "short_term_average": 218774
    }, 
    {
        "accumulated_operating_revenue_yoy": 12.587916754432454, 
        "accumulated_operating_revenue": 1833367, 
        "long_term_average": 199063, 
        "date": "2014-09-30", 
        "operating_revenue": 212336, 
        "short_term_average": 216871
    }, 
    {
        "accumulated_operating_revenue_yoy": 12.625093596200351, 
        "accumulated_operating_revenue": 2042616, 
        "long_term_average": 201063, 
        "date": "2014-10-31", 
        "operating_revenue": 209249, 
        "short_term_average": 212183
    }, 
    {
        "accumulated_operating_revenue_yoy": 12.260988042895013, 
        "accumulated_operating_revenue": 2242759, 
        "long_term_average": 202394, 
        "date": "2014-11-30", 
        "operating_revenue": 200143, 
        "short_term_average": 207242
    }, 
    {
        "accumulated_operating_revenue_yoy": 12.810183781744183, 
        "accumulated_operating_revenue": 2463533, 
        "long_term_average": 205294, 
        "date": "2014-12-31", 
        "operating_revenue": 220774, 
        "short_term_average": 210055
    }, 
    {
        "accumulated_operating_revenue_yoy": -6.8253938537288565, 
        "accumulated_operating_revenue": 199075, 
        "long_term_average": 204079, 
        "date": "2015-01-31", 
        "operating_revenue": 199075, 
        "short_term_average": 206664
    }, 
    {
        "accumulated_operating_revenue_yoy": 2.0679369003789203, 
        "accumulated_operating_revenue": 379805, 
        "long_term_average": 205935, 
        "date": "2015-02-28", 
        "operating_revenue": 180730, 
        "short_term_average": 200193
    }, 
    {
        "accumulated_operating_revenue_yoy": 8.812600491500906, 
        "accumulated_operating_revenue": 607047, 
        "long_term_average": 209391, 
        "date": "2015-03-31", 
        "operating_revenue": 227242, 
        "short_term_average": 202349
    }, 
    {
        "accumulated_operating_revenue_yoy": 8.14842139238922, 
        "accumulated_operating_revenue": 820906, 
        "long_term_average": 210448, 
        "date": "2015-04-30", 
        "operating_revenue": 213859, 
        "short_term_average": 207277
    }, 
    {
        "accumulated_operating_revenue_yoy": 9.63608639721698, 
        "accumulated_operating_revenue": 1057667, 
        "long_term_average": 213041, 
        "date": "2015-05-31", 
        "operating_revenue": 236761, 
        "short_term_average": 225954
    }, 
    {
        "accumulated_operating_revenue_yoy": 8.683300739883983, 
        "accumulated_operating_revenue": 1285455, 
        "long_term_average": 213852, 
        "date": "2015-06-30", 
        "operating_revenue": 227788, 
        "short_term_average": 226136
    }, 
    {
        "accumulated_operating_revenue_yoy": 7.486058630207522, 
        "accumulated_operating_revenue": 1511326, 
        "long_term_average": 214066, 
        "date": "2015-07-31", 
        "operating_revenue": 225871, 
        "short_term_average": 230140
    }, 
    {
        "accumulated_operating_revenue_yoy": 6.5429347125378845, 
        "accumulated_operating_revenue": 1727094, 
        "long_term_average": 214133, 
        "date": "2015-08-31", 
        "operating_revenue": 215768, 
        "short_term_average": 223142
    }
]