[
    {
        "date": "2012-01-31", 
        "operating_revenue": 104734, 
        "accumulated_operating_revenue": 104734, 
        "long_term_average": 104734, 
        "short_term_average": 104734
    }, 
    {
        "date": "2012-02-29", 
        "operating_revenue": 44217, 
        "accumulated_operating_revenue": 148951, 
        "long_term_average": 74475, 
        "short_term_average": 74475
    }, 
    {
        "date": "2012-03-31", 
        "operating_revenue": 89025, 
        "accumulated_operating_revenue": 237976, 
        "long_term_average": 79325, 
        "short_term_average": 79325
    }, 
    {
        "date": "2012-04-30", 
        "operating_revenue": 6102, 
        "accumulated_operating_revenue": 244078, 
        "long_term_average": 61019, 
        "short_term_average": 46448
    }, 
    {
        "date": "2012-05-31", 
        "operating_revenue": 76217, 
        "accumulated_operating_revenue": 320295, 
        "long_term_average": 64059, 
        "short_term_average": 57114
    }, 
    {
        "date": "2012-06-30", 
        "operating_revenue": 273425, 
        "accumulated_operating_revenue": 593720, 
        "long_term_average": 98953, 
        "short_term_average": 118581
    }, 
    {
        "date": "2012-07-31", 
        "operating_revenue": 121899, 
        "accumulated_operating_revenue": 715619, 
        "long_term_average": 102231, 
        "short_term_average": 157180
    }, 
    {
        "date": "2012-08-31", 
        "operating_revenue": 108690, 
        "accumulated_operating_revenue": 824309, 
        "long_term_average": 103038, 
        "short_term_average": 168004
    }, 
    {
        "date": "2012-09-30", 
        "operating_revenue": 214449, 
        "accumulated_operating_revenue": 1038758, 
        "long_term_average": 115417, 
        "short_term_average": 148346
    }, 
    {
        "date": "2012-10-31", 
        "operating_revenue": 173808, 
        "accumulated_operating_revenue": 1212566, 
        "long_term_average": 121256, 
        "short_term_average": 165649
    }, 
    {
        "date": "2012-11-30", 
        "operating_revenue": 183423, 
        "accumulated_operating_revenue": 1395989, 
        "long_term_average": 126908, 
        "short_term_average": 190560
    }, 
    {
        "date": "2012-12-31", 
        "operating_revenue": 172800, 
        "accumulated_operating_revenue": 1568789, 
        "long_term_average": 130732, 
        "short_term_average": 176677
    }, 
    {
        "accumulated_operating_revenue_yoy": 212.38279832719078, 
        "accumulated_operating_revenue": 327171, 
        "long_term_average": 149268, 
        "date": "2013-01-31", 
        "operating_revenue": 327171, 
        "short_term_average": 227798
    }, 
    {
        "accumulated_operating_revenue_yoy": 164.92269269759854, 
        "accumulated_operating_revenue": 394605, 
        "long_term_average": 151203, 
        "date": "2013-02-28", 
        "operating_revenue": 67434, 
        "short_term_average": 189135
    }, 
    {
        "accumulated_operating_revenue_yoy": 122.81154402124584, 
        "accumulated_operating_revenue": 530238, 
        "long_term_average": 155087, 
        "date": "2013-03-31", 
        "operating_revenue": 135633, 
        "short_term_average": 176746
    }, 
    {
        "accumulated_operating_revenue_yoy": 167.40017535378036, 
        "accumulated_operating_revenue": 652665, 
        "long_term_average": 164781, 
        "date": "2013-04-30", 
        "operating_revenue": 122427, 
        "short_term_average": 108498
    }, 
    {
        "accumulated_operating_revenue_yoy": 175.67242698137656, 
        "accumulated_operating_revenue": 882965, 
        "long_term_average": 177621, 
        "date": "2013-05-31", 
        "operating_revenue": 230300, 
        "short_term_average": 162786
    }, 
    {
        "accumulated_operating_revenue_yoy": 100.33079566125447, 
        "accumulated_operating_revenue": 1189404, 
        "long_term_average": 180372, 
        "date": "2013-06-30", 
        "operating_revenue": 306439, 
        "short_term_average": 219722
    }, 
    {
        "accumulated_operating_revenue_yoy": 84.8595411804326, 
        "accumulated_operating_revenue": 1322890, 
        "long_term_average": 181338, 
        "date": "2013-07-31", 
        "operating_revenue": 133486, 
        "short_term_average": 223408
    }, 
    {
        "accumulated_operating_revenue_yoy": 73.60977497516102, 
        "accumulated_operating_revenue": 1431081, 
        "long_term_average": 181296, 
        "date": "2013-08-31", 
        "operating_revenue": 108191, 
        "short_term_average": 182705
    }, 
    {
        "accumulated_operating_revenue_yoy": 67.7431124477501, 
        "accumulated_operating_revenue": 1742445, 
        "long_term_average": 189373, 
        "date": "2013-09-30", 
        "operating_revenue": 311364, 
        "short_term_average": 184347
    }, 
    {
        "accumulated_operating_revenue_yoy": 60.91610683459704, 
        "accumulated_operating_revenue": 1951214, 
        "long_term_average": 192286, 
        "date": "2013-10-31", 
        "operating_revenue": 208769, 
        "short_term_average": 209441
    }, 
    {
        "accumulated_operating_revenue_yoy": 49.92080883158822, 
        "accumulated_operating_revenue": 2092878, 
        "long_term_average": 188806, 
        "date": "2013-11-30", 
        "operating_revenue": 141664, 
        "short_term_average": 220599
    }, 
    {
        "accumulated_operating_revenue_yoy": 45.25554424463711, 
        "accumulated_operating_revenue": 2278753, 
        "long_term_average": 189896, 
        "date": "2013-12-31", 
        "operating_revenue": 185875, 
        "short_term_average": 178769
    }, 
    {
        "accumulated_operating_revenue_yoy": -22.37667763952184, 
        "accumulated_operating_revenue": 253961, 
        "long_term_average": 183795, 
        "date": "2014-01-31", 
        "operating_revenue": 253961, 
        "short_term_average": 193833
    }, 
    {
        "accumulated_operating_revenue_yoy": -16.92756047186427, 
        "accumulated_operating_revenue": 327808, 
        "long_term_average": 184329, 
        "date": "2014-02-28", 
        "operating_revenue": 73847, 
        "short_term_average": 171227
    }, 
    {
        "accumulated_operating_revenue_yoy": -22.539123940570082, 
        "accumulated_operating_revenue": 410727, 
        "long_term_average": 179936, 
        "date": "2014-03-31", 
        "operating_revenue": 82919, 
        "short_term_average": 136909
    }, 
    {
        "accumulated_operating_revenue_yoy": -18.946166869680464, 
        "accumulated_operating_revenue": 529010, 
        "long_term_average": 179591, 
        "date": "2014-04-30", 
        "operating_revenue": 118283, 
        "short_term_average": 91683
    }, 
    {
        "accumulated_operating_revenue_yoy": -34.96582537246663, 
        "accumulated_operating_revenue": 574229, 
        "long_term_average": 164168, 
        "date": "2014-05-31", 
        "operating_revenue": 45219, 
        "short_term_average": 82140
    }, 
    {
        "accumulated_operating_revenue_yoy": -46.12713594371635, 
        "accumulated_operating_revenue": 640766, 
        "long_term_average": 144176, 
        "date": "2014-06-30", 
        "operating_revenue": 66537, 
        "short_term_average": 76679
    }, 
    {
        "accumulated_operating_revenue_yoy": -44.21750863639456, 
        "accumulated_operating_revenue": 737941, 
        "long_term_average": 141150, 
        "date": "2014-07-31", 
        "operating_revenue": 97175, 
        "short_term_average": 69643
    }, 
    {
        "accumulated_operating_revenue_yoy": -38.95006641832293, 
        "accumulated_operating_revenue": 873674, 
        "long_term_average": 143445, 
        "date": "2014-08-31", 
        "operating_revenue": 135733, 
        "short_term_average": 99815
    }, 
    {
        "accumulated_operating_revenue_yoy": -40.39668396993879, 
        "accumulated_operating_revenue": 1038555, 
        "long_term_average": 131238, 
        "date": "2014-09-30", 
        "operating_revenue": 164881, 
        "short_term_average": 132596
    }, 
    {
        "accumulated_operating_revenue_yoy": -38.602839053020325, 
        "accumulated_operating_revenue": 1197990, 
        "long_term_average": 127127, 
        "date": "2014-10-31", 
        "operating_revenue": 159435, 
        "short_term_average": 153349
    }, 
    {
        "accumulated_operating_revenue_yoy": -35.49686125994922, 
        "accumulated_operating_revenue": 1349972, 
        "long_term_average": 127987, 
        "date": "2014-11-30", 
        "operating_revenue": 151982, 
        "short_term_average": 158766
    }, 
    {
        "accumulated_operating_revenue_yoy": -29.353642101623123, 
        "accumulated_operating_revenue": 1609856, 
        "long_term_average": 134154, 
        "date": "2014-12-31", 
        "operating_revenue": 259884, 
        "short_term_average": 190433
    }, 
    {
        "accumulated_operating_revenue_yoy": -52.509637306515565, 
        "accumulated_operating_revenue": 120607, 
        "long_term_average": 123041, 
        "date": "2015-01-31", 
        "operating_revenue": 120607, 
        "short_term_average": 177491
    }, 
    {
        "accumulated_operating_revenue_yoy": -28.161606794221004, 
        "accumulated_operating_revenue": 235492, 
        "long_term_average": 126461, 
        "date": "2015-02-28", 
        "operating_revenue": 114885, 
        "short_term_average": 165125
    }, 
    {
        "accumulated_operating_revenue_yoy": -9.769749736442941, 
        "accumulated_operating_revenue": 370600, 
        "long_term_average": 130810, 
        "date": "2015-03-31", 
        "operating_revenue": 135108, 
        "short_term_average": 123533
    }, 
    {
        "accumulated_operating_revenue_yoy": -3.589346137124062, 
        "accumulated_operating_revenue": 510022, 
        "long_term_average": 132572, 
        "date": "2015-04-30", 
        "operating_revenue": 139422, 
        "short_term_average": 129805
    }, 
    {
        "accumulated_operating_revenue_yoy": 15.166771444841693, 
        "accumulated_operating_revenue": 661321, 
        "long_term_average": 141412, 
        "date": "2015-05-31", 
        "operating_revenue": 151299, 
        "short_term_average": 141943
    }, 
    {
        "accumulated_operating_revenue_yoy": 25.563934415995853, 
        "accumulated_operating_revenue": 804571, 
        "long_term_average": 147805, 
        "date": "2015-06-30", 
        "operating_revenue": 143250, 
        "short_term_average": 144657
    }, 
    {
        "accumulated_operating_revenue_yoy": 32.52292527451382, 
        "accumulated_operating_revenue": 977941, 
        "long_term_average": 154154, 
        "date": "2015-07-31", 
        "operating_revenue": 173370, 
        "short_term_average": 155973
    }, 
    {
        "accumulated_operating_revenue_yoy": 34.474186023619794, 
        "accumulated_operating_revenue": 1174866, 
        "long_term_average": 159254, 
        "date": "2015-08-31", 
        "operating_revenue": 196925, 
        "short_term_average": 171181
    }, 
    {
        "accumulated_operating_revenue_yoy": 27.099383277727227, 
        "accumulated_operating_revenue": 1319997, 
        "long_term_average": 157608, 
        "date": "2015-09-30", 
        "operating_revenue": 145131, 
        "short_term_average": 171808
    }, 
    {
        "accumulated_operating_revenue_yoy": 25.31164700873964, 
        "accumulated_operating_revenue": 1501221, 
        "long_term_average": 159423, 
        "date": "2015-10-31", 
        "operating_revenue": 181224, 
        "short_term_average": 174426
    }
]