[
    {
        "date": "2012-01-31", 
        "operating_revenue": 54181, 
        "accumulated_operating_revenue": 54181, 
        "long_term_average": 54181, 
        "short_term_average": 54181
    }, 
    {
        "date": "2012-02-29", 
        "operating_revenue": 48835, 
        "accumulated_operating_revenue": 103016, 
        "long_term_average": 51508, 
        "short_term_average": 51508
    }, 
    {
        "date": "2012-03-31", 
        "operating_revenue": 64396, 
        "accumulated_operating_revenue": 167412, 
        "long_term_average": 55804, 
        "short_term_average": 55804
    }, 
    {
        "date": "2012-04-30", 
        "operating_revenue": 70359, 
        "accumulated_operating_revenue": 237771, 
        "long_term_average": 59442, 
        "short_term_average": 61196
    }, 
    {
        "date": "2012-05-31", 
        "operating_revenue": 70170, 
        "accumulated_operating_revenue": 307941, 
        "long_term_average": 61588, 
        "short_term_average": 68308
    }, 
    {
        "date": "2012-06-30", 
        "operating_revenue": 77733, 
        "accumulated_operating_revenue": 385674, 
        "long_term_average": 64279, 
        "short_term_average": 72754
    }, 
    {
        "date": "2012-07-31", 
        "operating_revenue": 76581, 
        "accumulated_operating_revenue": 462255, 
        "long_term_average": 66036, 
        "short_term_average": 74828
    }, 
    {
        "date": "2012-08-31", 
        "operating_revenue": 82866, 
        "accumulated_operating_revenue": 545121, 
        "long_term_average": 68140, 
        "short_term_average": 79060
    }, 
    {
        "date": "2012-09-30", 
        "operating_revenue": 94874, 
        "accumulated_operating_revenue": 639995, 
        "long_term_average": 71110, 
        "short_term_average": 84773
    }, 
    {
        "date": "2012-10-31", 
        "operating_revenue": 73574, 
        "accumulated_operating_revenue": 713569, 
        "long_term_average": 71356, 
        "short_term_average": 83771
    }, 
    {
        "date": "2012-11-30", 
        "operating_revenue": 77875, 
        "accumulated_operating_revenue": 791444, 
        "long_term_average": 71949, 
        "short_term_average": 82107
    }, 
    {
        "date": "2012-12-31", 
        "operating_revenue": 79664, 
        "accumulated_operating_revenue": 871108, 
        "long_term_average": 72592, 
        "short_term_average": 77037
    }, 
    {
        "accumulated_operating_revenue_yoy": 48.27891696351119, 
        "accumulated_operating_revenue": 80339, 
        "long_term_average": 74772, 
        "date": "2013-01-31", 
        "operating_revenue": 80339, 
        "short_term_average": 79292
    }, 
    {
        "accumulated_operating_revenue_yoy": 29.083831637803836, 
        "accumulated_operating_revenue": 132977, 
        "long_term_average": 75089, 
        "date": "2013-02-28", 
        "operating_revenue": 52638, 
        "short_term_average": 70880
    }, 
    {
        "accumulated_operating_revenue_yoy": 25.772346068382195, 
        "accumulated_operating_revenue": 210558, 
        "long_term_average": 76187, 
        "date": "2013-03-31", 
        "operating_revenue": 77581, 
        "short_term_average": 70186
    }, 
    {
        "accumulated_operating_revenue_yoy": 22.97757085599169, 
        "accumulated_operating_revenue": 292405, 
        "long_term_average": 77145, 
        "date": "2013-04-30", 
        "operating_revenue": 81847, 
        "short_term_average": 70688
    }, 
    {
        "accumulated_operating_revenue_yoy": 17.8943369021988, 
        "accumulated_operating_revenue": 363045, 
        "long_term_average": 77184, 
        "date": "2013-05-31", 
        "operating_revenue": 70640, 
        "short_term_average": 76689
    }, 
    {
        "accumulated_operating_revenue_yoy": 12.339955506464008, 
        "accumulated_operating_revenue": 433266, 
        "long_term_average": 76558, 
        "date": "2013-06-30", 
        "operating_revenue": 70221, 
        "short_term_average": 74236
    }, 
    {
        "accumulated_operating_revenue_yoy": 9.92547403489416, 
        "accumulated_operating_revenue": 508136, 
        "long_term_average": 76415, 
        "date": "2013-07-31", 
        "operating_revenue": 74870, 
        "short_term_average": 71910
    }, 
    {
        "accumulated_operating_revenue_yoy": 9.308575527268257, 
        "accumulated_operating_revenue": 595864, 
        "long_term_average": 76820, 
        "date": "2013-08-31", 
        "operating_revenue": 87728, 
        "short_term_average": 77606
    }, 
    {
        "accumulated_operating_revenue_yoy": 7.24661911421183, 
        "accumulated_operating_revenue": 686373, 
        "long_term_average": 76457, 
        "date": "2013-09-30", 
        "operating_revenue": 90509, 
        "short_term_average": 84369
    }, 
    {
        "accumulated_operating_revenue_yoy": 6.4100318259341424, 
        "accumulated_operating_revenue": 759309, 
        "long_term_average": 76404, 
        "date": "2013-10-31", 
        "operating_revenue": 72936, 
        "short_term_average": 83724
    }, 
    {
        "accumulated_operating_revenue_yoy": 4.848732190780396, 
        "accumulated_operating_revenue": 829819, 
        "long_term_average": 75790, 
        "date": "2013-11-30", 
        "operating_revenue": 70510, 
        "short_term_average": 77985
    }, 
    {
        "accumulated_operating_revenue_yoy": 3.79045996592845, 
        "accumulated_operating_revenue": 904127, 
        "long_term_average": 75343, 
        "date": "2013-12-31", 
        "operating_revenue": 74308, 
        "short_term_average": 72584
    }, 
    {
        "accumulated_operating_revenue_yoy": -16.342000771729793, 
        "accumulated_operating_revenue": 67210, 
        "long_term_average": 74249, 
        "date": "2014-01-31", 
        "operating_revenue": 67210, 
        "short_term_average": 70676
    }, 
    {
        "accumulated_operating_revenue_yoy": -2.773411943418787, 
        "accumulated_operating_revenue": 129289, 
        "long_term_average": 75036, 
        "date": "2014-02-28", 
        "operating_revenue": 62079, 
        "short_term_average": 67865
    }, 
    {
        "accumulated_operating_revenue_yoy": 3.163973821939798, 
        "accumulated_operating_revenue": 217220, 
        "long_term_average": 75899, 
        "date": "2014-03-31", 
        "operating_revenue": 87931, 
        "short_term_average": 72406
    }, 
    {
        "accumulated_operating_revenue_yoy": 5.131239205895932, 
        "accumulated_operating_revenue": 307409, 
        "long_term_average": 76594, 
        "date": "2014-04-30", 
        "operating_revenue": 90189, 
        "short_term_average": 80066
    }, 
    {
        "accumulated_operating_revenue_yoy": 9.783911085402636, 
        "accumulated_operating_revenue": 398565, 
        "long_term_average": 78303, 
        "date": "2014-05-31", 
        "operating_revenue": 91156, 
        "short_term_average": 89758
    }, 
    {
        "accumulated_operating_revenue_yoy": 11.768751759888845, 
        "accumulated_operating_revenue": 484256, 
        "long_term_average": 79593, 
        "date": "2014-06-30", 
        "operating_revenue": 85691, 
        "short_term_average": 89012
    }, 
    {
        "accumulated_operating_revenue_yoy": 15.46633184816663, 
        "accumulated_operating_revenue": 586726, 
        "long_term_average": 81893, 
        "date": "2014-07-31", 
        "operating_revenue": 102470, 
        "short_term_average": 93105
    }, 
    {
        "accumulated_operating_revenue_yoy": 13.713531946887208, 
        "accumulated_operating_revenue": 677578, 
        "long_term_average": 82153, 
        "date": "2014-08-31", 
        "operating_revenue": 90852, 
        "short_term_average": 93004
    }, 
    {
        "accumulated_operating_revenue_yoy": 10.245012551484397, 
        "accumulated_operating_revenue": 756692, 
        "long_term_average": 81203, 
        "date": "2014-09-30", 
        "operating_revenue": 79114, 
        "short_term_average": 90812
    }, 
    {
        "accumulated_operating_revenue_yoy": 11.28907993978736, 
        "accumulated_operating_revenue": 845028, 
        "long_term_average": 82487, 
        "date": "2014-10-31", 
        "operating_revenue": 88336, 
        "short_term_average": 86100
    }, 
    {
        "accumulated_operating_revenue_yoy": 11.818360389434321, 
        "accumulated_operating_revenue": 927890, 
        "long_term_average": 83516, 
        "date": "2014-11-30", 
        "operating_revenue": 82862, 
        "short_term_average": 83437
    }, 
    {
        "accumulated_operating_revenue_yoy": 11.25129544853765, 
        "accumulated_operating_revenue": 1005853, 
        "long_term_average": 83821, 
        "date": "2014-12-31", 
        "operating_revenue": 77963, 
        "short_term_average": 83053
    }, 
    {
        "accumulated_operating_revenue_yoy": 48.3707781580122, 
        "accumulated_operating_revenue": 99720, 
        "long_term_average": 86530, 
        "date": "2015-01-31", 
        "operating_revenue": 99720, 
        "short_term_average": 86848
    }, 
    {
        "accumulated_operating_revenue_yoy": 17.93733418929685, 
        "accumulated_operating_revenue": 152480, 
        "long_term_average": 85753, 
        "date": "2015-02-28", 
        "operating_revenue": 52760, 
        "short_term_average": 76814
    }, 
    {
        "accumulated_operating_revenue_yoy": 10.54046588711905, 
        "accumulated_operating_revenue": 240116, 
        "long_term_average": 85729, 
        "date": "2015-03-31", 
        "operating_revenue": 87636, 
        "short_term_average": 80038
    }, 
    {
        "accumulated_operating_revenue_yoy": 4.069171689833414, 
        "accumulated_operating_revenue": 319918, 
        "long_term_average": 84863, 
        "date": "2015-04-30", 
        "operating_revenue": 79802, 
        "short_term_average": 73399
    }, 
    {
        "accumulated_operating_revenue_yoy": 2.86076298721664, 
        "accumulated_operating_revenue": 409967, 
        "long_term_average": 84771, 
        "date": "2015-05-31", 
        "operating_revenue": 90049, 
        "short_term_average": 85829
    }, 
    {
        "accumulated_operating_revenue_yoy": 4.168043348972445, 
        "accumulated_operating_revenue": 504440, 
        "long_term_average": 85503, 
        "date": "2015-06-30", 
        "operating_revenue": 94473, 
        "short_term_average": 88108
    }, 
    {
        "accumulated_operating_revenue_yoy": 4.583911399869786, 
        "accumulated_operating_revenue": 613621, 
        "long_term_average": 86062, 
        "date": "2015-07-31", 
        "operating_revenue": 109181, 
        "short_term_average": 97901
    }, 
    {
        "accumulated_operating_revenue_yoy": 4.046914156008607, 
        "accumulated_operating_revenue": 704999, 
        "long_term_average": 86106, 
        "date": "2015-08-31", 
        "operating_revenue": 91378, 
        "short_term_average": 98344
    }, 
    {
        "accumulated_operating_revenue_yoy": 5.717517827596962, 
        "accumulated_operating_revenue": 799956, 
        "long_term_average": 87426, 
        "date": "2015-09-30", 
        "operating_revenue": 94957, 
        "short_term_average": 98505
    }, 
    {
        "accumulated_operating_revenue_yoy": 6.25363893267442, 
        "accumulated_operating_revenue": 897873, 
        "long_term_average": 88224, 
        "date": "2015-10-31", 
        "operating_revenue": 97917, 
        "short_term_average": 94750
    }
]