[
    {
        "date": "2011-09-30", 
        "operating_revenue": 81400, 
        "accumulated_operating_revenue": 81400, 
        "long_term_average": 81400, 
        "short_term_average": 81400
    }, 
    {
        "date": "2011-10-31", 
        "operating_revenue": 79744, 
        "accumulated_operating_revenue": 161144, 
        "long_term_average": 80572, 
        "short_term_average": 80572
    }, 
    {
        "date": "2011-11-30", 
        "operating_revenue": 65897, 
        "accumulated_operating_revenue": 227041, 
        "long_term_average": 75680, 
        "short_term_average": 75680
    }, 
    {
        "date": "2011-12-31", 
        "operating_revenue": 57142, 
        "accumulated_operating_revenue": 284183, 
        "long_term_average": 71045, 
        "short_term_average": 67594
    }, 
    {
        "date": "2012-01-31", 
        "operating_revenue": 48376, 
        "accumulated_operating_revenue": 48376, 
        "long_term_average": 66511, 
        "short_term_average": 57138
    }, 
    {
        "date": "2012-02-29", 
        "operating_revenue": 74018, 
        "accumulated_operating_revenue": 122394, 
        "long_term_average": 67762, 
        "short_term_average": 59845
    }, 
    {
        "date": "2012-03-31", 
        "operating_revenue": 99160, 
        "accumulated_operating_revenue": 221554, 
        "long_term_average": 72248, 
        "short_term_average": 73851
    }, 
    {
        "date": "2012-04-30", 
        "operating_revenue": 101692, 
        "accumulated_operating_revenue": 323246, 
        "long_term_average": 75928, 
        "short_term_average": 91623
    }, 
    {
        "date": "2012-05-31", 
        "operating_revenue": 100612, 
        "accumulated_operating_revenue": 423858, 
        "long_term_average": 78671, 
        "short_term_average": 100488
    }, 
    {
        "date": "2012-06-30", 
        "operating_revenue": 111254, 
        "accumulated_operating_revenue": 535112, 
        "long_term_average": 81929, 
        "short_term_average": 104519
    }, 
    {
        "date": "2012-07-31", 
        "operating_revenue": 101781, 
        "accumulated_operating_revenue": 636893, 
        "long_term_average": 83734, 
        "short_term_average": 104549
    }, 
    {
        "date": "2012-08-31", 
        "operating_revenue": 128773, 
        "accumulated_operating_revenue": 765666, 
        "long_term_average": 87487, 
        "short_term_average": 113936
    }, 
    {
        "accumulated_operating_revenue_yoy": 987.4668304668305, 
        "accumulated_operating_revenue": 885198, 
        "long_term_average": 90665, 
        "date": "2012-09-30", 
        "operating_revenue": 119532, 
        "short_term_average": 116695
    }, 
    {
        "accumulated_operating_revenue_yoy": 537.1394529116815, 
        "accumulated_operating_revenue": 1026712, 
        "long_term_average": 95812, 
        "date": "2012-10-31", 
        "operating_revenue": 141514, 
        "short_term_average": 129939
    }, 
    {
        "accumulated_operating_revenue_yoy": 411.1882875780146, 
        "accumulated_operating_revenue": 1160607, 
        "long_term_average": 101479, 
        "date": "2012-11-30", 
        "operating_revenue": 133895, 
        "short_term_average": 131647
    }, 
    {
        "accumulated_operating_revenue_yoy": 347.82340956355586, 
        "accumulated_operating_revenue": 1272638, 
        "long_term_average": 106053, 
        "date": "2012-12-31", 
        "operating_revenue": 112031, 
        "short_term_average": 129146
    }, 
    {
        "accumulated_operating_revenue_yoy": 98.5157929551844, 
        "accumulated_operating_revenue": 96034, 
        "long_term_average": 110024, 
        "date": "2013-01-31", 
        "operating_revenue": 96034, 
        "short_term_average": 113986
    }, 
    {
        "accumulated_operating_revenue_yoy": 58.8378515286697, 
        "accumulated_operating_revenue": 194408, 
        "long_term_average": 112054, 
        "date": "2013-02-28", 
        "operating_revenue": 98374, 
        "short_term_average": 102146
    }, 
    {
        "accumulated_operating_revenue_yoy": 47.73599212832989, 
        "accumulated_operating_revenue": 327315, 
        "long_term_average": 114866, 
        "date": "2013-03-31", 
        "operating_revenue": 132907, 
        "short_term_average": 109105
    }, 
    {
        "accumulated_operating_revenue_yoy": 39.31030855756916, 
        "accumulated_operating_revenue": 450315, 
        "long_term_average": 116642, 
        "date": "2013-04-30", 
        "operating_revenue": 123000, 
        "short_term_average": 118093
    }, 
    {
        "accumulated_operating_revenue_yoy": 40.64356459002779, 
        "accumulated_operating_revenue": 596129, 
        "long_term_average": 120409, 
        "date": "2013-05-31", 
        "operating_revenue": 145814, 
        "short_term_average": 133907
    }, 
    {
        "accumulated_operating_revenue_yoy": 33.123906770918985, 
        "accumulated_operating_revenue": 712362, 
        "long_term_average": 120824, 
        "date": "2013-06-30", 
        "operating_revenue": 116233, 
        "short_term_average": 128349
    }, 
    {
        "accumulated_operating_revenue_yoy": 35.043092010745916, 
        "accumulated_operating_revenue": 860080, 
        "long_term_average": 124652, 
        "date": "2013-07-31", 
        "operating_revenue": 147718, 
        "short_term_average": 136588
    }, 
    {
        "accumulated_operating_revenue_yoy": 32.71230536552491, 
        "accumulated_operating_revenue": 1016133, 
        "long_term_average": 126925, 
        "date": "2013-08-31", 
        "operating_revenue": 156053, 
        "short_term_average": 140001
    }, 
    {
        "accumulated_operating_revenue_yoy": 28.60071983895128, 
        "accumulated_operating_revenue": 1138371, 
        "long_term_average": 127150, 
        "date": "2013-09-30", 
        "operating_revenue": 122238, 
        "short_term_average": 142003
    }, 
    {
        "accumulated_operating_revenue_yoy": 24.293764950638543, 
        "accumulated_operating_revenue": 1276139, 
        "long_term_average": 126838, 
        "date": "2013-10-31", 
        "operating_revenue": 137768, 
        "short_term_average": 138686
    }, 
    {
        "accumulated_operating_revenue_yoy": 21.66530100197569, 
        "accumulated_operating_revenue": 1412056, 
        "long_term_average": 127007, 
        "date": "2013-11-30", 
        "operating_revenue": 135917, 
        "short_term_average": 131974
    }, 
    {
        "accumulated_operating_revenue_yoy": 23.01102120163, 
        "accumulated_operating_revenue": 1565485, 
        "long_term_average": 130457, 
        "date": "2013-12-31", 
        "operating_revenue": 153429, 
        "short_term_average": 142371
    }, 
    {
        "accumulated_operating_revenue_yoy": 52.799008684424265, 
        "accumulated_operating_revenue": 146739, 
        "long_term_average": 134682, 
        "date": "2014-01-31", 
        "operating_revenue": 146739, 
        "short_term_average": 145361
    }, 
    {
        "accumulated_operating_revenue_yoy": 22.11946010452245, 
        "accumulated_operating_revenue": 237410, 
        "long_term_average": 134040, 
        "date": "2014-02-28", 
        "operating_revenue": 90671, 
        "short_term_average": 130279
    }, 
    {
        "accumulated_operating_revenue_yoy": 13.545361501917114, 
        "accumulated_operating_revenue": 371651, 
        "long_term_average": 134151, 
        "date": "2014-03-31", 
        "operating_revenue": 134241, 
        "short_term_average": 123883
    }, 
    {
        "accumulated_operating_revenue_yoy": 22.557765119971577, 
        "accumulated_operating_revenue": 551896, 
        "long_term_average": 138922, 
        "date": "2014-04-30", 
        "operating_revenue": 180245, 
        "short_term_average": 135052
    }, 
    {
        "accumulated_operating_revenue_yoy": 17.422235791246525, 
        "accumulated_operating_revenue": 699988, 
        "long_term_average": 139112, 
        "date": "2014-05-31", 
        "operating_revenue": 148092, 
        "short_term_average": 154192
    }, 
    {
        "accumulated_operating_revenue_yoy": 18.550399937110626, 
        "accumulated_operating_revenue": 844508, 
        "long_term_average": 141469, 
        "date": "2014-06-30", 
        "operating_revenue": 144520, 
        "short_term_average": 157619
    }, 
    {
        "accumulated_operating_revenue_yoy": 21.93330852943912, 
        "accumulated_operating_revenue": 1048724, 
        "long_term_average": 146177, 
        "date": "2014-07-31", 
        "operating_revenue": 204216, 
        "short_term_average": 165609
    }, 
    {
        "accumulated_operating_revenue_yoy": 23.45509888961386, 
        "accumulated_operating_revenue": 1254468, 
        "long_term_average": 150318, 
        "date": "2014-08-31", 
        "operating_revenue": 205744, 
        "short_term_average": 184826
    }, 
    {
        "accumulated_operating_revenue_yoy": 28.349632940403435, 
        "accumulated_operating_revenue": 1461095, 
        "long_term_average": 157350, 
        "date": "2014-09-30", 
        "operating_revenue": 206627, 
        "short_term_average": 205529
    }, 
    {
        "accumulated_operating_revenue_yoy": 28.95813073654202, 
        "accumulated_operating_revenue": 1645685, 
        "long_term_average": 161252, 
        "date": "2014-10-31", 
        "operating_revenue": 184590, 
        "short_term_average": 198987
    }, 
    {
        "accumulated_operating_revenue_yoy": 28.347742582447154, 
        "accumulated_operating_revenue": 1812342, 
        "long_term_average": 163814, 
        "date": "2014-11-30", 
        "operating_revenue": 166657, 
        "short_term_average": 185958
    }, 
    {
        "accumulated_operating_revenue_yoy": 27.662481595160603, 
        "accumulated_operating_revenue": 1998537, 
        "long_term_average": 166544, 
        "date": "2014-12-31", 
        "operating_revenue": 186195, 
        "short_term_average": 179147
    }, 
    {
        "accumulated_operating_revenue_yoy": 6.189901798431229, 
        "accumulated_operating_revenue": 155822, 
        "long_term_average": 167301, 
        "date": "2015-01-31", 
        "operating_revenue": 155822, 
        "short_term_average": 169558
    }, 
    {
        "accumulated_operating_revenue_yoy": 9.194220967945748, 
        "accumulated_operating_revenue": 259238, 
        "long_term_average": 168363, 
        "date": "2015-02-28", 
        "operating_revenue": 103416, 
        "short_term_average": 148477
    }, 
    {
        "accumulated_operating_revenue_yoy": 12.030641650365531, 
        "accumulated_operating_revenue": 416363, 
        "long_term_average": 170270, 
        "date": "2015-03-31", 
        "operating_revenue": 157125, 
        "short_term_average": 138787
    }, 
    {
        "accumulated_operating_revenue_yoy": 10.333106237407048, 
        "accumulated_operating_revenue": 608924, 
        "long_term_average": 171297, 
        "date": "2015-04-30", 
        "operating_revenue": 192561, 
        "short_term_average": 151034
    }, 
    {
        "accumulated_operating_revenue_yoy": 9.342445870500637, 
        "accumulated_operating_revenue": 765384, 
        "long_term_average": 171994, 
        "date": "2015-05-31", 
        "operating_revenue": 156460, 
        "short_term_average": 168715
    }, 
    {
        "accumulated_operating_revenue_yoy": 10.567573072131939, 
        "accumulated_operating_revenue": 933752, 
        "long_term_average": 173981, 
        "date": "2015-06-30", 
        "operating_revenue": 168368, 
        "short_term_average": 172463
    }, 
    {
        "accumulated_operating_revenue_yoy": 5.169234231313482, 
        "accumulated_operating_revenue": 1102935, 
        "long_term_average": 171062, 
        "date": "2015-07-31", 
        "operating_revenue": 169183, 
        "short_term_average": 164670
    }, 
    {
        "accumulated_operating_revenue_yoy": 3.5385518004444916, 
        "accumulated_operating_revenue": 1298858, 
        "long_term_average": 170243, 
        "date": "2015-08-31", 
        "operating_revenue": 195923, 
        "short_term_average": 177824
    }, 
    {
        "accumulated_operating_revenue_yoy": 2.82349881424548, 
        "accumulated_operating_revenue": 1502349, 
        "long_term_average": 169982, 
        "date": "2015-09-30", 
        "operating_revenue": 203491, 
        "short_term_average": 189532
    }
]