[
    {
        "date": "2011-09-30", 
        "operating_revenue": 783297, 
        "accumulated_operating_revenue": 783297, 
        "long_term_average": 783297, 
        "short_term_average": 783297
    }, 
    {
        "date": "2011-10-31", 
        "operating_revenue": 654410, 
        "accumulated_operating_revenue": 1437707, 
        "long_term_average": 718853, 
        "short_term_average": 718853
    }, 
    {
        "date": "2011-11-30", 
        "operating_revenue": 471523, 
        "accumulated_operating_revenue": 1909230, 
        "long_term_average": 636410, 
        "short_term_average": 636410
    }, 
    {
        "date": "2011-12-31", 
        "operating_revenue": 723445, 
        "accumulated_operating_revenue": 2632675, 
        "long_term_average": 658168, 
        "short_term_average": 616459
    }, 
    {
        "date": "2012-01-31", 
        "operating_revenue": 629816, 
        "accumulated_operating_revenue": 629816, 
        "long_term_average": 652498, 
        "short_term_average": 608261
    }, 
    {
        "date": "2012-02-29", 
        "operating_revenue": 654608, 
        "accumulated_operating_revenue": 1284424, 
        "long_term_average": 652849, 
        "short_term_average": 669289
    }, 
    {
        "date": "2012-03-31", 
        "operating_revenue": 650033, 
        "accumulated_operating_revenue": 1934457, 
        "long_term_average": 652447, 
        "short_term_average": 644819
    }, 
    {
        "date": "2012-04-30", 
        "operating_revenue": 602048, 
        "accumulated_operating_revenue": 2536505, 
        "long_term_average": 646147, 
        "short_term_average": 635563
    }, 
    {
        "date": "2012-05-31", 
        "operating_revenue": 714005, 
        "accumulated_operating_revenue": 3250510, 
        "long_term_average": 653687, 
        "short_term_average": 655362
    }, 
    {
        "date": "2012-06-30", 
        "operating_revenue": 541942, 
        "accumulated_operating_revenue": 3792452, 
        "long_term_average": 642512, 
        "short_term_average": 619331
    }, 
    {
        "date": "2012-07-31", 
        "operating_revenue": 607687, 
        "accumulated_operating_revenue": 4400139, 
        "long_term_average": 639346, 
        "short_term_average": 621211
    }, 
    {
        "date": "2012-08-31", 
        "operating_revenue": 704346, 
        "accumulated_operating_revenue": 5104485, 
        "long_term_average": 644763, 
        "short_term_average": 617991
    }, 
    {
        "accumulated_operating_revenue_yoy": 684.3202514499609, 
        "accumulated_operating_revenue": 6143557, 
        "long_term_average": 666077, 
        "date": "2012-09-30", 
        "operating_revenue": 1039072, 
        "short_term_average": 783701
    }, 
    {
        "accumulated_operating_revenue_yoy": 422.01283015245804, 
        "accumulated_operating_revenue": 7505015, 
        "long_term_average": 724998, 
        "date": "2012-10-31", 
        "operating_revenue": 1361458, 
        "short_term_average": 1034958
    }, 
    {
        "accumulated_operating_revenue_yoy": 340.3709348795064, 
        "accumulated_operating_revenue": 8407694, 
        "long_term_average": 760928, 
        "date": "2012-11-30", 
        "operating_revenue": 902679, 
        "short_term_average": 1101069
    }, 
    {
        "accumulated_operating_revenue_yoy": 256.4523156105482, 
        "accumulated_operating_revenue": 9384231, 
        "long_term_average": 782019, 
        "date": "2012-12-31", 
        "operating_revenue": 976537, 
        "short_term_average": 1080224
    }, 
    {
        "accumulated_operating_revenue_yoy": 110.89238761797095, 
        "accumulated_operating_revenue": 1328234, 
        "long_term_average": 840220, 
        "date": "2013-01-31", 
        "operating_revenue": 1328234, 
        "short_term_average": 1069150
    }, 
    {
        "accumulated_operating_revenue_yoy": 71.91270172466413, 
        "accumulated_operating_revenue": 2208088, 
        "long_term_average": 858991, 
        "date": "2013-02-28", 
        "operating_revenue": 879854, 
        "short_term_average": 1061541
    }, 
    {
        "accumulated_operating_revenue_yoy": 80.05507488664779, 
        "accumulated_operating_revenue": 3483088, 
        "long_term_average": 911071, 
        "date": "2013-03-31", 
        "operating_revenue": 1275000, 
        "short_term_average": 1161029
    }, 
    {
        "accumulated_operating_revenue_yoy": 88.23617536728688, 
        "accumulated_operating_revenue": 4774620, 
        "long_term_average": 968528, 
        "date": "2013-04-30", 
        "operating_revenue": 1291532, 
        "short_term_average": 1148795
    }, 
    {
        "accumulated_operating_revenue_yoy": 70.66275753650966, 
        "accumulated_operating_revenue": 5547410, 
        "long_term_average": 973427, 
        "date": "2013-05-31", 
        "operating_revenue": 772790, 
        "short_term_average": 1113107
    }, 
    {
        "accumulated_operating_revenue_yoy": 60.52569683149582, 
        "accumulated_operating_revenue": 6087860, 
        "long_term_average": 973303, 
        "date": "2013-06-30", 
        "operating_revenue": 540450, 
        "short_term_average": 868257
    }, 
    {
        "accumulated_operating_revenue_yoy": 54.039111037174045, 
        "accumulated_operating_revenue": 6777935, 
        "long_term_average": 980168, 
        "date": "2013-07-31", 
        "operating_revenue": 690075, 
        "short_term_average": 667771
    }, 
    {
        "accumulated_operating_revenue_yoy": 44.70989727661067, 
        "accumulated_operating_revenue": 7386695, 
        "long_term_average": 972203, 
        "date": "2013-08-31", 
        "operating_revenue": 608760, 
        "short_term_average": 613095
    }, 
    {
        "accumulated_operating_revenue_yoy": 32.749740907425455, 
        "accumulated_operating_revenue": 8155556, 
        "long_term_average": 949685, 
        "date": "2013-09-30", 
        "operating_revenue": 768861, 
        "short_term_average": 689232
    }, 
    {
        "accumulated_operating_revenue_yoy": 18.577897579152072, 
        "accumulated_operating_revenue": 8899289, 
        "long_term_average": 898208, 
        "date": "2013-10-31", 
        "operating_revenue": 743733, 
        "short_term_average": 707118
    }, 
    {
        "accumulated_operating_revenue_yoy": 11.437999527575576, 
        "accumulated_operating_revenue": 9369366, 
        "long_term_average": 862158, 
        "date": "2013-11-30", 
        "operating_revenue": 470077, 
        "short_term_average": 660890
    }, 
    {
        "accumulated_operating_revenue_yoy": 6.132947920825905, 
        "accumulated_operating_revenue": 9959761, 
        "long_term_average": 829980, 
        "date": "2013-12-31", 
        "operating_revenue": 590395, 
        "short_term_average": 601401
    }, 
    {
        "accumulated_operating_revenue_yoy": -52.099630035069126, 
        "accumulated_operating_revenue": 636229, 
        "long_term_average": 772313, 
        "date": "2014-01-31", 
        "operating_revenue": 636229, 
        "short_term_average": 565567
    }, 
    {
        "accumulated_operating_revenue_yoy": -48.95004184615831, 
        "accumulated_operating_revenue": 1127228, 
        "long_term_average": 739908, 
        "date": "2014-02-28", 
        "operating_revenue": 490999, 
        "short_term_average": 572541
    }, 
    {
        "accumulated_operating_revenue_yoy": -50.325802850803655, 
        "accumulated_operating_revenue": 1730196, 
        "long_term_average": 683905, 
        "date": "2014-03-31", 
        "operating_revenue": 602968, 
        "short_term_average": 576732
    }, 
    {
        "accumulated_operating_revenue_yoy": -51.18897420108826, 
        "accumulated_operating_revenue": 2330541, 
        "long_term_average": 626306, 
        "date": "2014-04-30", 
        "operating_revenue": 600345, 
        "short_term_average": 564770
    }, 
    {
        "accumulated_operating_revenue_yoy": -48.700330424468355, 
        "accumulated_operating_revenue": 2845803, 
        "long_term_average": 604846, 
        "date": "2014-05-31", 
        "operating_revenue": 515262, 
        "short_term_average": 572858
    }, 
    {
        "accumulated_operating_revenue_yoy": -41.50644068687519, 
        "accumulated_operating_revenue": 3561006, 
        "long_term_average": 619408, 
        "date": "2014-06-30", 
        "operating_revenue": 715203, 
        "short_term_average": 610270
    }, 
    {
        "accumulated_operating_revenue_yoy": -35.63707825466016, 
        "accumulated_operating_revenue": 4362477, 
        "long_term_average": 628691, 
        "date": "2014-07-31", 
        "operating_revenue": 801471, 
        "short_term_average": 677312
    }, 
    {
        "accumulated_operating_revenue_yoy": -29.886843845589944, 
        "accumulated_operating_revenue": 5179045, 
        "long_term_average": 646009, 
        "date": "2014-08-31", 
        "operating_revenue": 816568, 
        "short_term_average": 777747
    }, 
    {
        "accumulated_operating_revenue_yoy": -27.780472600519207, 
        "accumulated_operating_revenue": 5889904, 
        "long_term_average": 641175, 
        "date": "2014-09-30", 
        "operating_revenue": 710859, 
        "short_term_average": 776299
    }, 
    {
        "accumulated_operating_revenue_yoy": -26.3452282536279, 
        "accumulated_operating_revenue": 6554751, 
        "long_term_average": 634601, 
        "date": "2014-10-31", 
        "operating_revenue": 664847, 
        "short_term_average": 730758
    }, 
    {
        "accumulated_operating_revenue_yoy": -22.759448184647713, 
        "accumulated_operating_revenue": 7236950, 
        "long_term_average": 652278, 
        "date": "2014-11-30", 
        "operating_revenue": 682199, 
        "short_term_average": 685968
    }, 
    {
        "accumulated_operating_revenue_yoy": -20.304633816012252, 
        "accumulated_operating_revenue": 7937468, 
        "long_term_average": 661455, 
        "date": "2014-12-31", 
        "operating_revenue": 700518, 
        "short_term_average": 682521
    }, 
    {
        "accumulated_operating_revenue_yoy": -3.751007891812539, 
        "accumulated_operating_revenue": 612364, 
        "long_term_average": 659466, 
        "date": "2015-01-31", 
        "operating_revenue": 612364, 
        "short_term_average": 665027
    }, 
    {
        "accumulated_operating_revenue_yoy": -19.030222812066413, 
        "accumulated_operating_revenue": 912714, 
        "long_term_average": 643579, 
        "date": "2015-02-28", 
        "operating_revenue": 300350, 
        "short_term_average": 537744
    }, 
    {
        "accumulated_operating_revenue_yoy": -25.14599502021736, 
        "accumulated_operating_revenue": 1295121, 
        "long_term_average": 625199, 
        "date": "2015-03-31", 
        "operating_revenue": 382407, 
        "short_term_average": 431707
    }, 
    {
        "accumulated_operating_revenue_yoy": -30.143988026814373, 
        "accumulated_operating_revenue": 1628023, 
        "long_term_average": 602912, 
        "date": "2015-04-30", 
        "operating_revenue": 332902, 
        "short_term_average": 338553
    }, 
    {
        "accumulated_operating_revenue_yoy": -32.02867521047662, 
        "accumulated_operating_revenue": 1934330, 
        "long_term_average": 585499, 
        "date": "2015-05-31", 
        "operating_revenue": 306307, 
        "short_term_average": 340538
    }, 
    {
        "accumulated_operating_revenue_yoy": -36.71246271418807, 
        "accumulated_operating_revenue": 2253673, 
        "long_term_average": 552511, 
        "date": "2015-06-30", 
        "operating_revenue": 319343, 
        "short_term_average": 319517
    }, 
    {
        "accumulated_operating_revenue_yoy": -33.964236373051364, 
        "accumulated_operating_revenue": 2880795, 
        "long_term_average": 537982, 
        "date": "2015-07-31", 
        "operating_revenue": 627122, 
        "short_term_average": 417590
    }, 
    {
        "accumulated_operating_revenue_yoy": -34.23395626027578, 
        "accumulated_operating_revenue": 3406053, 
        "long_term_average": 513706, 
        "date": "2015-08-31", 
        "operating_revenue": 525258, 
        "short_term_average": 490574
    }, 
    {
        "accumulated_operating_revenue_yoy": -32.103766037612836, 
        "accumulated_operating_revenue": 3999023, 
        "long_term_average": 503882, 
        "date": "2015-09-30", 
        "operating_revenue": 592970, 
        "short_term_average": 581783
    }
]