[
    {
        "date": "2012-01-31", 
        "operating_revenue": 76403, 
        "accumulated_operating_revenue": 76403, 
        "long_term_average": 76403, 
        "short_term_average": 76403
    }, 
    {
        "date": "2012-02-29", 
        "operating_revenue": 78375, 
        "accumulated_operating_revenue": 154778, 
        "long_term_average": 77389, 
        "short_term_average": 77389
    }, 
    {
        "date": "2012-03-31", 
        "operating_revenue": 89230, 
        "accumulated_operating_revenue": 244008, 
        "long_term_average": 81336, 
        "short_term_average": 81336
    }, 
    {
        "date": "2012-04-30", 
        "operating_revenue": 105458, 
        "accumulated_operating_revenue": 349466, 
        "long_term_average": 87366, 
        "short_term_average": 91021
    }, 
    {
        "date": "2012-05-31", 
        "operating_revenue": 110933, 
        "accumulated_operating_revenue": 460399, 
        "long_term_average": 92079, 
        "short_term_average": 101873
    }, 
    {
        "date": "2012-06-30", 
        "operating_revenue": 100330, 
        "accumulated_operating_revenue": 560729, 
        "long_term_average": 93454, 
        "short_term_average": 105573
    }, 
    {
        "date": "2012-07-31", 
        "operating_revenue": 92452, 
        "accumulated_operating_revenue": 653181, 
        "long_term_average": 93311, 
        "short_term_average": 101238
    }, 
    {
        "date": "2012-08-31", 
        "operating_revenue": 92514, 
        "accumulated_operating_revenue": 745695, 
        "long_term_average": 93211, 
        "short_term_average": 95098
    }, 
    {
        "date": "2012-09-30", 
        "operating_revenue": 90108, 
        "accumulated_operating_revenue": 835803, 
        "long_term_average": 92867, 
        "short_term_average": 91691
    }, 
    {
        "date": "2012-10-31", 
        "operating_revenue": 92331, 
        "accumulated_operating_revenue": 928134, 
        "long_term_average": 92813, 
        "short_term_average": 91651
    }, 
    {
        "date": "2012-11-30", 
        "operating_revenue": 92537, 
        "accumulated_operating_revenue": 1020671, 
        "long_term_average": 92788, 
        "short_term_average": 91658
    }, 
    {
        "date": "2012-12-31", 
        "operating_revenue": 93552, 
        "accumulated_operating_revenue": 1114223, 
        "long_term_average": 92851, 
        "short_term_average": 92806
    }, 
    {
        "accumulated_operating_revenue_yoy": 24.561862754080337, 
        "accumulated_operating_revenue": 95169, 
        "long_term_average": 94415, 
        "date": "2013-01-31", 
        "operating_revenue": 95169, 
        "short_term_average": 93752
    }, 
    {
        "accumulated_operating_revenue_yoy": 18.407654834666427, 
        "accumulated_operating_revenue": 183269, 
        "long_term_average": 95226, 
        "date": "2013-02-28", 
        "operating_revenue": 88100, 
        "short_term_average": 92273
    }, 
    {
        "accumulated_operating_revenue_yoy": 17.73958230877676, 
        "accumulated_operating_revenue": 287294, 
        "long_term_average": 96459, 
        "date": "2013-03-31", 
        "operating_revenue": 104025, 
        "short_term_average": 95764
    }, 
    {
        "accumulated_operating_revenue_yoy": 13.724940337543568, 
        "accumulated_operating_revenue": 397430, 
        "long_term_average": 96848, 
        "date": "2013-04-30", 
        "operating_revenue": 110136, 
        "short_term_average": 100753
    }, 
    {
        "accumulated_operating_revenue_yoy": 12.393163321379934, 
        "accumulated_operating_revenue": 517457, 
        "long_term_average": 97606, 
        "date": "2013-05-31", 
        "operating_revenue": 120027, 
        "short_term_average": 111396
    }, 
    {
        "accumulated_operating_revenue_yoy": 14.582980370196655, 
        "accumulated_operating_revenue": 642500, 
        "long_term_average": 99666, 
        "date": "2013-06-30", 
        "operating_revenue": 125043, 
        "short_term_average": 118402
    }, 
    {
        "accumulated_operating_revenue_yoy": 16.793660562692423, 
        "accumulated_operating_revenue": 762874, 
        "long_term_average": 101993, 
        "date": "2013-07-31", 
        "operating_revenue": 120374, 
        "short_term_average": 121814
    }, 
    {
        "accumulated_operating_revenue_yoy": 18.461703511489283, 
        "accumulated_operating_revenue": 883363, 
        "long_term_average": 104324, 
        "date": "2013-08-31", 
        "operating_revenue": 120489, 
        "short_term_average": 121968
    }, 
    {
        "accumulated_operating_revenue_yoy": 18.85193041901022, 
        "accumulated_operating_revenue": 993368, 
        "long_term_average": 105982, 
        "date": "2013-09-30", 
        "operating_revenue": 110005, 
        "short_term_average": 116956
    }, 
    {
        "accumulated_operating_revenue_yoy": 17.80572632831035, 
        "accumulated_operating_revenue": 1093395, 
        "long_term_average": 106623, 
        "date": "2013-10-31", 
        "operating_revenue": 100027, 
        "short_term_average": 110173
    }, 
    {
        "accumulated_operating_revenue_yoy": 16.92778574094885, 
        "accumulated_operating_revenue": 1193448, 
        "long_term_average": 107250, 
        "date": "2013-11-30", 
        "operating_revenue": 100053, 
        "short_term_average": 103361
    }, 
    {
        "accumulated_operating_revenue_yoy": 15.816672246040515, 
        "accumulated_operating_revenue": 1290456, 
        "long_term_average": 107538, 
        "date": "2013-12-31", 
        "operating_revenue": 97008, 
        "short_term_average": 99029
    }, 
    {
        "accumulated_operating_revenue_yoy": -0.1492082505858, 
        "accumulated_operating_revenue": 95027, 
        "long_term_average": 107526, 
        "date": "2014-01-31", 
        "operating_revenue": 95027, 
        "short_term_average": 97362
    }, 
    {
        "accumulated_operating_revenue_yoy": 3.720760194031724, 
        "accumulated_operating_revenue": 190088, 
        "long_term_average": 108106, 
        "date": "2014-02-28", 
        "operating_revenue": 95061, 
        "short_term_average": 95698
    }, 
    {
        "accumulated_operating_revenue_yoy": 0.4587634966271485, 
        "accumulated_operating_revenue": 288612, 
        "long_term_average": 107647, 
        "date": "2014-03-31", 
        "operating_revenue": 98524, 
        "short_term_average": 96204
    }, 
    {
        "accumulated_operating_revenue_yoy": -0.9131167752811815, 
        "accumulated_operating_revenue": 393801, 
        "long_term_average": 107235, 
        "date": "2014-04-30", 
        "operating_revenue": 105189, 
        "short_term_average": 99591
    }, 
    {
        "accumulated_operating_revenue_yoy": -3.18596521063586, 
        "accumulated_operating_revenue": 500971, 
        "long_term_average": 106164, 
        "date": "2014-05-31", 
        "operating_revenue": 107170, 
        "short_term_average": 103627
    }, 
    {
        "accumulated_operating_revenue_yoy": -5.292762645914397, 
        "accumulated_operating_revenue": 608494, 
        "long_term_average": 104704, 
        "date": "2014-06-30", 
        "operating_revenue": 107523, 
        "short_term_average": 106627
    }, 
    {
        "accumulated_operating_revenue_yoy": -5.782213052220944, 
        "accumulated_operating_revenue": 718763, 
        "long_term_average": 103862, 
        "date": "2014-07-31", 
        "operating_revenue": 110269, 
        "short_term_average": 108320
    }, 
    {
        "accumulated_operating_revenue_yoy": -5.935838381277006, 
        "accumulated_operating_revenue": 830928, 
        "long_term_average": 103168, 
        "date": "2014-08-31", 
        "operating_revenue": 112165, 
        "short_term_average": 109985
    }, 
    {
        "accumulated_operating_revenue_yoy": -4.964625395623777, 
        "accumulated_operating_revenue": 944051, 
        "long_term_average": 103428, 
        "date": "2014-09-30", 
        "operating_revenue": 113123, 
        "short_term_average": 111852
    }, 
    {
        "accumulated_operating_revenue_yoy": -3.1799121086158246, 
        "accumulated_operating_revenue": 1058626, 
        "long_term_average": 104640, 
        "date": "2014-10-31", 
        "operating_revenue": 114575, 
        "short_term_average": 113287
    }, 
    {
        "accumulated_operating_revenue_yoy": -1.6799223761739095, 
        "accumulated_operating_revenue": 1173399, 
        "long_term_average": 105867, 
        "date": "2014-11-30", 
        "operating_revenue": 114773, 
        "short_term_average": 114157
    }, 
    {
        "accumulated_operating_revenue_yoy": -0.22526920716397925, 
        "accumulated_operating_revenue": 1287549, 
        "long_term_average": 107295, 
        "date": "2014-12-31", 
        "operating_revenue": 114150, 
        "short_term_average": 114499
    }, 
    {
        "accumulated_operating_revenue_yoy": 28.62028686583813, 
        "accumulated_operating_revenue": 122224, 
        "long_term_average": 109562, 
        "date": "2015-01-31", 
        "operating_revenue": 122224, 
        "short_term_average": 117049
    }, 
    {
        "accumulated_operating_revenue_yoy": 19.046967720213797, 
        "accumulated_operating_revenue": 226294, 
        "long_term_average": 110312, 
        "date": "2015-02-28", 
        "operating_revenue": 104070, 
        "short_term_average": 113481
    }, 
    {
        "accumulated_operating_revenue_yoy": 21.9644366831594, 
        "accumulated_operating_revenue": 352004, 
        "long_term_average": 112578, 
        "date": "2015-03-31", 
        "operating_revenue": 125710, 
        "short_term_average": 117334
    }, 
    {
        "accumulated_operating_revenue_yoy": 23.829548426743457, 
        "accumulated_operating_revenue": 487642, 
        "long_term_average": 115115, 
        "date": "2015-04-30", 
        "operating_revenue": 135638, 
        "short_term_average": 121806
    }, 
    {
        "accumulated_operating_revenue_yoy": 24.948350303710196, 
        "accumulated_operating_revenue": 625955, 
        "long_term_average": 117711, 
        "date": "2015-05-31", 
        "operating_revenue": 138313, 
        "short_term_average": 133220
    }, 
    {
        "accumulated_operating_revenue_yoy": 26.914645008825065, 
        "accumulated_operating_revenue": 772268, 
        "long_term_average": 120943, 
        "date": "2015-06-30", 
        "operating_revenue": 146313, 
        "short_term_average": 140088
    }, 
    {
        "accumulated_operating_revenue_yoy": 29.0767610464089, 
        "accumulated_operating_revenue": 927756, 
        "long_term_average": 124711, 
        "date": "2015-07-31", 
        "operating_revenue": 155488, 
        "short_term_average": 146704
    }, 
    {
        "accumulated_operating_revenue_yoy": 30.87042439296786, 
        "accumulated_operating_revenue": 1087439, 
        "long_term_average": 128671, 
        "date": "2015-08-31", 
        "operating_revenue": 159683, 
        "short_term_average": 153828
    }
]