[
    {
        "date": "2011-09-30", 
        "operating_revenue": 73099, 
        "accumulated_operating_revenue": 73099, 
        "long_term_average": 73099, 
        "short_term_average": 73099
    }, 
    {
        "date": "2011-10-31", 
        "operating_revenue": 72356, 
        "accumulated_operating_revenue": 145455, 
        "long_term_average": 72727, 
        "short_term_average": 72727
    }, 
    {
        "date": "2011-11-30", 
        "operating_revenue": 73630, 
        "accumulated_operating_revenue": 219085, 
        "long_term_average": 73028, 
        "short_term_average": 73028
    }, 
    {
        "date": "2011-12-31", 
        "operating_revenue": 67583, 
        "accumulated_operating_revenue": 286668, 
        "long_term_average": 71667, 
        "short_term_average": 71189
    }, 
    {
        "date": "2012-01-31", 
        "operating_revenue": 48121, 
        "accumulated_operating_revenue": 48121, 
        "long_term_average": 66957, 
        "short_term_average": 63111
    }, 
    {
        "date": "2012-02-29", 
        "operating_revenue": 52512, 
        "accumulated_operating_revenue": 100633, 
        "long_term_average": 64550, 
        "short_term_average": 56072
    }, 
    {
        "date": "2012-03-31", 
        "operating_revenue": 57805, 
        "accumulated_operating_revenue": 158438, 
        "long_term_average": 63586, 
        "short_term_average": 52812
    }, 
    {
        "date": "2012-04-30", 
        "operating_revenue": 52883, 
        "accumulated_operating_revenue": 211321, 
        "long_term_average": 62248, 
        "short_term_average": 54400
    }, 
    {
        "date": "2012-05-31", 
        "operating_revenue": 73743, 
        "accumulated_operating_revenue": 285064, 
        "long_term_average": 63525, 
        "short_term_average": 61477
    }, 
    {
        "date": "2012-06-30", 
        "operating_revenue": 79650, 
        "accumulated_operating_revenue": 364714, 
        "long_term_average": 65138, 
        "short_term_average": 68758
    }, 
    {
        "date": "2012-07-31", 
        "operating_revenue": 78778, 
        "accumulated_operating_revenue": 443492, 
        "long_term_average": 66378, 
        "short_term_average": 77390
    }, 
    {
        "date": "2012-08-31", 
        "operating_revenue": 80894, 
        "accumulated_operating_revenue": 524386, 
        "long_term_average": 67587, 
        "short_term_average": 79774
    }, 
    {
        "accumulated_operating_revenue_yoy": 724.6378199428173, 
        "accumulated_operating_revenue": 602802, 
        "long_term_average": 68030, 
        "date": "2012-09-30", 
        "operating_revenue": 78416, 
        "short_term_average": 79362
    }, 
    {
        "accumulated_operating_revenue_yoy": 362.86411604963735, 
        "accumulated_operating_revenue": 673259, 
        "long_term_average": 67872, 
        "date": "2012-10-31", 
        "operating_revenue": 70457, 
        "short_term_average": 76589
    }, 
    {
        "accumulated_operating_revenue_yoy": 238.9999315334231, 
        "accumulated_operating_revenue": 742698, 
        "long_term_average": 67523, 
        "date": "2012-11-30", 
        "operating_revenue": 69439, 
        "short_term_average": 72770
    }, 
    {
        "accumulated_operating_revenue_yoy": 181.58148101636738, 
        "accumulated_operating_revenue": 807204, 
        "long_term_average": 67267, 
        "date": "2012-12-31", 
        "operating_revenue": 64506, 
        "short_term_average": 68134
    }, 
    {
        "accumulated_operating_revenue_yoy": 16.836724091353048, 
        "accumulated_operating_revenue": 56223, 
        "long_term_average": 67942, 
        "date": "2013-01-31", 
        "operating_revenue": 56223, 
        "short_term_average": 63389
    }, 
    {
        "accumulated_operating_revenue_yoy": -2.668110858267169, 
        "accumulated_operating_revenue": 97948, 
        "long_term_average": 67043, 
        "date": "2013-02-28", 
        "operating_revenue": 41725, 
        "short_term_average": 54151
    }, 
    {
        "accumulated_operating_revenue_yoy": 2.744291142276474, 
        "accumulated_operating_revenue": 162786, 
        "long_term_average": 67629, 
        "date": "2013-03-31", 
        "operating_revenue": 64838, 
        "short_term_average": 54262
    }, 
    {
        "accumulated_operating_revenue_yoy": 8.718489880324245, 
        "accumulated_operating_revenue": 229745, 
        "long_term_average": 68802, 
        "date": "2013-04-30", 
        "operating_revenue": 66959, 
        "short_term_average": 57840
    }, 
    {
        "accumulated_operating_revenue_yoy": 5.864998737125698, 
        "accumulated_operating_revenue": 301783, 
        "long_term_average": 68660, 
        "date": "2013-05-31", 
        "operating_revenue": 72038, 
        "short_term_average": 67945
    }, 
    {
        "accumulated_operating_revenue_yoy": 2.2614980505272624, 
        "accumulated_operating_revenue": 372962, 
        "long_term_average": 67954, 
        "date": "2013-06-30", 
        "operating_revenue": 71179, 
        "short_term_average": 70058
    }, 
    {
        "accumulated_operating_revenue_yoy": 1.4002507373300985, 
        "accumulated_operating_revenue": 449702, 
        "long_term_average": 67784, 
        "date": "2013-07-31", 
        "operating_revenue": 76740, 
        "short_term_average": 73319
    }, 
    {
        "accumulated_operating_revenue_yoy": -1.2843592315584322, 
        "accumulated_operating_revenue": 517651, 
        "long_term_average": 66705, 
        "date": "2013-08-31", 
        "operating_revenue": 67949, 
        "short_term_average": 71956
    }, 
    {
        "accumulated_operating_revenue_yoy": -2.8999571998765763, 
        "accumulated_operating_revenue": 585321, 
        "long_term_average": 65810, 
        "date": "2013-09-30", 
        "operating_revenue": 67670, 
        "short_term_average": 70786
    }, 
    {
        "accumulated_operating_revenue_yoy": -4.837068646687234, 
        "accumulated_operating_revenue": 640693, 
        "long_term_average": 64553, 
        "date": "2013-10-31", 
        "operating_revenue": 55372, 
        "short_term_average": 63663
    }, 
    {
        "accumulated_operating_revenue_yoy": -5.1462370977167025, 
        "accumulated_operating_revenue": 704477, 
        "long_term_average": 64081, 
        "date": "2013-11-30", 
        "operating_revenue": 63784, 
        "short_term_average": 62275
    }, 
    {
        "accumulated_operating_revenue_yoy": -4.120767488763684, 
        "accumulated_operating_revenue": 773941, 
        "long_term_average": 64495, 
        "date": "2013-12-31", 
        "operating_revenue": 69464, 
        "short_term_average": 62873
    }, 
    {
        "accumulated_operating_revenue_yoy": 2.5292140227309106, 
        "accumulated_operating_revenue": 57645, 
        "long_term_average": 64613, 
        "date": "2014-01-31", 
        "operating_revenue": 57645, 
        "short_term_average": 63631
    }, 
    {
        "accumulated_operating_revenue_yoy": 16.12181974108711, 
        "accumulated_operating_revenue": 113739, 
        "long_term_average": 65811, 
        "date": "2014-02-28", 
        "operating_revenue": 56094, 
        "short_term_average": 61067
    }, 
    {
        "accumulated_operating_revenue_yoy": 9.999631417935204, 
        "accumulated_operating_revenue": 179064, 
        "long_term_average": 65851, 
        "date": "2014-03-31", 
        "operating_revenue": 65325, 
        "short_term_average": 59688
    }, 
    {
        "accumulated_operating_revenue_yoy": 8.87679818929683, 
        "accumulated_operating_revenue": 250139, 
        "long_term_average": 66194, 
        "date": "2014-04-30", 
        "operating_revenue": 71075, 
        "short_term_average": 64164
    }, 
    {
        "accumulated_operating_revenue_yoy": 3.923348896392441, 
        "accumulated_operating_revenue": 313623, 
        "long_term_average": 65481, 
        "date": "2014-05-31", 
        "operating_revenue": 63484, 
        "short_term_average": 66628
    }, 
    {
        "accumulated_operating_revenue_yoy": 2.9501665048986223, 
        "accumulated_operating_revenue": 383965, 
        "long_term_average": 65412, 
        "date": "2014-06-30", 
        "operating_revenue": 70342, 
        "short_term_average": 68300
    }, 
    {
        "accumulated_operating_revenue_yoy": 1.0331286051651984, 
        "accumulated_operating_revenue": 454348, 
        "long_term_average": 64882, 
        "date": "2014-07-31", 
        "operating_revenue": 70383, 
        "short_term_average": 68069
    }, 
    {
        "accumulated_operating_revenue_yoy": 0.31102035927681004, 
        "accumulated_operating_revenue": 519261, 
        "long_term_average": 64629, 
        "date": "2014-08-31", 
        "operating_revenue": 64913, 
        "short_term_average": 68546
    }, 
    {
        "accumulated_operating_revenue_yoy": 0.3787665229848237, 
        "accumulated_operating_revenue": 587538, 
        "long_term_average": 64679, 
        "date": "2014-09-30", 
        "operating_revenue": 68277, 
        "short_term_average": 67857
    }, 
    {
        "accumulated_operating_revenue_yoy": 3.2672434379648285, 
        "accumulated_operating_revenue": 661626, 
        "long_term_average": 66239, 
        "date": "2014-10-31", 
        "operating_revenue": 74088, 
        "short_term_average": 69092
    }, 
    {
        "accumulated_operating_revenue_yoy": 4.815345284516031, 
        "accumulated_operating_revenue": 738400, 
        "long_term_average": 67322, 
        "date": "2014-11-30", 
        "operating_revenue": 76774, 
        "short_term_average": 73046
    }, 
    {
        "accumulated_operating_revenue_yoy": 4.560812775134022, 
        "accumulated_operating_revenue": 809239, 
        "long_term_average": 67436, 
        "date": "2014-12-31", 
        "operating_revenue": 70839, 
        "short_term_average": 73900
    }, 
    {
        "accumulated_operating_revenue_yoy": 30.1101569954029, 
        "accumulated_operating_revenue": 75002, 
        "long_term_average": 68883, 
        "date": "2015-01-31", 
        "operating_revenue": 75002, 
        "short_term_average": 74205
    }, 
    {
        "accumulated_operating_revenue_yoy": 22.971012581436447, 
        "accumulated_operating_revenue": 139866, 
        "long_term_average": 69613, 
        "date": "2015-02-28", 
        "operating_revenue": 64864, 
        "short_term_average": 70235
    }, 
    {
        "accumulated_operating_revenue_yoy": 17.587007997140688, 
        "accumulated_operating_revenue": 210556, 
        "long_term_average": 70060, 
        "date": "2015-03-31", 
        "operating_revenue": 70690, 
        "short_term_average": 70185
    }, 
    {
        "accumulated_operating_revenue_yoy": 12.153642574728451, 
        "accumulated_operating_revenue": 280540, 
        "long_term_average": 69970, 
        "date": "2015-04-30", 
        "operating_revenue": 69984, 
        "short_term_average": 68512
    }, 
    {
        "accumulated_operating_revenue_yoy": 11.578551317983694, 
        "accumulated_operating_revenue": 349936, 
        "long_term_average": 70462, 
        "date": "2015-05-31", 
        "operating_revenue": 69396, 
        "short_term_average": 70023
    }, 
    {
        "accumulated_operating_revenue_yoy": 8.503118773846573, 
        "accumulated_operating_revenue": 416614, 
        "long_term_average": 70157, 
        "date": "2015-06-30", 
        "operating_revenue": 66678, 
        "short_term_average": 68686
    }, 
    {
        "accumulated_operating_revenue_yoy": 5.231892734203738, 
        "accumulated_operating_revenue": 478119, 
        "long_term_average": 69417, 
        "date": "2015-07-31", 
        "operating_revenue": 61505, 
        "short_term_average": 65859
    }, 
    {
        "accumulated_operating_revenue_yoy": 3.6060863419359435, 
        "accumulated_operating_revenue": 537986, 
        "long_term_average": 68997, 
        "date": "2015-08-31", 
        "operating_revenue": 59867, 
        "short_term_average": 62683
    }
]