[
    {
        "date": "2011-09-30", 
        "operating_revenue": 124573, 
        "accumulated_operating_revenue": 124573, 
        "long_term_average": 124573, 
        "short_term_average": 124573
    }, 
    {
        "date": "2011-10-31", 
        "operating_revenue": 95922, 
        "accumulated_operating_revenue": 220495, 
        "long_term_average": 110247, 
        "short_term_average": 110247
    }, 
    {
        "date": "2011-11-30", 
        "operating_revenue": 132666, 
        "accumulated_operating_revenue": 353161, 
        "long_term_average": 117720, 
        "short_term_average": 117720
    }, 
    {
        "date": "2011-12-31", 
        "operating_revenue": 126180, 
        "accumulated_operating_revenue": 479341, 
        "long_term_average": 119835, 
        "short_term_average": 118256
    }, 
    {
        "date": "2012-01-31", 
        "operating_revenue": 130382, 
        "accumulated_operating_revenue": 130382, 
        "long_term_average": 121944, 
        "short_term_average": 129742
    }, 
    {
        "date": "2012-02-29", 
        "operating_revenue": 132550, 
        "accumulated_operating_revenue": 262932, 
        "long_term_average": 123712, 
        "short_term_average": 129704
    }, 
    {
        "date": "2012-03-31", 
        "operating_revenue": 128158, 
        "accumulated_operating_revenue": 391090, 
        "long_term_average": 124347, 
        "short_term_average": 130363
    }, 
    {
        "date": "2012-04-30", 
        "operating_revenue": 134360, 
        "accumulated_operating_revenue": 525450, 
        "long_term_average": 125598, 
        "short_term_average": 131689
    }, 
    {
        "date": "2012-05-31", 
        "operating_revenue": 160910, 
        "accumulated_operating_revenue": 686360, 
        "long_term_average": 129522, 
        "short_term_average": 141142
    }, 
    {
        "date": "2012-06-30", 
        "operating_revenue": 163214, 
        "accumulated_operating_revenue": 849574, 
        "long_term_average": 132891, 
        "short_term_average": 152828
    }, 
    {
        "date": "2012-07-31", 
        "operating_revenue": 169315, 
        "accumulated_operating_revenue": 1018889, 
        "long_term_average": 136202, 
        "short_term_average": 164479
    }, 
    {
        "date": "2012-08-31", 
        "operating_revenue": 165016, 
        "accumulated_operating_revenue": 1183905, 
        "long_term_average": 138603, 
        "short_term_average": 165848
    }, 
    {
        "accumulated_operating_revenue_yoy": 971.9834956210415, 
        "accumulated_operating_revenue": 1335402, 
        "long_term_average": 140847, 
        "date": "2012-09-30", 
        "operating_revenue": 151497, 
        "short_term_average": 161942
    }, 
    {
        "accumulated_operating_revenue_yoy": 570.4637293362662, 
        "accumulated_operating_revenue": 1478339, 
        "long_term_average": 144765, 
        "date": "2012-10-31", 
        "operating_revenue": 142937, 
        "short_term_average": 153150
    }, 
    {
        "accumulated_operating_revenue_yoy": 353.91337095545657, 
        "accumulated_operating_revenue": 1603045, 
        "long_term_average": 144102, 
        "date": "2012-11-30", 
        "operating_revenue": 124706, 
        "short_term_average": 139713
    }, 
    {
        "accumulated_operating_revenue_yoy": 261.252010572849, 
        "accumulated_operating_revenue": 1731629, 
        "long_term_average": 144302, 
        "date": "2012-12-31", 
        "operating_revenue": 128584, 
        "short_term_average": 132075
    }, 
    {
        "accumulated_operating_revenue_yoy": -5.440168121366447, 
        "accumulated_operating_revenue": 123289, 
        "long_term_average": 143711, 
        "date": "2013-01-31", 
        "operating_revenue": 123289, 
        "short_term_average": 125526
    }, 
    {
        "accumulated_operating_revenue_yoy": -13.844644242617862, 
        "accumulated_operating_revenue": 226530, 
        "long_term_average": 141268, 
        "date": "2013-02-28", 
        "operating_revenue": 103241, 
        "short_term_average": 118371
    }, 
    {
        "accumulated_operating_revenue_yoy": 1.1652049400393771, 
        "accumulated_operating_revenue": 395647, 
        "long_term_average": 144682, 
        "date": "2013-03-31", 
        "operating_revenue": 169117, 
        "short_term_average": 131882
    }, 
    {
        "accumulated_operating_revenue_yoy": 10.404986202302787, 
        "accumulated_operating_revenue": 580123, 
        "long_term_average": 148858, 
        "date": "2013-04-30", 
        "operating_revenue": 184476, 
        "short_term_average": 152278
    }, 
    {
        "accumulated_operating_revenue_yoy": 11.552829418963809, 
        "accumulated_operating_revenue": 765654, 
        "long_term_average": 150910, 
        "date": "2013-05-31", 
        "operating_revenue": 185531, 
        "short_term_average": 179708
    }, 
    {
        "accumulated_operating_revenue_yoy": 13.708752857314371, 
        "accumulated_operating_revenue": 966040, 
        "long_term_average": 154007, 
        "date": "2013-06-30", 
        "operating_revenue": 200386, 
        "short_term_average": 190131
    }, 
    {
        "accumulated_operating_revenue_yoy": 16.582081070656372, 
        "accumulated_operating_revenue": 1187842, 
        "long_term_average": 158381, 
        "date": "2013-07-31", 
        "operating_revenue": 221802, 
        "short_term_average": 202573
    }, 
    {
        "accumulated_operating_revenue_yoy": 19.445563622081163, 
        "accumulated_operating_revenue": 1414122, 
        "long_term_average": 163487, 
        "date": "2013-08-31", 
        "operating_revenue": 226280, 
        "short_term_average": 216156
    }, 
    {
        "accumulated_operating_revenue_yoy": 23.29702965848486, 
        "accumulated_operating_revenue": 1646511, 
        "long_term_average": 170228, 
        "date": "2013-09-30", 
        "operating_revenue": 232389, 
        "short_term_average": 226823
    }, 
    {
        "accumulated_operating_revenue_yoy": 27.082015694641083, 
        "accumulated_operating_revenue": 1878703, 
        "long_term_average": 177666, 
        "date": "2013-10-31", 
        "operating_revenue": 232192, 
        "short_term_average": 230287
    }, 
    {
        "accumulated_operating_revenue_yoy": 30.49683570954028, 
        "accumulated_operating_revenue": 2091923, 
        "long_term_average": 185042, 
        "date": "2013-11-30", 
        "operating_revenue": 213220, 
        "short_term_average": 225933
    }, 
    {
        "accumulated_operating_revenue_yoy": 33.321398521276784, 
        "accumulated_operating_revenue": 2308632, 
        "long_term_average": 192386, 
        "date": "2013-12-31", 
        "operating_revenue": 216709, 
        "short_term_average": 220707
    }, 
    {
        "accumulated_operating_revenue_yoy": 9.260355749499144, 
        "accumulated_operating_revenue": 134706, 
        "long_term_average": 193337, 
        "date": "2014-01-31", 
        "operating_revenue": 134706, 
        "short_term_average": 188211
    }, 
    {
        "accumulated_operating_revenue_yoy": 21.14686796450801, 
        "accumulated_operating_revenue": 274434, 
        "long_term_average": 196378, 
        "date": "2014-02-28", 
        "operating_revenue": 139728, 
        "short_term_average": 163714
    }, 
    {
        "accumulated_operating_revenue_yoy": 14.192702080389843, 
        "accumulated_operating_revenue": 451800, 
        "long_term_average": 197065, 
        "date": "2014-03-31", 
        "operating_revenue": 177366, 
        "short_term_average": 150600
    }, 
    {
        "accumulated_operating_revenue_yoy": 14.544846523926822, 
        "accumulated_operating_revenue": 664501, 
        "long_term_average": 199417, 
        "date": "2014-04-30", 
        "operating_revenue": 212701, 
        "short_term_average": 176598
    }, 
    {
        "accumulated_operating_revenue_yoy": 13.734010401565197, 
        "accumulated_operating_revenue": 870809, 
        "long_term_average": 201148, 
        "date": "2014-05-31", 
        "operating_revenue": 206308, 
        "short_term_average": 198791
    }, 
    {
        "accumulated_operating_revenue_yoy": 7.07527638607097, 
        "accumulated_operating_revenue": 1034390, 
        "long_term_average": 198081, 
        "date": "2014-06-30", 
        "operating_revenue": 163581, 
        "short_term_average": 194196
    }, 
    {
        "accumulated_operating_revenue_yoy": -2.5419205584581115, 
        "accumulated_operating_revenue": 1157648, 
        "long_term_average": 189869, 
        "date": "2014-07-31", 
        "operating_revenue": 123258, 
        "short_term_average": 164382
    }, 
    {
        "accumulated_operating_revenue_yoy": -8.957218684102221, 
        "accumulated_operating_revenue": 1287456, 
        "long_term_average": 181830, 
        "date": "2014-08-31", 
        "operating_revenue": 129808, 
        "short_term_average": 138882
    }, 
    {
        "accumulated_operating_revenue_yoy": -13.995715789326644, 
        "accumulated_operating_revenue": 1416070, 
        "long_term_average": 173182, 
        "date": "2014-09-30", 
        "operating_revenue": 128614, 
        "short_term_average": 127226
    }, 
    {
        "accumulated_operating_revenue_yoy": -17.54130376115863, 
        "accumulated_operating_revenue": 1549154, 
        "long_term_average": 164923, 
        "date": "2014-10-31", 
        "operating_revenue": 133084, 
        "short_term_average": 130502
    }, 
    {
        "accumulated_operating_revenue_yoy": -18.60030220997618, 
        "accumulated_operating_revenue": 1702819, 
        "long_term_average": 159960, 
        "date": "2014-11-30", 
        "operating_revenue": 153665, 
        "short_term_average": 138454
    }, 
    {
        "accumulated_operating_revenue_yoy": -19.13106982836589, 
        "accumulated_operating_revenue": 1866966, 
        "long_term_average": 155580, 
        "date": "2014-12-31", 
        "operating_revenue": 164147, 
        "short_term_average": 150298
    }, 
    {
        "accumulated_operating_revenue_yoy": 43.52070434872983, 
        "accumulated_operating_revenue": 193331, 
        "long_term_average": 160465, 
        "date": "2015-01-31", 
        "operating_revenue": 193331, 
        "short_term_average": 170381
    }, 
    {
        "accumulated_operating_revenue_yoy": 26.50108951514754, 
        "accumulated_operating_revenue": 347162, 
        "long_term_average": 161641, 
        "date": "2015-02-28", 
        "operating_revenue": 153831, 
        "short_term_average": 170436
    }, 
    {
        "accumulated_operating_revenue_yoy": 22.514829570606462, 
        "accumulated_operating_revenue": 553522, 
        "long_term_average": 164057, 
        "date": "2015-03-31", 
        "operating_revenue": 206360, 
        "short_term_average": 184507
    }, 
    {
        "accumulated_operating_revenue_yoy": 17.49568473185142, 
        "accumulated_operating_revenue": 780760, 
        "long_term_average": 165268, 
        "date": "2015-04-30", 
        "operating_revenue": 227238, 
        "short_term_average": 195809
    }, 
    {
        "accumulated_operating_revenue_yoy": 16.158767307182174, 
        "accumulated_operating_revenue": 1011521, 
        "long_term_average": 167306, 
        "date": "2015-05-31", 
        "operating_revenue": 230761, 
        "short_term_average": 221453
    }, 
    {
        "accumulated_operating_revenue_yoy": 21.046027127099062, 
        "accumulated_operating_revenue": 1252088, 
        "long_term_average": 173722, 
        "date": "2015-06-30", 
        "operating_revenue": 240567, 
        "short_term_average": 232855
    }, 
    {
        "accumulated_operating_revenue_yoy": 26.294780451398008, 
        "accumulated_operating_revenue": 1462049, 
        "long_term_average": 180947, 
        "date": "2015-07-31", 
        "operating_revenue": 209961, 
        "short_term_average": 227096
    }, 
    {
        "accumulated_operating_revenue_yoy": 28.71632117913156, 
        "accumulated_operating_revenue": 1657166, 
        "long_term_average": 186389, 
        "date": "2015-08-31", 
        "operating_revenue": 195117, 
        "short_term_average": 215215
    }
]