[
    {
        "date": "2012-01-31", 
        "operating_revenue": 20221, 
        "accumulated_operating_revenue": 20221, 
        "long_term_average": 20221, 
        "short_term_average": 20221
    }, 
    {
        "date": "2012-02-29", 
        "operating_revenue": 10847, 
        "accumulated_operating_revenue": 31068, 
        "long_term_average": 15534, 
        "short_term_average": 15534
    }, 
    {
        "date": "2012-03-31", 
        "operating_revenue": 18321, 
        "accumulated_operating_revenue": 49389, 
        "long_term_average": 16463, 
        "short_term_average": 16463
    }, 
    {
        "date": "2012-04-30", 
        "operating_revenue": 15457, 
        "accumulated_operating_revenue": 64846, 
        "long_term_average": 16211, 
        "short_term_average": 14875
    }, 
    {
        "date": "2012-05-31", 
        "operating_revenue": 15828, 
        "accumulated_operating_revenue": 80674, 
        "long_term_average": 16134, 
        "short_term_average": 16535
    }, 
    {
        "date": "2012-06-30", 
        "operating_revenue": 30313, 
        "accumulated_operating_revenue": 110987, 
        "long_term_average": 18497, 
        "short_term_average": 20532
    }, 
    {
        "date": "2012-07-31", 
        "operating_revenue": 14903, 
        "accumulated_operating_revenue": 125890, 
        "long_term_average": 17984, 
        "short_term_average": 20348
    }, 
    {
        "date": "2012-08-31", 
        "operating_revenue": 18366, 
        "accumulated_operating_revenue": 144256, 
        "long_term_average": 18032, 
        "short_term_average": 21194
    }, 
    {
        "date": "2012-09-30", 
        "operating_revenue": 22119, 
        "accumulated_operating_revenue": 166375, 
        "long_term_average": 18486, 
        "short_term_average": 18462
    }, 
    {
        "date": "2012-10-31", 
        "operating_revenue": 22125, 
        "accumulated_operating_revenue": 188500, 
        "long_term_average": 18850, 
        "short_term_average": 20870
    }, 
    {
        "date": "2012-11-30", 
        "operating_revenue": 19475, 
        "accumulated_operating_revenue": 207975, 
        "long_term_average": 18906, 
        "short_term_average": 21239
    }, 
    {
        "date": "2012-12-31", 
        "operating_revenue": 18845, 
        "accumulated_operating_revenue": 226820, 
        "long_term_average": 18901, 
        "short_term_average": 20148
    }, 
    {
        "accumulated_operating_revenue_yoy": 36.44231244745561, 
        "accumulated_operating_revenue": 27590, 
        "long_term_average": 19515, 
        "date": "2013-01-31", 
        "operating_revenue": 27590, 
        "short_term_average": 21970
    }, 
    {
        "accumulated_operating_revenue_yoy": 64.10132612334235, 
        "accumulated_operating_revenue": 50983, 
        "long_term_average": 20561, 
        "date": "2013-02-28", 
        "operating_revenue": 23393, 
        "short_term_average": 23276
    }, 
    {
        "accumulated_operating_revenue_yoy": 53.49166818522343, 
        "accumulated_operating_revenue": 75808, 
        "long_term_average": 21103, 
        "date": "2013-03-31", 
        "operating_revenue": 24825, 
        "short_term_average": 25269
    }, 
    {
        "accumulated_operating_revenue_yoy": 60.23039200567498, 
        "accumulated_operating_revenue": 103903, 
        "long_term_average": 22156, 
        "date": "2013-04-30", 
        "operating_revenue": 28095, 
        "short_term_average": 25437
    }, 
    {
        "accumulated_operating_revenue_yoy": 69.22180628207353, 
        "accumulated_operating_revenue": 136518, 
        "long_term_average": 23555, 
        "date": "2013-05-31", 
        "operating_revenue": 32615, 
        "short_term_average": 28511
    }, 
    {
        "accumulated_operating_revenue_yoy": 50.705938533341744, 
        "accumulated_operating_revenue": 167264, 
        "long_term_average": 23591, 
        "date": "2013-06-30", 
        "operating_revenue": 30746, 
        "short_term_average": 30485
    }, 
    {
        "accumulated_operating_revenue_yoy": 58.17697990309, 
        "accumulated_operating_revenue": 199129, 
        "long_term_average": 25004, 
        "date": "2013-07-31", 
        "operating_revenue": 31865, 
        "short_term_average": 31742
    }, 
    {
        "accumulated_operating_revenue_yoy": 54.527368012422365, 
        "accumulated_operating_revenue": 222915, 
        "long_term_average": 25456, 
        "date": "2013-08-31", 
        "operating_revenue": 23786, 
        "short_term_average": 28799
    }, 
    {
        "accumulated_operating_revenue_yoy": 44.08234410217881, 
        "accumulated_operating_revenue": 239717, 
        "long_term_average": 25013, 
        "date": "2013-09-30", 
        "operating_revenue": 16802, 
        "short_term_average": 24151
    }, 
    {
        "accumulated_operating_revenue_yoy": 40.50238726790451, 
        "accumulated_operating_revenue": 264847, 
        "long_term_average": 25263, 
        "date": "2013-10-31", 
        "operating_revenue": 25130, 
        "short_term_average": 21906
    }, 
    {
        "accumulated_operating_revenue_yoy": 38.37576631806707, 
        "accumulated_operating_revenue": 287787, 
        "long_term_average": 25552, 
        "date": "2013-11-30", 
        "operating_revenue": 22940, 
        "short_term_average": 21624
    }, 
    {
        "accumulated_operating_revenue_yoy": 36.20359756635217, 
        "accumulated_operating_revenue": 308937, 
        "long_term_average": 25744, 
        "date": "2013-12-31", 
        "operating_revenue": 21150, 
        "short_term_average": 23073
    }, 
    {
        "accumulated_operating_revenue_yoy": 9.072127582457412, 
        "accumulated_operating_revenue": 30093, 
        "long_term_average": 25953, 
        "date": "2014-01-31", 
        "operating_revenue": 30093, 
        "short_term_average": 24727
    }, 
    {
        "accumulated_operating_revenue_yoy": 41.23139085577546, 
        "accumulated_operating_revenue": 72004, 
        "long_term_average": 27496, 
        "date": "2014-02-28", 
        "operating_revenue": 41911, 
        "short_term_average": 31051
    }, 
    {
        "accumulated_operating_revenue_yoy": 56.892412410299706, 
        "accumulated_operating_revenue": 118937, 
        "long_term_average": 29338, 
        "date": "2014-03-31", 
        "operating_revenue": 46933, 
        "short_term_average": 39645
    }, 
    {
        "accumulated_operating_revenue_yoy": 63.061701779544386, 
        "accumulated_operating_revenue": 169426, 
        "long_term_average": 31205, 
        "date": "2014-04-30", 
        "operating_revenue": 50489, 
        "short_term_average": 46444
    }, 
    {
        "accumulated_operating_revenue_yoy": 73.61886344657847, 
        "accumulated_operating_revenue": 237021, 
        "long_term_average": 34120, 
        "date": "2014-05-31", 
        "operating_revenue": 67595, 
        "short_term_average": 55005
    }, 
    {
        "accumulated_operating_revenue_yoy": 68.7739142911804, 
        "accumulated_operating_revenue": 282298, 
        "long_term_average": 35330, 
        "date": "2014-06-30", 
        "operating_revenue": 45277, 
        "short_term_average": 54453
    }, 
    {
        "accumulated_operating_revenue_yoy": 62.15870114347985, 
        "accumulated_operating_revenue": 322905, 
        "long_term_average": 36059, 
        "date": "2014-07-31", 
        "operating_revenue": 40607, 
        "short_term_average": 51159
    }, 
    {
        "accumulated_operating_revenue_yoy": 72.32981181167709, 
        "accumulated_operating_revenue": 384149, 
        "long_term_average": 39180, 
        "date": "2014-08-31", 
        "operating_revenue": 61244, 
        "short_term_average": 49042
    }, 
    {
        "accumulated_operating_revenue_yoy": 91.29682083456743, 
        "accumulated_operating_revenue": 458571, 
        "long_term_average": 43982, 
        "date": "2014-09-30", 
        "operating_revenue": 74422, 
        "short_term_average": 58757
    }, 
    {
        "accumulated_operating_revenue_yoy": 86.60471895094149, 
        "accumulated_operating_revenue": 494217, 
        "long_term_average": 44858, 
        "date": "2014-10-31", 
        "operating_revenue": 35646, 
        "short_term_average": 57104
    }, 
    {
        "accumulated_operating_revenue_yoy": 82.79143950213178, 
        "accumulated_operating_revenue": 526050, 
        "long_term_average": 45600, 
        "date": "2014-11-30", 
        "operating_revenue": 31833, 
        "short_term_average": 47300
    }, 
    {
        "accumulated_operating_revenue_yoy": 83.16582345267805, 
        "accumulated_operating_revenue": 565867, 
        "long_term_average": 47155, 
        "date": "2014-12-31", 
        "operating_revenue": 39817, 
        "short_term_average": 35765
    }, 
    {
        "accumulated_operating_revenue_yoy": 27.551257767587146, 
        "accumulated_operating_revenue": 38384, 
        "long_term_average": 47846, 
        "date": "2015-01-31", 
        "operating_revenue": 38384, 
        "short_term_average": 36678
    }, 
    {
        "accumulated_operating_revenue_yoy": 9.125881895450252, 
        "accumulated_operating_revenue": 78575, 
        "long_term_average": 47703, 
        "date": "2015-02-28", 
        "operating_revenue": 40191, 
        "short_term_average": 39464
    }, 
    {
        "accumulated_operating_revenue_yoy": 1.8665343837493802, 
        "accumulated_operating_revenue": 121157, 
        "long_term_average": 47340, 
        "date": "2015-03-31", 
        "operating_revenue": 42582, 
        "short_term_average": 40385
    }, 
    {
        "accumulated_operating_revenue_yoy": -8.64448195672447, 
        "accumulated_operating_revenue": 154780, 
        "long_term_average": 45935, 
        "date": "2015-04-30", 
        "operating_revenue": 33623, 
        "short_term_average": 38798
    }, 
    {
        "accumulated_operating_revenue_yoy": -12.175292484632164, 
        "accumulated_operating_revenue": 208163, 
        "long_term_average": 44750, 
        "date": "2015-05-31", 
        "operating_revenue": 53383, 
        "short_term_average": 43196
    }, 
    {
        "accumulated_operating_revenue_yoy": -12.43827444756959, 
        "accumulated_operating_revenue": 247185, 
        "long_term_average": 44229, 
        "date": "2015-06-30", 
        "operating_revenue": 39022, 
        "short_term_average": 42009
    }, 
    {
        "accumulated_operating_revenue_yoy": -9.495052724485529, 
        "accumulated_operating_revenue": 292245, 
        "long_term_average": 44600, 
        "date": "2015-07-31", 
        "operating_revenue": 45060, 
        "short_term_average": 45821
    }, 
    {
        "accumulated_operating_revenue_yoy": -12.565697164381529, 
        "accumulated_operating_revenue": 335878, 
        "long_term_average": 43133, 
        "date": "2015-08-31", 
        "operating_revenue": 43633, 
        "short_term_average": 42571
    }, 
    {
        "accumulated_operating_revenue_yoy": -10.336458258372204, 
        "accumulated_operating_revenue": 411171, 
        "long_term_average": 43205, 
        "date": "2015-09-30", 
        "operating_revenue": 75293, 
        "short_term_average": 54662
    }
]