[
    {
        "date": "2012-01-31", 
        "operating_revenue": 134239, 
        "accumulated_operating_revenue": 134239, 
        "long_term_average": 134239, 
        "short_term_average": 134239
    }, 
    {
        "date": "2012-02-29", 
        "operating_revenue": 148596, 
        "accumulated_operating_revenue": 282835, 
        "long_term_average": 141417, 
        "short_term_average": 141417
    }, 
    {
        "date": "2012-03-31", 
        "operating_revenue": 206887, 
        "accumulated_operating_revenue": 489722, 
        "long_term_average": 163240, 
        "short_term_average": 163240
    }, 
    {
        "date": "2012-04-30", 
        "operating_revenue": 185360, 
        "accumulated_operating_revenue": 675082, 
        "long_term_average": 168770, 
        "short_term_average": 180281
    }, 
    {
        "date": "2012-05-31", 
        "operating_revenue": 400773, 
        "accumulated_operating_revenue": 1075855, 
        "long_term_average": 215171, 
        "short_term_average": 264340
    }, 
    {
        "date": "2012-06-30", 
        "operating_revenue": 280367, 
        "accumulated_operating_revenue": 1356222, 
        "long_term_average": 226037, 
        "short_term_average": 288833
    }, 
    {
        "date": "2012-07-31", 
        "operating_revenue": 136025, 
        "accumulated_operating_revenue": 1492247, 
        "long_term_average": 213178, 
        "short_term_average": 272388
    }, 
    {
        "date": "2012-08-31", 
        "operating_revenue": 197898, 
        "accumulated_operating_revenue": 1690145, 
        "long_term_average": 211268, 
        "short_term_average": 204763
    }, 
    {
        "date": "2012-09-30", 
        "operating_revenue": 150416, 
        "accumulated_operating_revenue": 1840561, 
        "long_term_average": 204506, 
        "short_term_average": 161446
    }, 
    {
        "date": "2012-10-31", 
        "operating_revenue": 130408, 
        "accumulated_operating_revenue": 1970969, 
        "long_term_average": 197096, 
        "short_term_average": 159574
    }, 
    {
        "date": "2012-11-30", 
        "operating_revenue": 92763, 
        "accumulated_operating_revenue": 2063732, 
        "long_term_average": 187612, 
        "short_term_average": 124529
    }, 
    {
        "date": "2012-12-31", 
        "operating_revenue": 197141, 
        "accumulated_operating_revenue": 2260873, 
        "long_term_average": 188406, 
        "short_term_average": 140104
    }, 
    {
        "accumulated_operating_revenue_yoy": -17.814495042424333, 
        "accumulated_operating_revenue": 110325, 
        "long_term_average": 186413, 
        "date": "2013-01-31", 
        "operating_revenue": 110325, 
        "short_term_average": 133409
    }, 
    {
        "accumulated_operating_revenue_yoy": -26.753053900684144, 
        "accumulated_operating_revenue": 207168, 
        "long_term_average": 182100, 
        "date": "2013-02-28", 
        "operating_revenue": 96843, 
        "short_term_average": 134769
    }, 
    {
        "accumulated_operating_revenue_yoy": -24.780589804011257, 
        "accumulated_operating_revenue": 368366, 
        "long_term_average": 178293, 
        "date": "2013-03-31", 
        "operating_revenue": 161198, 
        "short_term_average": 122788
    }, 
    {
        "accumulated_operating_revenue_yoy": -18.256596976367316, 
        "accumulated_operating_revenue": 551835, 
        "long_term_average": 178135, 
        "date": "2013-04-30", 
        "operating_revenue": 183469, 
        "short_term_average": 147170
    }, 
    {
        "accumulated_operating_revenue_yoy": -26.251307099934472, 
        "accumulated_operating_revenue": 793429, 
        "long_term_average": 164870, 
        "date": "2013-05-31", 
        "operating_revenue": 241594, 
        "short_term_average": 195420
    }, 
    {
        "accumulated_operating_revenue_yoy": -27.32694204931051, 
        "accumulated_operating_revenue": 985608, 
        "long_term_average": 157521, 
        "date": "2013-06-30", 
        "operating_revenue": 192179, 
        "short_term_average": 205747
    }, 
    {
        "accumulated_operating_revenue_yoy": -13.451727495515154, 
        "accumulated_operating_revenue": 1291514, 
        "long_term_average": 171678, 
        "date": "2013-07-31", 
        "operating_revenue": 305906, 
        "short_term_average": 246559
    }, 
    {
        "accumulated_operating_revenue_yoy": -11.241343198364637, 
        "accumulated_operating_revenue": 1500150, 
        "long_term_average": 172573, 
        "date": "2013-08-31", 
        "operating_revenue": 208636, 
        "short_term_average": 235573
    }, 
    {
        "accumulated_operating_revenue_yoy": -12.284732752677037, 
        "accumulated_operating_revenue": 1614453, 
        "long_term_average": 169563, 
        "date": "2013-09-30", 
        "operating_revenue": 114303, 
        "short_term_average": 209615
    }, 
    {
        "accumulated_operating_revenue_yoy": -7.10371395998618, 
        "accumulated_operating_revenue": 1830957, 
        "long_term_average": 176738, 
        "date": "2013-10-31", 
        "operating_revenue": 216504, 
        "short_term_average": 179814
    }, 
    {
        "accumulated_operating_revenue_yoy": -4.120205530563077, 
        "accumulated_operating_revenue": 1978702, 
        "long_term_average": 181320, 
        "date": "2013-11-30", 
        "operating_revenue": 147745, 
        "short_term_average": 159517
    }, 
    {
        "accumulated_operating_revenue_yoy": -2.7949822922384406, 
        "accumulated_operating_revenue": 2197682, 
        "long_term_average": 183140, 
        "date": "2013-12-31", 
        "operating_revenue": 218980, 
        "short_term_average": 194409
    }, 
    {
        "accumulated_operating_revenue_yoy": 24.443235893949694, 
        "accumulated_operating_revenue": 137292, 
        "long_term_average": 185387, 
        "date": "2014-01-31", 
        "operating_revenue": 137292, 
        "short_term_average": 168005
    }, 
    {
        "accumulated_operating_revenue_yoy": 56.08781278962002, 
        "accumulated_operating_revenue": 323364, 
        "long_term_average": 192823, 
        "date": "2014-02-28", 
        "operating_revenue": 186072, 
        "short_term_average": 180781
    }, 
    {
        "accumulated_operating_revenue_yoy": 28.947025512669466, 
        "accumulated_operating_revenue": 474997, 
        "long_term_average": 192026, 
        "date": "2014-03-31", 
        "operating_revenue": 151633, 
        "short_term_average": 158332
    }, 
    {
        "accumulated_operating_revenue_yoy": 16.343291019960677, 
        "accumulated_operating_revenue": 642023, 
        "long_term_average": 190655, 
        "date": "2014-04-30", 
        "operating_revenue": 167026, 
        "short_term_average": 168243
    }, 
    {
        "accumulated_operating_revenue_yoy": 9.481629736246092, 
        "accumulated_operating_revenue": 868659, 
        "long_term_average": 189409, 
        "date": "2014-05-31", 
        "operating_revenue": 226636, 
        "short_term_average": 181765
    }, 
    {
        "accumulated_operating_revenue_yoy": 13.804372529443754, 
        "accumulated_operating_revenue": 1121665, 
        "long_term_average": 194478, 
        "date": "2014-06-30", 
        "operating_revenue": 253006, 
        "short_term_average": 215556
    }, 
    {
        "accumulated_operating_revenue_yoy": 2.8182427755332116, 
        "accumulated_operating_revenue": 1327912, 
        "long_term_average": 186173, 
        "date": "2014-07-31", 
        "operating_revenue": 206247, 
        "short_term_average": 228629
    }, 
    {
        "accumulated_operating_revenue_yoy": 2.2717728227177285, 
        "accumulated_operating_revenue": 1534230, 
        "long_term_average": 185980, 
        "date": "2014-08-31", 
        "operating_revenue": 206318, 
        "short_term_average": 221857
    }, 
    {
        "accumulated_operating_revenue_yoy": 7.210677548370873, 
        "accumulated_operating_revenue": 1730866, 
        "long_term_average": 192841, 
        "date": "2014-09-30", 
        "operating_revenue": 196636, 
        "short_term_average": 203067
    }, 
    {
        "accumulated_operating_revenue_yoy": 8.653070498105636, 
        "accumulated_operating_revenue": 1989391, 
        "long_term_average": 196343, 
        "date": "2014-10-31", 
        "operating_revenue": 258525, 
        "short_term_average": 220493
    }, 
    {
        "accumulated_operating_revenue_yoy": 12.438406591796037, 
        "accumulated_operating_revenue": 2224821, 
        "long_term_average": 203650, 
        "date": "2014-11-30", 
        "operating_revenue": 235430, 
        "short_term_average": 230197
    }, 
    {
        "accumulated_operating_revenue_yoy": 9.499372520683156, 
        "accumulated_operating_revenue": 2406448, 
        "long_term_average": 200537, 
        "date": "2014-12-31", 
        "operating_revenue": 181627, 
        "short_term_average": 225194
    }, 
    {
        "accumulated_operating_revenue_yoy": 48.93365964513591, 
        "accumulated_operating_revenue": 204474, 
        "long_term_average": 206135, 
        "date": "2015-01-31", 
        "operating_revenue": 204474, 
        "short_term_average": 207177
    }, 
    {
        "accumulated_operating_revenue_yoy": -4.003537808785146, 
        "accumulated_operating_revenue": 310418, 
        "long_term_average": 199458, 
        "date": "2015-02-28", 
        "operating_revenue": 105944, 
        "short_term_average": 164015
    }, 
    {
        "accumulated_operating_revenue_yoy": 0.9810588277399647, 
        "accumulated_operating_revenue": 479657, 
        "long_term_average": 200925, 
        "date": "2015-03-31", 
        "operating_revenue": 169239, 
        "short_term_average": 159885
    }, 
    {
        "accumulated_operating_revenue_yoy": 3.4360139745772345, 
        "accumulated_operating_revenue": 664083, 
        "long_term_average": 202375, 
        "date": "2015-04-30", 
        "operating_revenue": 184426, 
        "short_term_average": 153203
    }, 
    {
        "accumulated_operating_revenue_yoy": 1.837084517630048, 
        "accumulated_operating_revenue": 884617, 
        "long_term_average": 201867, 
        "date": "2015-05-31", 
        "operating_revenue": 220534, 
        "short_term_average": 191399
    }, 
    {
        "accumulated_operating_revenue_yoy": -6.572104861968592, 
        "accumulated_operating_revenue": 1047948, 
        "long_term_average": 194394, 
        "date": "2015-06-30", 
        "operating_revenue": 163331, 
        "short_term_average": 189430
    }, 
    {
        "accumulated_operating_revenue_yoy": -9.824144973462097, 
        "accumulated_operating_revenue": 1197456, 
        "long_term_average": 189666, 
        "date": "2015-07-31", 
        "operating_revenue": 149508, 
        "short_term_average": 177791
    }, 
    {
        "accumulated_operating_revenue_yoy": -11.624006830788082, 
        "accumulated_operating_revenue": 1355891, 
        "long_term_average": 185675, 
        "date": "2015-08-31", 
        "operating_revenue": 158435, 
        "short_term_average": 157091
    }, 
    {
        "accumulated_operating_revenue_yoy": -12.889905977701336, 
        "accumulated_operating_revenue": 1507759, 
        "long_term_average": 181945, 
        "date": "2015-09-30", 
        "operating_revenue": 151868, 
        "short_term_average": 153270
    }, 
    {
        "accumulated_operating_revenue_yoy": -18.603230837980064, 
        "accumulated_operating_revenue": 1619300, 
        "long_term_average": 169696, 
        "date": "2015-10-31", 
        "operating_revenue": 111541, 
        "short_term_average": 140614
    }
]