[
    {
        "date": "2012-01-31", 
        "operating_revenue": 50669, 
        "accumulated_operating_revenue": 50669, 
        "long_term_average": 50669, 
        "short_term_average": 50669
    }, 
    {
        "date": "2012-02-29", 
        "operating_revenue": 50785, 
        "accumulated_operating_revenue": 101454, 
        "long_term_average": 50727, 
        "short_term_average": 50727
    }, 
    {
        "date": "2012-03-31", 
        "operating_revenue": 50121, 
        "accumulated_operating_revenue": 151575, 
        "long_term_average": 50525, 
        "short_term_average": 50525
    }, 
    {
        "date": "2012-04-30", 
        "operating_revenue": 53049, 
        "accumulated_operating_revenue": 204624, 
        "long_term_average": 51156, 
        "short_term_average": 51318
    }, 
    {
        "date": "2012-05-31", 
        "operating_revenue": 50273, 
        "accumulated_operating_revenue": 254897, 
        "long_term_average": 50979, 
        "short_term_average": 51147
    }, 
    {
        "date": "2012-06-30", 
        "operating_revenue": 48419, 
        "accumulated_operating_revenue": 303316, 
        "long_term_average": 50552, 
        "short_term_average": 50580
    }, 
    {
        "date": "2012-07-31", 
        "operating_revenue": 51487, 
        "accumulated_operating_revenue": 354803, 
        "long_term_average": 50686, 
        "short_term_average": 50059
    }, 
    {
        "date": "2012-08-31", 
        "operating_revenue": 51767, 
        "accumulated_operating_revenue": 406570, 
        "long_term_average": 50821, 
        "short_term_average": 50557
    }, 
    {
        "date": "2012-09-30", 
        "operating_revenue": 49347, 
        "accumulated_operating_revenue": 455917, 
        "long_term_average": 50657, 
        "short_term_average": 50867
    }, 
    {
        "date": "2012-10-31", 
        "operating_revenue": 47132, 
        "accumulated_operating_revenue": 503049, 
        "long_term_average": 50304, 
        "short_term_average": 49415
    }, 
    {
        "date": "2012-11-30", 
        "operating_revenue": 42798, 
        "accumulated_operating_revenue": 545847, 
        "long_term_average": 49622, 
        "short_term_average": 46425
    }, 
    {
        "date": "2012-12-31", 
        "operating_revenue": 42691, 
        "accumulated_operating_revenue": 588538, 
        "long_term_average": 49044, 
        "short_term_average": 44207
    }, 
    {
        "accumulated_operating_revenue_yoy": -14.158558487438079, 
        "accumulated_operating_revenue": 43495, 
        "long_term_average": 48447, 
        "date": "2013-01-31", 
        "operating_revenue": 43495, 
        "short_term_average": 42994
    }, 
    {
        "accumulated_operating_revenue_yoy": -14.661817178228556, 
        "accumulated_operating_revenue": 86579, 
        "long_term_average": 47805, 
        "date": "2013-02-28", 
        "operating_revenue": 43084, 
        "short_term_average": 43090
    }, 
    {
        "accumulated_operating_revenue_yoy": -13.014679201715323, 
        "accumulated_operating_revenue": 131848, 
        "long_term_average": 47400, 
        "date": "2013-03-31", 
        "operating_revenue": 45269, 
        "short_term_average": 43949
    }, 
    {
        "accumulated_operating_revenue_yoy": -9.481292517006802, 
        "accumulated_operating_revenue": 185223, 
        "long_term_average": 47428, 
        "date": "2013-04-30", 
        "operating_revenue": 53375, 
        "short_term_average": 47242
    }, 
    {
        "accumulated_operating_revenue_yoy": -6.271552823297253, 
        "accumulated_operating_revenue": 238911, 
        "long_term_average": 47712, 
        "date": "2013-05-31", 
        "operating_revenue": 53688, 
        "short_term_average": 50777
    }, 
    {
        "accumulated_operating_revenue_yoy": -6.138812327737409, 
        "accumulated_operating_revenue": 284696, 
        "long_term_average": 47493, 
        "date": "2013-06-30", 
        "operating_revenue": 45785, 
        "short_term_average": 50949
    }, 
    {
        "accumulated_operating_revenue_yoy": -6.320690636775901, 
        "accumulated_operating_revenue": 332377, 
        "long_term_average": 47176, 
        "date": "2013-07-31", 
        "operating_revenue": 47681, 
        "short_term_average": 49051
    }, 
    {
        "accumulated_operating_revenue_yoy": -6.251567995671102, 
        "accumulated_operating_revenue": 381153, 
        "long_term_average": 46926, 
        "date": "2013-08-31", 
        "operating_revenue": 48776, 
        "short_term_average": 47414
    }, 
    {
        "accumulated_operating_revenue_yoy": -6.871426158708712, 
        "accumulated_operating_revenue": 424589, 
        "long_term_average": 46434, 
        "date": "2013-09-30", 
        "operating_revenue": 43436, 
        "short_term_average": 46631
    }, 
    {
        "accumulated_operating_revenue_yoy": -4.305942363467575, 
        "accumulated_operating_revenue": 481388, 
        "long_term_average": 47239, 
        "date": "2013-10-31", 
        "operating_revenue": 56799, 
        "short_term_average": 49670
    }, 
    {
        "accumulated_operating_revenue_yoy": -2.024376794229885, 
        "accumulated_operating_revenue": 534797, 
        "long_term_average": 48124, 
        "date": "2013-11-30", 
        "operating_revenue": 53409, 
        "short_term_average": 51214
    }, 
    {
        "accumulated_operating_revenue_yoy": -1.3954918798786144, 
        "accumulated_operating_revenue": 580325, 
        "long_term_average": 48360, 
        "date": "2013-12-31", 
        "operating_revenue": 45528, 
        "short_term_average": 51912
    }, 
    {
        "accumulated_operating_revenue_yoy": -27.87216921485228, 
        "accumulated_operating_revenue": 31372, 
        "long_term_average": 47350, 
        "date": "2014-01-31", 
        "operating_revenue": 31372, 
        "short_term_average": 43436
    }, 
    {
        "accumulated_operating_revenue_yoy": -31.7652086533686, 
        "accumulated_operating_revenue": 59077, 
        "long_term_average": 46068, 
        "date": "2014-02-28", 
        "operating_revenue": 27705, 
        "short_term_average": 34868
    }, 
    {
        "accumulated_operating_revenue_yoy": -30.206753230993264, 
        "accumulated_operating_revenue": 92021, 
        "long_term_average": 45041, 
        "date": "2014-03-31", 
        "operating_revenue": 32944, 
        "short_term_average": 30673
    }, 
    {
        "accumulated_operating_revenue_yoy": -30.31858894413761, 
        "accumulated_operating_revenue": 129066, 
        "long_term_average": 43680, 
        "date": "2014-04-30", 
        "operating_revenue": 37045, 
        "short_term_average": 32564
    }, 
    {
        "accumulated_operating_revenue_yoy": -28.1678114444291, 
        "accumulated_operating_revenue": 171615, 
        "long_term_average": 42752, 
        "date": "2014-05-31", 
        "operating_revenue": 42549, 
        "short_term_average": 37512
    }, 
    {
        "accumulated_operating_revenue_yoy": -26.365315986174725, 
        "accumulated_operating_revenue": 209635, 
        "long_term_average": 42105, 
        "date": "2014-06-30", 
        "operating_revenue": 38020, 
        "short_term_average": 39204
    }, 
    {
        "accumulated_operating_revenue_yoy": -23.896057789798935, 
        "accumulated_operating_revenue": 252952, 
        "long_term_average": 41741, 
        "date": "2014-07-31", 
        "operating_revenue": 43317, 
        "short_term_average": 41295
    }, 
    {
        "accumulated_operating_revenue_yoy": -22.228606360175572, 
        "accumulated_operating_revenue": 296428, 
        "long_term_average": 41300, 
        "date": "2014-08-31", 
        "operating_revenue": 43476, 
        "short_term_average": 41604
    }, 
    {
        "accumulated_operating_revenue_yoy": -20.45107150679834, 
        "accumulated_operating_revenue": 337756, 
        "long_term_average": 41124, 
        "date": "2014-09-30", 
        "operating_revenue": 41328, 
        "short_term_average": 42707
    }, 
    {
        "accumulated_operating_revenue_yoy": -20.884400940613393, 
        "accumulated_operating_revenue": 380853, 
        "long_term_average": 39982, 
        "date": "2014-10-31", 
        "operating_revenue": 43097, 
        "short_term_average": 42633
    }, 
    {
        "accumulated_operating_revenue_yoy": -19.90194410215465, 
        "accumulated_operating_revenue": 428362, 
        "long_term_average": 39490, 
        "date": "2014-11-30", 
        "operating_revenue": 47509, 
        "short_term_average": 43978
    }, 
    {
        "accumulated_operating_revenue_yoy": -19.0808598630078, 
        "accumulated_operating_revenue": 469594, 
        "long_term_average": 39132, 
        "date": "2014-12-31", 
        "operating_revenue": 41232, 
        "short_term_average": 43946
    }, 
    {
        "accumulated_operating_revenue_yoy": 67.52199413489735, 
        "accumulated_operating_revenue": 52555, 
        "long_term_average": 40898, 
        "date": "2015-01-31", 
        "operating_revenue": 52555, 
        "short_term_average": 47098
    }, 
    {
        "accumulated_operating_revenue_yoy": 58.07844000203125, 
        "accumulated_operating_revenue": 93388, 
        "long_term_average": 41992, 
        "date": "2015-02-28", 
        "operating_revenue": 40833, 
        "short_term_average": 44873
    }, 
    {
        "accumulated_operating_revenue_yoy": 52.33696656198041, 
        "accumulated_operating_revenue": 140182, 
        "long_term_average": 43146, 
        "date": "2015-03-31", 
        "operating_revenue": 46794, 
        "short_term_average": 46727
    }, 
    {
        "accumulated_operating_revenue_yoy": 43.46148482171912, 
        "accumulated_operating_revenue": 185160, 
        "long_term_average": 43807, 
        "date": "2015-04-30", 
        "operating_revenue": 44978, 
        "short_term_average": 44201
    }, 
    {
        "accumulated_operating_revenue_yoy": 31.942429274830285, 
        "accumulated_operating_revenue": 226433, 
        "long_term_average": 43701, 
        "date": "2015-05-31", 
        "operating_revenue": 41273, 
        "short_term_average": 44348
    }, 
    {
        "accumulated_operating_revenue_yoy": 28.64693395663892, 
        "accumulated_operating_revenue": 269689, 
        "long_term_average": 44137, 
        "date": "2015-06-30", 
        "operating_revenue": 43256, 
        "short_term_average": 43169
    }, 
    {
        "accumulated_operating_revenue_yoy": 26.653278092286282, 
        "accumulated_operating_revenue": 320372, 
        "long_term_average": 44751, 
        "date": "2015-07-31", 
        "operating_revenue": 50683, 
        "short_term_average": 45070
    }, 
    {
        "accumulated_operating_revenue_yoy": 27.271040522487755, 
        "accumulated_operating_revenue": 377267, 
        "long_term_average": 45869, 
        "date": "2015-08-31", 
        "operating_revenue": 56895, 
        "short_term_average": 50278
    }, 
    {
        "accumulated_operating_revenue_yoy": 28.204384230035885, 
        "accumulated_operating_revenue": 433018, 
        "long_term_average": 47071, 
        "date": "2015-09-30", 
        "operating_revenue": 55751, 
        "short_term_average": 54443
    }, 
    {
        "accumulated_operating_revenue_yoy": 30.24158927460201, 
        "accumulated_operating_revenue": 496029, 
        "long_term_average": 48730, 
        "date": "2015-10-31", 
        "operating_revenue": 63011, 
        "short_term_average": 58552
    }
]