[
    {
        "date": "2012-01-31", 
        "operating_revenue": 29621, 
        "accumulated_operating_revenue": 29621, 
        "long_term_average": 29621, 
        "short_term_average": 29621
    }, 
    {
        "date": "2012-02-29", 
        "operating_revenue": 37050, 
        "accumulated_operating_revenue": 66671, 
        "long_term_average": 33335, 
        "short_term_average": 33335
    }, 
    {
        "date": "2012-03-31", 
        "operating_revenue": 48666, 
        "accumulated_operating_revenue": 115337, 
        "long_term_average": 38445, 
        "short_term_average": 38445
    }, 
    {
        "date": "2012-04-30", 
        "operating_revenue": 57917, 
        "accumulated_operating_revenue": 173254, 
        "long_term_average": 43313, 
        "short_term_average": 47877
    }, 
    {
        "date": "2012-05-31", 
        "operating_revenue": 60181, 
        "accumulated_operating_revenue": 233435, 
        "long_term_average": 46687, 
        "short_term_average": 55588
    }, 
    {
        "date": "2012-06-30", 
        "operating_revenue": 64253, 
        "accumulated_operating_revenue": 297688, 
        "long_term_average": 49614, 
        "short_term_average": 60783
    }, 
    {
        "date": "2012-07-31", 
        "operating_revenue": 47514, 
        "accumulated_operating_revenue": 345202, 
        "long_term_average": 49314, 
        "short_term_average": 57316
    }, 
    {
        "date": "2012-08-31", 
        "operating_revenue": 58915, 
        "accumulated_operating_revenue": 404117, 
        "long_term_average": 50514, 
        "short_term_average": 56894
    }, 
    {
        "date": "2012-09-30", 
        "operating_revenue": 58431, 
        "accumulated_operating_revenue": 462548, 
        "long_term_average": 51394, 
        "short_term_average": 54953
    }, 
    {
        "date": "2012-10-31", 
        "operating_revenue": 66816, 
        "accumulated_operating_revenue": 529364, 
        "long_term_average": 52936, 
        "short_term_average": 61387
    }, 
    {
        "date": "2012-11-30", 
        "operating_revenue": 62646, 
        "accumulated_operating_revenue": 592010, 
        "long_term_average": 53819, 
        "short_term_average": 62631
    }, 
    {
        "date": "2012-12-31", 
        "operating_revenue": 52771, 
        "accumulated_operating_revenue": 644781, 
        "long_term_average": 53731, 
        "short_term_average": 60744
    }, 
    {
        "accumulated_operating_revenue_yoy": 488.34272982006013, 
        "accumulated_operating_revenue": 174273, 
        "long_term_average": 65786, 
        "date": "2013-01-31", 
        "operating_revenue": 174273, 
        "short_term_average": 96563
    }, 
    {
        "accumulated_operating_revenue_yoy": 356.2358446700964, 
        "accumulated_operating_revenue": 304177, 
        "long_term_average": 73523, 
        "date": "2013-02-28", 
        "operating_revenue": 129904, 
        "short_term_average": 118982
    }, 
    {
        "accumulated_operating_revenue_yoy": 304.7036076887729, 
        "accumulated_operating_revenue": 466773, 
        "long_term_average": 83018, 
        "date": "2013-03-31", 
        "operating_revenue": 162596, 
        "short_term_average": 155591
    }, 
    {
        "accumulated_operating_revenue_yoy": 271.1031202742794, 
        "accumulated_operating_revenue": 642951, 
        "long_term_average": 92873, 
        "date": "2013-04-30", 
        "operating_revenue": 176178, 
        "short_term_average": 156226
    }, 
    {
        "accumulated_operating_revenue_yoy": 249.9338145522308, 
        "accumulated_operating_revenue": 816868, 
        "long_term_average": 102351, 
        "date": "2013-05-31", 
        "operating_revenue": 173917, 
        "short_term_average": 170897
    }, 
    {
        "accumulated_operating_revenue_yoy": 231.49303969256403, 
        "accumulated_operating_revenue": 986815, 
        "long_term_average": 111159, 
        "date": "2013-06-30", 
        "operating_revenue": 169947, 
        "short_term_average": 173347
    }, 
    {
        "accumulated_operating_revenue_yoy": 234.44939484707504, 
        "accumulated_operating_revenue": 1154526, 
        "long_term_average": 121175, 
        "date": "2013-07-31", 
        "operating_revenue": 167711, 
        "short_term_average": 170525
    }, 
    {
        "accumulated_operating_revenue_yoy": 225.94817837408473, 
        "accumulated_operating_revenue": 1317212, 
        "long_term_average": 129823, 
        "date": "2013-08-31", 
        "operating_revenue": 162686, 
        "short_term_average": 166781
    }, 
    {
        "accumulated_operating_revenue_yoy": 220.09045547705318, 
        "accumulated_operating_revenue": 1480572, 
        "long_term_average": 138567, 
        "date": "2013-09-30", 
        "operating_revenue": 163360, 
        "short_term_average": 164585
    }, 
    {
        "accumulated_operating_revenue_yoy": 211.53780763331093, 
        "accumulated_operating_revenue": 1649169, 
        "long_term_average": 147048, 
        "date": "2013-10-31", 
        "operating_revenue": 168597, 
        "short_term_average": 164881
    }, 
    {
        "accumulated_operating_revenue_yoy": 207.330450499147, 
        "accumulated_operating_revenue": 1819427, 
        "long_term_average": 156016, 
        "date": "2013-11-30", 
        "operating_revenue": 170258, 
        "short_term_average": 167405
    }, 
    {
        "accumulated_operating_revenue_yoy": 208.52956275076343, 
        "accumulated_operating_revenue": 1989340, 
        "long_term_average": 165778, 
        "date": "2013-12-31", 
        "operating_revenue": 169913, 
        "short_term_average": 169589
    }, 
    {
        "accumulated_operating_revenue_yoy": -14.34588260946905, 
        "accumulated_operating_revenue": 149272, 
        "long_term_average": 163694, 
        "date": "2014-01-31", 
        "operating_revenue": 149272, 
        "short_term_average": 163147
    }, 
    {
        "accumulated_operating_revenue_yoy": -11.562346923008644, 
        "accumulated_operating_revenue": 269007, 
        "long_term_average": 162847, 
        "date": "2014-02-28", 
        "operating_revenue": 119735, 
        "short_term_average": 146306
    }, 
    {
        "accumulated_operating_revenue_yoy": -12.057252668856169, 
        "accumulated_operating_revenue": 410493, 
        "long_term_average": 161088, 
        "date": "2014-03-31", 
        "operating_revenue": 141486, 
        "short_term_average": 136831
    }, 
    {
        "accumulated_operating_revenue_yoy": -12.8645884367549, 
        "accumulated_operating_revenue": 560238, 
        "long_term_average": 158885, 
        "date": "2014-04-30", 
        "operating_revenue": 149745, 
        "short_term_average": 136988
    }, 
    {
        "accumulated_operating_revenue_yoy": -12.668264640064244, 
        "accumulated_operating_revenue": 713385, 
        "long_term_average": 157154, 
        "date": "2014-05-31", 
        "operating_revenue": 153147, 
        "short_term_average": 148126
    }, 
    {
        "accumulated_operating_revenue_yoy": -12.238666822048712, 
        "accumulated_operating_revenue": 866042, 
        "long_term_average": 155713, 
        "date": "2014-06-30", 
        "operating_revenue": 152657, 
        "short_term_average": 151849
    }, 
    {
        "accumulated_operating_revenue_yoy": -12.77095535310595, 
        "accumulated_operating_revenue": 1007082, 
        "long_term_average": 153491, 
        "date": "2014-07-31", 
        "operating_revenue": 141040, 
        "short_term_average": 148948
    }, 
    {
        "accumulated_operating_revenue_yoy": -12.310470903696595, 
        "accumulated_operating_revenue": 1155057, 
        "long_term_average": 152265, 
        "date": "2014-08-31", 
        "operating_revenue": 147975, 
        "short_term_average": 147224
    }, 
    {
        "accumulated_operating_revenue_yoy": -11.792334314035386, 
        "accumulated_operating_revenue": 1305978, 
        "long_term_average": 151228, 
        "date": "2014-09-30", 
        "operating_revenue": 150921, 
        "short_term_average": 146645
    }, 
    {
        "accumulated_operating_revenue_yoy": -11.955293847992534, 
        "accumulated_operating_revenue": 1452006, 
        "long_term_average": 149348, 
        "date": "2014-10-31", 
        "operating_revenue": 146028, 
        "short_term_average": 148308
    }, 
    {
        "accumulated_operating_revenue_yoy": -11.025009522228702, 
        "accumulated_operating_revenue": 1618835, 
        "long_term_average": 149062, 
        "date": "2014-11-30", 
        "operating_revenue": 166829, 
        "short_term_average": 154592
    }, 
    {
        "accumulated_operating_revenue_yoy": -10.581901535182523, 
        "accumulated_operating_revenue": 1778830, 
        "long_term_average": 148235, 
        "date": "2014-12-31", 
        "operating_revenue": 159995, 
        "short_term_average": 157617
    }, 
    {
        "accumulated_operating_revenue_yoy": -6.8257945227504155, 
        "accumulated_operating_revenue": 139083, 
        "long_term_average": 147386, 
        "date": "2015-01-31", 
        "operating_revenue": 139083, 
        "short_term_average": 155302
    }, 
    {
        "accumulated_operating_revenue_yoy": -5.495767768124993, 
        "accumulated_operating_revenue": 254223, 
        "long_term_average": 147003, 
        "date": "2015-02-28", 
        "operating_revenue": 115140, 
        "short_term_average": 138072
    }, 
    {
        "accumulated_operating_revenue_yoy": -5.4005793034229574, 
        "accumulated_operating_revenue": 388324, 
        "long_term_average": 146388, 
        "date": "2015-03-31", 
        "operating_revenue": 134101, 
        "short_term_average": 129441
    }, 
    {
        "accumulated_operating_revenue_yoy": -5.378428453621496, 
        "accumulated_operating_revenue": 530106, 
        "long_term_average": 145724, 
        "date": "2015-04-30", 
        "operating_revenue": 141782, 
        "short_term_average": 130341
    }, 
    {
        "accumulated_operating_revenue_yoy": -5.0843513670738805, 
        "accumulated_operating_revenue": 677114, 
        "long_term_average": 145213, 
        "date": "2015-05-31", 
        "operating_revenue": 147008, 
        "short_term_average": 140963
    }, 
    {
        "accumulated_operating_revenue_yoy": -3.9884901656039777, 
        "accumulated_operating_revenue": 831500, 
        "long_term_average": 145357, 
        "date": "2015-06-30", 
        "operating_revenue": 154386, 
        "short_term_average": 147725
    }, 
    {
        "accumulated_operating_revenue_yoy": -2.7892465558911788, 
        "accumulated_operating_revenue": 978992, 
        "long_term_average": 145895, 
        "date": "2015-07-31", 
        "operating_revenue": 147492, 
        "short_term_average": 149628
    }, 
    {
        "accumulated_operating_revenue_yoy": -2.203960497187585, 
        "accumulated_operating_revenue": 1129600, 
        "long_term_average": 146114, 
        "date": "2015-08-31", 
        "operating_revenue": 150608, 
        "short_term_average": 150828
    }, 
    {
        "accumulated_operating_revenue_yoy": -1.6243765208908572, 
        "accumulated_operating_revenue": 1284764, 
        "long_term_average": 146468, 
        "date": "2015-09-30", 
        "operating_revenue": 155164, 
        "short_term_average": 151088
    }
]