[
    {
        "date": "2012-01-31", 
        "operating_revenue": 8411, 
        "accumulated_operating_revenue": 8411, 
        "long_term_average": 8411, 
        "short_term_average": 8411
    }, 
    {
        "date": "2012-02-29", 
        "operating_revenue": 6215, 
        "accumulated_operating_revenue": 14626, 
        "long_term_average": 7313, 
        "short_term_average": 7313
    }, 
    {
        "date": "2012-03-31", 
        "operating_revenue": 7894, 
        "accumulated_operating_revenue": 22520, 
        "long_term_average": 7506, 
        "short_term_average": 7506
    }, 
    {
        "date": "2012-04-30", 
        "operating_revenue": 5225, 
        "accumulated_operating_revenue": 27745, 
        "long_term_average": 6936, 
        "short_term_average": 6444
    }, 
    {
        "date": "2012-05-31", 
        "operating_revenue": 19915, 
        "accumulated_operating_revenue": 47660, 
        "long_term_average": 9532, 
        "short_term_average": 11011
    }, 
    {
        "date": "2012-06-30", 
        "operating_revenue": 4656, 
        "accumulated_operating_revenue": 52316, 
        "long_term_average": 8719, 
        "short_term_average": 9932
    }, 
    {
        "date": "2012-07-31", 
        "operating_revenue": 10027, 
        "accumulated_operating_revenue": 62343, 
        "long_term_average": 8906, 
        "short_term_average": 11532
    }, 
    {
        "date": "2012-08-31", 
        "operating_revenue": 9086, 
        "accumulated_operating_revenue": 71429, 
        "long_term_average": 8928, 
        "short_term_average": 7923
    }, 
    {
        "date": "2012-09-30", 
        "operating_revenue": 9506, 
        "accumulated_operating_revenue": 80935, 
        "long_term_average": 8992, 
        "short_term_average": 9539
    }, 
    {
        "date": "2012-10-31", 
        "operating_revenue": 7024, 
        "accumulated_operating_revenue": 87959, 
        "long_term_average": 8795, 
        "short_term_average": 8538
    }, 
    {
        "date": "2012-11-30", 
        "operating_revenue": 10908, 
        "accumulated_operating_revenue": 98867, 
        "long_term_average": 8987, 
        "short_term_average": 9146
    }, 
    {
        "date": "2012-12-31", 
        "operating_revenue": 12279, 
        "accumulated_operating_revenue": 111146, 
        "long_term_average": 9262, 
        "short_term_average": 10070
    }, 
    {
        "accumulated_operating_revenue_yoy": -44.59636190702651, 
        "accumulated_operating_revenue": 4660, 
        "long_term_average": 8949, 
        "date": "2013-01-31", 
        "operating_revenue": 4660, 
        "short_term_average": 9282
    }, 
    {
        "accumulated_operating_revenue_yoy": -58.895118282510595, 
        "accumulated_operating_revenue": 6012, 
        "long_term_average": 8544, 
        "date": "2013-02-28", 
        "operating_revenue": 1352, 
        "short_term_average": 6097
    }, 
    {
        "accumulated_operating_revenue_yoy": 11.767317939609235, 
        "accumulated_operating_revenue": 25170, 
        "long_term_average": 9483, 
        "date": "2013-03-31", 
        "operating_revenue": 19158, 
        "short_term_average": 8390
    }, 
    {
        "accumulated_operating_revenue_yoy": 20.973148315011713, 
        "accumulated_operating_revenue": 33564, 
        "long_term_average": 9747, 
        "date": "2013-04-30", 
        "operating_revenue": 8394, 
        "short_term_average": 9634
    }, 
    {
        "accumulated_operating_revenue_yoy": -21.649181703734786, 
        "accumulated_operating_revenue": 37342, 
        "long_term_average": 8402, 
        "date": "2013-05-31", 
        "operating_revenue": 3778, 
        "short_term_average": 10443
    }, 
    {
        "accumulated_operating_revenue_yoy": -22.92606468384433, 
        "accumulated_operating_revenue": 40322, 
        "long_term_average": 8262, 
        "date": "2013-06-30", 
        "operating_revenue": 2980, 
        "short_term_average": 5050
    }, 
    {
        "accumulated_operating_revenue_yoy": -27.26047832154372, 
        "accumulated_operating_revenue": 45348, 
        "long_term_average": 7845, 
        "date": "2013-07-31", 
        "operating_revenue": 5026, 
        "short_term_average": 3928
    }, 
    {
        "accumulated_operating_revenue_yoy": -17.65109409343544, 
        "accumulated_operating_revenue": 58821, 
        "long_term_average": 8211, 
        "date": "2013-08-31", 
        "operating_revenue": 13473, 
        "short_term_average": 7159
    }, 
    {
        "accumulated_operating_revenue_yoy": -24.124297275591523, 
        "accumulated_operating_revenue": 61410, 
        "long_term_average": 7635, 
        "date": "2013-09-30", 
        "operating_revenue": 2589, 
        "short_term_average": 7029
    }, 
    {
        "accumulated_operating_revenue_yoy": -23.97253265726077, 
        "accumulated_operating_revenue": 66873, 
        "long_term_average": 7505, 
        "date": "2013-10-31", 
        "operating_revenue": 5463, 
        "short_term_average": 7175
    }, 
    {
        "accumulated_operating_revenue_yoy": -28.36639121243691, 
        "accumulated_operating_revenue": 70822, 
        "long_term_average": 6925, 
        "date": "2013-11-30", 
        "operating_revenue": 3949, 
        "short_term_average": 4000
    }, 
    {
        "accumulated_operating_revenue_yoy": -34.31432530185522, 
        "accumulated_operating_revenue": 73007, 
        "long_term_average": 6083, 
        "date": "2013-12-31", 
        "operating_revenue": 2185, 
        "short_term_average": 3865
    }, 
    {
        "accumulated_operating_revenue_yoy": 697.7467811158799, 
        "accumulated_operating_revenue": 37175, 
        "long_term_average": 8793, 
        "date": "2014-01-31", 
        "operating_revenue": 37175, 
        "short_term_average": 14436
    }, 
    {
        "accumulated_operating_revenue_yoy": 836.3439787092482, 
        "accumulated_operating_revenue": 56293, 
        "long_term_average": 10274, 
        "date": "2014-02-28", 
        "operating_revenue": 19118, 
        "short_term_average": 19492
    }, 
    {
        "accumulated_operating_revenue_yoy": 243.4564958283671, 
        "accumulated_operating_revenue": 86448, 
        "long_term_average": 11190, 
        "date": "2014-03-31", 
        "operating_revenue": 30155, 
        "short_term_average": 28816
    }, 
    {
        "accumulated_operating_revenue_yoy": 241.14825408175426, 
        "accumulated_operating_revenue": 114503, 
        "long_term_average": 12828, 
        "date": "2014-04-30", 
        "operating_revenue": 28055, 
        "short_term_average": 25776
    }, 
    {
        "accumulated_operating_revenue_yoy": 307.9776123399925, 
        "accumulated_operating_revenue": 152347, 
        "long_term_average": 15667, 
        "date": "2014-05-31", 
        "operating_revenue": 37844, 
        "short_term_average": 32018
    }, 
    {
        "accumulated_operating_revenue_yoy": 341.1512325777491, 
        "accumulated_operating_revenue": 177881, 
        "long_term_average": 17547, 
        "date": "2014-06-30", 
        "operating_revenue": 25534, 
        "short_term_average": 30477
    }, 
    {
        "accumulated_operating_revenue_yoy": 365.72505953956073, 
        "accumulated_operating_revenue": 211197, 
        "long_term_average": 19904, 
        "date": "2014-07-31", 
        "operating_revenue": 33316, 
        "short_term_average": 32231
    }, 
    {
        "accumulated_operating_revenue_yoy": 312.5958416211897, 
        "accumulated_operating_revenue": 242693, 
        "long_term_average": 21406, 
        "date": "2014-08-31", 
        "operating_revenue": 31496, 
        "short_term_average": 30115
    }, 
    {
        "accumulated_operating_revenue_yoy": 345.837811431363, 
        "accumulated_operating_revenue": 273789, 
        "long_term_average": 23782, 
        "date": "2014-09-30", 
        "operating_revenue": 31096, 
        "short_term_average": 31969
    }, 
    {
        "accumulated_operating_revenue_yoy": 366.8057362463176, 
        "accumulated_operating_revenue": 312167, 
        "long_term_average": 26525, 
        "date": "2014-10-31", 
        "operating_revenue": 38378, 
        "short_term_average": 33656
    }, 
    {
        "accumulated_operating_revenue_yoy": 384.3734997599616, 
        "accumulated_operating_revenue": 343043, 
        "long_term_average": 28769, 
        "date": "2014-11-30", 
        "operating_revenue": 30876, 
        "short_term_average": 33450
    }, 
    {
        "accumulated_operating_revenue_yoy": 407.7143287629953, 
        "accumulated_operating_revenue": 370667, 
        "long_term_average": 30888, 
        "date": "2014-12-31", 
        "operating_revenue": 27624, 
        "short_term_average": 32292
    }, 
    {
        "accumulated_operating_revenue_yoy": -20.252858103564222, 
        "accumulated_operating_revenue": 29646, 
        "long_term_average": 30261, 
        "date": "2015-01-31", 
        "operating_revenue": 29646, 
        "short_term_average": 29382
    }, 
    {
        "accumulated_operating_revenue_yoy": 0.0, 
        "accumulated_operating_revenue": 56293, 
        "long_term_average": 30888, 
        "date": "2015-02-28", 
        "operating_revenue": 26647, 
        "short_term_average": 27972
    }, 
    {
        "accumulated_operating_revenue_yoy": -6.837636498241717, 
        "accumulated_operating_revenue": 80537, 
        "long_term_average": 30396, 
        "date": "2015-03-31", 
        "operating_revenue": 24244, 
        "short_term_average": 26845
    }, 
    {
        "accumulated_operating_revenue_yoy": -3.6977197104006008, 
        "accumulated_operating_revenue": 110269, 
        "long_term_average": 30536, 
        "date": "2015-04-30", 
        "operating_revenue": 29732, 
        "short_term_average": 26874
    }, 
    {
        "accumulated_operating_revenue_yoy": -4.960386486113937, 
        "accumulated_operating_revenue": 144790, 
        "long_term_average": 30259, 
        "date": "2015-05-31", 
        "operating_revenue": 34521, 
        "short_term_average": 29499
    }, 
    {
        "accumulated_operating_revenue_yoy": -1.4059961434891866, 
        "accumulated_operating_revenue": 175380, 
        "long_term_average": 30680, 
        "date": "2015-06-30", 
        "operating_revenue": 30590, 
        "short_term_average": 31614
    }, 
    {
        "accumulated_operating_revenue_yoy": -1.6311784731790697, 
        "accumulated_operating_revenue": 207752, 
        "long_term_average": 30601, 
        "date": "2015-07-31", 
        "operating_revenue": 32372, 
        "short_term_average": 32494
    }, 
    {
        "accumulated_operating_revenue_yoy": -1.2443704597990053, 
        "accumulated_operating_revenue": 239673, 
        "long_term_average": 30637, 
        "date": "2015-08-31", 
        "operating_revenue": 31921, 
        "short_term_average": 31627
    }, 
    {
        "accumulated_operating_revenue_yoy": -0.6483094645876935, 
        "accumulated_operating_revenue": 272014, 
        "long_term_average": 30741, 
        "date": "2015-09-30", 
        "operating_revenue": 32341, 
        "short_term_average": 32211
    }
]