[
    {
        "date": "2011-09-30", 
        "operating_revenue": 39123, 
        "accumulated_operating_revenue": 39123, 
        "long_term_average": 39123, 
        "short_term_average": 39123
    }, 
    {
        "date": "2011-10-31", 
        "operating_revenue": 31418, 
        "accumulated_operating_revenue": 70541, 
        "long_term_average": 35270, 
        "short_term_average": 35270
    }, 
    {
        "date": "2011-11-30", 
        "operating_revenue": 33209, 
        "accumulated_operating_revenue": 103750, 
        "long_term_average": 34583, 
        "short_term_average": 34583
    }, 
    {
        "date": "2011-12-31", 
        "operating_revenue": 33422, 
        "accumulated_operating_revenue": 137172, 
        "long_term_average": 34293, 
        "short_term_average": 32683
    }, 
    {
        "date": "2012-01-31", 
        "operating_revenue": 29321, 
        "accumulated_operating_revenue": 29321, 
        "long_term_average": 33298, 
        "short_term_average": 31984
    }, 
    {
        "date": "2012-02-29", 
        "operating_revenue": 34718, 
        "accumulated_operating_revenue": 64039, 
        "long_term_average": 33535, 
        "short_term_average": 32487
    }, 
    {
        "date": "2012-03-31", 
        "operating_revenue": 33592, 
        "accumulated_operating_revenue": 97631, 
        "long_term_average": 33543, 
        "short_term_average": 32543
    }, 
    {
        "date": "2012-04-30", 
        "operating_revenue": 34458, 
        "accumulated_operating_revenue": 132089, 
        "long_term_average": 33657, 
        "short_term_average": 34256
    }, 
    {
        "date": "2012-05-31", 
        "operating_revenue": 37545, 
        "accumulated_operating_revenue": 169634, 
        "long_term_average": 34089, 
        "short_term_average": 35198
    }, 
    {
        "date": "2012-06-30", 
        "operating_revenue": 30652, 
        "accumulated_operating_revenue": 200286, 
        "long_term_average": 33745, 
        "short_term_average": 34218
    }, 
    {
        "date": "2012-07-31", 
        "operating_revenue": 36790, 
        "accumulated_operating_revenue": 237076, 
        "long_term_average": 34022, 
        "short_term_average": 34995
    }, 
    {
        "date": "2012-08-31", 
        "operating_revenue": 36158, 
        "accumulated_operating_revenue": 273234, 
        "long_term_average": 34200, 
        "short_term_average": 34533
    }, 
    {
        "accumulated_operating_revenue_yoy": 681.7319735194131, 
        "accumulated_operating_revenue": 305837, 
        "long_term_average": 33657, 
        "date": "2012-09-30", 
        "operating_revenue": 32603, 
        "short_term_average": 35183
    }, 
    {
        "accumulated_operating_revenue_yoy": 375.90054011142456, 
        "accumulated_operating_revenue": 335705, 
        "long_term_average": 33528, 
        "date": "2012-10-31", 
        "operating_revenue": 29868, 
        "short_term_average": 32876
    }, 
    {
        "accumulated_operating_revenue_yoy": 250.8578313253012, 
        "accumulated_operating_revenue": 364015, 
        "long_term_average": 33119, 
        "date": "2012-11-30", 
        "operating_revenue": 28310, 
        "short_term_average": 30260
    }, 
    {
        "accumulated_operating_revenue_yoy": 181.60630449362844, 
        "accumulated_operating_revenue": 386285, 
        "long_term_average": 32190, 
        "date": "2012-12-31", 
        "operating_revenue": 22270, 
        "short_term_average": 26816
    }, 
    {
        "accumulated_operating_revenue_yoy": 4.065345656696566, 
        "accumulated_operating_revenue": 30513, 
        "long_term_average": 32289, 
        "date": "2013-01-31", 
        "operating_revenue": 30513, 
        "short_term_average": 27031
    }, 
    {
        "accumulated_operating_revenue_yoy": -17.547119723918236, 
        "accumulated_operating_revenue": 52802, 
        "long_term_average": 31254, 
        "date": "2013-02-28", 
        "operating_revenue": 22289, 
        "short_term_average": 25024
    }, 
    {
        "accumulated_operating_revenue_yoy": -14.403212094519159, 
        "accumulated_operating_revenue": 83569, 
        "long_term_average": 31018, 
        "date": "2013-03-31", 
        "operating_revenue": 30767, 
        "short_term_average": 27856
    }, 
    {
        "accumulated_operating_revenue_yoy": -11.817032455389926, 
        "accumulated_operating_revenue": 116480, 
        "long_term_average": 30889, 
        "date": "2013-04-30", 
        "operating_revenue": 32911, 
        "short_term_average": 28655
    }, 
    {
        "accumulated_operating_revenue_yoy": -13.340485987478926, 
        "accumulated_operating_revenue": 147004, 
        "long_term_average": 30304, 
        "date": "2013-05-31", 
        "operating_revenue": 30524, 
        "short_term_average": 31400
    }, 
    {
        "accumulated_operating_revenue_yoy": -13.177156665967665, 
        "accumulated_operating_revenue": 173894, 
        "long_term_average": 29991, 
        "date": "2013-06-30", 
        "operating_revenue": 26890, 
        "short_term_average": 30108
    }, 
    {
        "accumulated_operating_revenue_yoy": -15.268099681114917, 
        "accumulated_operating_revenue": 200879, 
        "long_term_average": 29174, 
        "date": "2013-07-31", 
        "operating_revenue": 26985, 
        "short_term_average": 28133
    }, 
    {
        "accumulated_operating_revenue_yoy": -17.658490524605284, 
        "accumulated_operating_revenue": 224985, 
        "long_term_average": 28169, 
        "date": "2013-08-31", 
        "operating_revenue": 24106, 
        "short_term_average": 25993
    }, 
    {
        "accumulated_operating_revenue_yoy": -17.4197366571082, 
        "accumulated_operating_revenue": 252561, 
        "long_term_average": 27750, 
        "date": "2013-09-30", 
        "operating_revenue": 27576, 
        "short_term_average": 26222
    }, 
    {
        "accumulated_operating_revenue_yoy": -18.50315008713007, 
        "accumulated_operating_revenue": 273589, 
        "long_term_average": 27014, 
        "date": "2013-10-31", 
        "operating_revenue": 21028, 
        "short_term_average": 24236
    }, 
    {
        "accumulated_operating_revenue_yoy": -19.21047209593011, 
        "accumulated_operating_revenue": 294086, 
        "long_term_average": 26363, 
        "date": "2013-11-30", 
        "operating_revenue": 20497, 
        "short_term_average": 23033
    }, 
    {
        "accumulated_operating_revenue_yoy": -18.821854330351943, 
        "accumulated_operating_revenue": 313579, 
        "long_term_average": 26131, 
        "date": "2013-12-31", 
        "operating_revenue": 19493, 
        "short_term_average": 20339
    }, 
    {
        "accumulated_operating_revenue_yoy": -23.095074230655786, 
        "accumulated_operating_revenue": 23466, 
        "long_term_average": 25544, 
        "date": "2014-01-31", 
        "operating_revenue": 23466, 
        "short_term_average": 21152
    }, 
    {
        "accumulated_operating_revenue_yoy": -24.576720578765958, 
        "accumulated_operating_revenue": 39825, 
        "long_term_average": 25050, 
        "date": "2014-02-28", 
        "operating_revenue": 16359, 
        "short_term_average": 19772
    }, 
    {
        "accumulated_operating_revenue_yoy": -21.589345331402793, 
        "accumulated_operating_revenue": 65527, 
        "long_term_average": 24628, 
        "date": "2014-03-31", 
        "operating_revenue": 25702, 
        "short_term_average": 21842
    }, 
    {
        "accumulated_operating_revenue_yoy": -23.22973901098901, 
        "accumulated_operating_revenue": 89422, 
        "long_term_average": 23876, 
        "date": "2014-04-30", 
        "operating_revenue": 23895, 
        "short_term_average": 21985
    }, 
    {
        "accumulated_operating_revenue_yoy": -21.369486544583822, 
        "accumulated_operating_revenue": 115590, 
        "long_term_average": 23513, 
        "date": "2014-05-31", 
        "operating_revenue": 26168, 
        "short_term_average": 25255
    }, 
    {
        "accumulated_operating_revenue_yoy": -19.62632408248703, 
        "accumulated_operating_revenue": 139765, 
        "long_term_average": 23287, 
        "date": "2014-06-30", 
        "operating_revenue": 24175, 
        "short_term_average": 24746
    }, 
    {
        "accumulated_operating_revenue_yoy": -18.495213536507052, 
        "accumulated_operating_revenue": 163726, 
        "long_term_average": 23035, 
        "date": "2014-07-31", 
        "operating_revenue": 23961, 
        "short_term_average": 24768
    }, 
    {
        "accumulated_operating_revenue_yoy": -18.367891192746182, 
        "accumulated_operating_revenue": 183660, 
        "long_term_average": 22687, 
        "date": "2014-08-31", 
        "operating_revenue": 19934, 
        "short_term_average": 22690
    }, 
    {
        "accumulated_operating_revenue_yoy": -21.349693737354542, 
        "accumulated_operating_revenue": 198640, 
        "long_term_average": 21638, 
        "date": "2014-09-30", 
        "operating_revenue": 14980, 
        "short_term_average": 19625
    }, 
    {
        "accumulated_operating_revenue_yoy": -20.511058558640883, 
        "accumulated_operating_revenue": 217473, 
        "long_term_average": 21455, 
        "date": "2014-10-31", 
        "operating_revenue": 18833, 
        "short_term_average": 17915
    }, 
    {
        "accumulated_operating_revenue_yoy": -19.849295784226385, 
        "accumulated_operating_revenue": 235712, 
        "long_term_average": 21267, 
        "date": "2014-11-30", 
        "operating_revenue": 18239, 
        "short_term_average": 17350
    }, 
    {
        "accumulated_operating_revenue_yoy": -19.388415678345808, 
        "accumulated_operating_revenue": 252781, 
        "long_term_average": 21065, 
        "date": "2014-12-31", 
        "operating_revenue": 17069, 
        "short_term_average": 18047
    }, 
    {
        "accumulated_operating_revenue_yoy": -17.229182647234296, 
        "accumulated_operating_revenue": 19423, 
        "long_term_average": 20728, 
        "date": "2015-01-31", 
        "operating_revenue": 19423, 
        "short_term_average": 18243
    }, 
    {
        "accumulated_operating_revenue_yoy": -21.042059008160702, 
        "accumulated_operating_revenue": 31445, 
        "long_term_average": 20366, 
        "date": "2015-02-28", 
        "operating_revenue": 12022, 
        "short_term_average": 16171
    }, 
    {
        "accumulated_operating_revenue_yoy": -28.30131091000656, 
        "accumulated_operating_revenue": 46982, 
        "long_term_average": 19519, 
        "date": "2015-03-31", 
        "operating_revenue": 15537, 
        "short_term_average": 15660
    }, 
    {
        "accumulated_operating_revenue_yoy": -30.469012099930666, 
        "accumulated_operating_revenue": 62176, 
        "long_term_average": 18794, 
        "date": "2015-04-30", 
        "operating_revenue": 15194, 
        "short_term_average": 14251
    }, 
    {
        "accumulated_operating_revenue_yoy": -34.35937364823947, 
        "accumulated_operating_revenue": 75874, 
        "long_term_average": 17755, 
        "date": "2015-05-31", 
        "operating_revenue": 13698, 
        "short_term_average": 14809
    }, 
    {
        "accumulated_operating_revenue_yoy": -37.35627660716202, 
        "accumulated_operating_revenue": 87554, 
        "long_term_average": 16714, 
        "date": "2015-06-30", 
        "operating_revenue": 11680, 
        "short_term_average": 13524
    }, 
    {
        "accumulated_operating_revenue_yoy": -36.22576744072414, 
        "accumulated_operating_revenue": 104415, 
        "long_term_average": 16122, 
        "date": "2015-07-31", 
        "operating_revenue": 16861, 
        "short_term_average": 14079
    }, 
    {
        "accumulated_operating_revenue_yoy": -34.25895676794076, 
        "accumulated_operating_revenue": 120740, 
        "long_term_average": 15821, 
        "date": "2015-08-31", 
        "operating_revenue": 16325, 
        "short_term_average": 14955
    }, 
    {
        "accumulated_operating_revenue_yoy": -29.59122029802658, 
        "accumulated_operating_revenue": 139860, 
        "long_term_average": 16166, 
        "date": "2015-09-30", 
        "operating_revenue": 19120, 
        "short_term_average": 17435
    }
]