[
    {
        "date": "2012-01-31", 
        "operating_revenue": 1611934, 
        "accumulated_operating_revenue": 1611934, 
        "long_term_average": 1611934, 
        "short_term_average": 1611934
    }, 
    {
        "date": "2012-02-29", 
        "operating_revenue": 1711529, 
        "accumulated_operating_revenue": 3323463, 
        "long_term_average": 1661731, 
        "short_term_average": 1661731
    }, 
    {
        "date": "2012-03-31", 
        "operating_revenue": 1827515, 
        "accumulated_operating_revenue": 5150978, 
        "long_term_average": 1716992, 
        "short_term_average": 1716992
    }, 
    {
        "date": "2012-04-30", 
        "operating_revenue": 1911223, 
        "accumulated_operating_revenue": 7062201, 
        "long_term_average": 1765550, 
        "short_term_average": 1816755
    }, 
    {
        "date": "2012-05-31", 
        "operating_revenue": 1983930, 
        "accumulated_operating_revenue": 9046131, 
        "long_term_average": 1809226, 
        "short_term_average": 1907556
    }, 
    {
        "date": "2012-06-30", 
        "operating_revenue": 1796013, 
        "accumulated_operating_revenue": 10842144, 
        "long_term_average": 1807024, 
        "short_term_average": 1897055
    }, 
    {
        "date": "2012-07-31", 
        "operating_revenue": 1869411, 
        "accumulated_operating_revenue": 12711555, 
        "long_term_average": 1815936, 
        "short_term_average": 1883118
    }, 
    {
        "date": "2012-08-31", 
        "operating_revenue": 1937085, 
        "accumulated_operating_revenue": 14648640, 
        "long_term_average": 1831080, 
        "short_term_average": 1867503
    }, 
    {
        "date": "2012-09-30", 
        "operating_revenue": 1794251, 
        "accumulated_operating_revenue": 16442891, 
        "long_term_average": 1826987, 
        "short_term_average": 1866915
    }, 
    {
        "date": "2012-10-31", 
        "operating_revenue": 1990728, 
        "accumulated_operating_revenue": 18433619, 
        "long_term_average": 1843361, 
        "short_term_average": 1907354
    }, 
    {
        "date": "2012-11-30", 
        "operating_revenue": 1780701, 
        "accumulated_operating_revenue": 20214320, 
        "long_term_average": 1837665, 
        "short_term_average": 1855226
    }, 
    {
        "date": "2012-12-31", 
        "operating_revenue": 1819963, 
        "accumulated_operating_revenue": 22034283, 
        "long_term_average": 1836190, 
        "short_term_average": 1863797
    }, 
    {
        "accumulated_operating_revenue_yoy": 23.27471224007931, 
        "accumulated_operating_revenue": 1987107, 
        "long_term_average": 1867454, 
        "date": "2013-01-31", 
        "operating_revenue": 1987107, 
        "short_term_average": 1862590
    }, 
    {
        "accumulated_operating_revenue_yoy": 7.532564677265851, 
        "accumulated_operating_revenue": 3573805, 
        "long_term_average": 1857052, 
        "date": "2013-02-28", 
        "operating_revenue": 1586698, 
        "short_term_average": 1797922
    }, 
    {
        "accumulated_operating_revenue_yoy": 3.355362806830082, 
        "accumulated_operating_revenue": 5323812, 
        "long_term_average": 1850593, 
        "date": "2013-03-31", 
        "operating_revenue": 1750007, 
        "short_term_average": 1774604
    }, 
    {
        "accumulated_operating_revenue_yoy": 3.0498565532190316, 
        "accumulated_operating_revenue": 7277588, 
        "long_term_average": 1854139, 
        "date": "2013-04-30", 
        "operating_revenue": 1953776, 
        "short_term_average": 1763493
    }, 
    {
        "accumulated_operating_revenue_yoy": 3.382484732975899, 
        "accumulated_operating_revenue": 9352115, 
        "long_term_average": 1861688, 
        "date": "2013-05-31", 
        "operating_revenue": 2074527, 
        "short_term_average": 1926103
    }, 
    {
        "accumulated_operating_revenue_yoy": 3.1637100558708684, 
        "accumulated_operating_revenue": 11185158, 
        "long_term_average": 1864774, 
        "date": "2013-06-30", 
        "operating_revenue": 1833043, 
        "short_term_average": 1953782
    }, 
    {
        "accumulated_operating_revenue_yoy": 4.403340110631627, 
        "accumulated_operating_revenue": 13271288, 
        "long_term_average": 1882834, 
        "date": "2013-07-31", 
        "operating_revenue": 2086130, 
        "short_term_average": 1997900
    }, 
    {
        "accumulated_operating_revenue_yoy": 4.567925759660965, 
        "accumulated_operating_revenue": 15317779, 
        "long_term_average": 1891951, 
        "date": "2013-08-31", 
        "operating_revenue": 2046491, 
        "short_term_average": 1988554
    }, 
    {
        "accumulated_operating_revenue_yoy": 5.4232069044306135, 
        "accumulated_operating_revenue": 17334623, 
        "long_term_average": 1910501, 
        "date": "2013-09-30", 
        "operating_revenue": 2016844, 
        "short_term_average": 2049821
    }, 
    {
        "accumulated_operating_revenue_yoy": 5.1977042598092105, 
        "accumulated_operating_revenue": 19391744, 
        "long_term_average": 1916034, 
        "date": "2013-10-31", 
        "operating_revenue": 2057121, 
        "short_term_average": 2040152
    }, 
    {
        "accumulated_operating_revenue_yoy": 5.089634476945057, 
        "accumulated_operating_revenue": 21243155, 
        "long_term_average": 1921926, 
        "date": "2013-11-30", 
        "operating_revenue": 1851411, 
        "short_term_average": 1975125
    }, 
    {
        "accumulated_operating_revenue_yoy": 4.852551816639552, 
        "accumulated_operating_revenue": 23103508, 
        "long_term_average": 1925292, 
        "date": "2013-12-31", 
        "operating_revenue": 1860353, 
        "short_term_average": 1922961
    }, 
    {
        "accumulated_operating_revenue_yoy": 1.7070042025920094, 
        "accumulated_operating_revenue": 2021027, 
        "long_term_average": 1928119, 
        "date": "2014-01-31", 
        "operating_revenue": 2021027, 
        "short_term_average": 1910930
    }, 
    {
        "accumulated_operating_revenue_yoy": 2.860788431377761, 
        "accumulated_operating_revenue": 3676044, 
        "long_term_average": 1933812, 
        "date": "2014-02-28", 
        "operating_revenue": 1655017, 
        "short_term_average": 1845465
    }, 
    {
        "accumulated_operating_revenue_yoy": 8.88436706630512, 
        "accumulated_operating_revenue": 5796799, 
        "long_term_average": 1964707, 
        "date": "2014-03-31", 
        "operating_revenue": 2120755, 
        "short_term_average": 1932266
    }, 
    {
        "accumulated_operating_revenue_yoy": 11.344156882747415, 
        "accumulated_operating_revenue": 8103169, 
        "long_term_average": 1994090, 
        "date": "2014-04-30", 
        "operating_revenue": 2306370, 
        "short_term_average": 2027380
    }, 
    {
        "accumulated_operating_revenue_yoy": 10.369964441198595, 
        "accumulated_operating_revenue": 10321926, 
        "long_term_average": 2006109, 
        "date": "2014-05-31", 
        "operating_revenue": 2218757, 
        "short_term_average": 2215294
    }, 
    {
        "accumulated_operating_revenue_yoy": 12.479376688286388, 
        "accumulated_operating_revenue": 12580996, 
        "long_term_average": 2041612, 
        "date": "2014-06-30", 
        "operating_revenue": 2259070, 
        "short_term_average": 2261399
    }, 
    {
        "accumulated_operating_revenue_yoy": 12.70878154403702, 
        "accumulated_operating_revenue": 14957907, 
        "long_term_average": 2065843, 
        "date": "2014-07-31", 
        "operating_revenue": 2376911, 
        "short_term_average": 2284912
    }, 
    {
        "accumulated_operating_revenue_yoy": 12.113949417862733, 
        "accumulated_operating_revenue": 17173367, 
        "long_term_average": 2079924, 
        "date": "2014-08-31", 
        "operating_revenue": 2215460, 
        "short_term_average": 2283813
    }, 
    {
        "accumulated_operating_revenue_yoy": 11.42200208219123, 
        "accumulated_operating_revenue": 19314584, 
        "long_term_average": 2090289, 
        "date": "2014-09-30", 
        "operating_revenue": 2141217, 
        "short_term_average": 2244529
    }, 
    {
        "accumulated_operating_revenue_yoy": 10.064360379344942, 
        "accumulated_operating_revenue": 21343399, 
        "long_term_average": 2087930, 
        "date": "2014-10-31", 
        "operating_revenue": 2028815, 
        "short_term_average": 2128497
    }, 
    {
        "accumulated_operating_revenue_yoy": 8.821886391169297, 
        "accumulated_operating_revenue": 23117202, 
        "long_term_average": 2081462, 
        "date": "2014-11-30", 
        "operating_revenue": 1773803, 
        "short_term_average": 1981278
    }, 
    {
        "accumulated_operating_revenue_yoy": 7.965569557661979, 
        "accumulated_operating_revenue": 24943834, 
        "long_term_average": 2078652, 
        "date": "2014-12-31", 
        "operating_revenue": 1826632, 
        "short_term_average": 1876416
    }, 
    {
        "accumulated_operating_revenue_yoy": -6.1548410783230505, 
        "accumulated_operating_revenue": 1896636, 
        "long_term_average": 2068286, 
        "date": "2015-01-31", 
        "operating_revenue": 1896636, 
        "short_term_average": 1832357
    }, 
    {
        "accumulated_operating_revenue_yoy": -8.787272404791672, 
        "accumulated_operating_revenue": 3353020, 
        "long_term_average": 2051734, 
        "date": "2015-02-28", 
        "operating_revenue": 1456384, 
        "short_term_average": 1726550
    }, 
    {
        "accumulated_operating_revenue_yoy": -7.772876030374695, 
        "accumulated_operating_revenue": 5346221, 
        "long_term_average": 2041104, 
        "date": "2015-03-31", 
        "operating_revenue": 1993201, 
        "short_term_average": 1782073
    }, 
    {
        "accumulated_operating_revenue_yoy": -10.081907461142672, 
        "accumulated_operating_revenue": 7286215, 
        "long_term_average": 2010573, 
        "date": "2015-04-30", 
        "operating_revenue": 1939994, 
        "short_term_average": 1796526
    }, 
    {
        "accumulated_operating_revenue_yoy": -13.15999552796639, 
        "accumulated_operating_revenue": 8963561, 
        "long_term_average": 1965455, 
        "date": "2015-05-31", 
        "operating_revenue": 1677346, 
        "short_term_average": 1870180
    }, 
    {
        "accumulated_operating_revenue_yoy": -14.324056696306078, 
        "accumulated_operating_revenue": 10778887, 
        "long_term_average": 1928477, 
        "date": "2015-06-30", 
        "operating_revenue": 1815326, 
        "short_term_average": 1810888
    }, 
    {
        "accumulated_operating_revenue_yoy": -15.296665502733772, 
        "accumulated_operating_revenue": 12669846, 
        "long_term_average": 1887981, 
        "date": "2015-07-31", 
        "operating_revenue": 1890959, 
        "short_term_average": 1794543
    }, 
    {
        "accumulated_operating_revenue_yoy": -15.384630166000646, 
        "accumulated_operating_revenue": 14531308, 
        "long_term_average": 1858481, 
        "date": "2015-08-31", 
        "operating_revenue": 1861462, 
        "short_term_average": 1855915
    }, 
    {
        "accumulated_operating_revenue_yoy": -13.191508551258469, 
        "accumulated_operating_revenue": 16766699, 
        "long_term_average": 1866329, 
        "date": "2015-09-30", 
        "operating_revenue": 2235391, 
        "short_term_average": 1995937
    }, 
    {
        "accumulated_operating_revenue_yoy": -11.474592214670212, 
        "accumulated_operating_revenue": 18894331, 
        "long_term_average": 1874563, 
        "date": "2015-10-31", 
        "operating_revenue": 2127632, 
        "short_term_average": 2074828
    }
]