[
    {
        "date": "2011-09-30", 
        "operating_revenue": 77139, 
        "accumulated_operating_revenue": 77139, 
        "long_term_average": 77139, 
        "short_term_average": 77139
    }, 
    {
        "date": "2011-10-31", 
        "operating_revenue": 66326, 
        "accumulated_operating_revenue": 143465, 
        "long_term_average": 71732, 
        "short_term_average": 71732
    }, 
    {
        "date": "2011-11-30", 
        "operating_revenue": 85754, 
        "accumulated_operating_revenue": 229219, 
        "long_term_average": 76406, 
        "short_term_average": 76406
    }, 
    {
        "date": "2011-12-31", 
        "operating_revenue": 67886, 
        "accumulated_operating_revenue": 297105, 
        "long_term_average": 74276, 
        "short_term_average": 73322
    }, 
    {
        "date": "2012-01-31", 
        "operating_revenue": 64900, 
        "accumulated_operating_revenue": 64900, 
        "long_term_average": 72401, 
        "short_term_average": 72846
    }, 
    {
        "date": "2012-02-29", 
        "operating_revenue": 70296, 
        "accumulated_operating_revenue": 135196, 
        "long_term_average": 72050, 
        "short_term_average": 67694
    }, 
    {
        "date": "2012-03-31", 
        "operating_revenue": 65077, 
        "accumulated_operating_revenue": 200273, 
        "long_term_average": 71054, 
        "short_term_average": 66757
    }, 
    {
        "date": "2012-04-30", 
        "operating_revenue": 49917, 
        "accumulated_operating_revenue": 250190, 
        "long_term_average": 68411, 
        "short_term_average": 61763
    }, 
    {
        "date": "2012-05-31", 
        "operating_revenue": 71172, 
        "accumulated_operating_revenue": 321362, 
        "long_term_average": 68718, 
        "short_term_average": 62055
    }, 
    {
        "date": "2012-06-30", 
        "operating_revenue": 73157, 
        "accumulated_operating_revenue": 394519, 
        "long_term_average": 69162, 
        "short_term_average": 64748
    }, 
    {
        "date": "2012-07-31", 
        "operating_revenue": 64026, 
        "accumulated_operating_revenue": 458545, 
        "long_term_average": 68695, 
        "short_term_average": 69451
    }, 
    {
        "date": "2012-08-31", 
        "operating_revenue": 61702, 
        "accumulated_operating_revenue": 520247, 
        "long_term_average": 68112, 
        "short_term_average": 66295
    }, 
    {
        "accumulated_operating_revenue_yoy": 657.8501147279586, 
        "accumulated_operating_revenue": 584598, 
        "long_term_average": 67047, 
        "date": "2012-09-30", 
        "operating_revenue": 64351, 
        "short_term_average": 63359
    }, 
    {
        "accumulated_operating_revenue_yoy": 346.9229428780539, 
        "accumulated_operating_revenue": 641178, 
        "long_term_average": 66234, 
        "date": "2012-10-31", 
        "operating_revenue": 56580, 
        "short_term_average": 60877
    }, 
    {
        "accumulated_operating_revenue_yoy": 204.82551620938926, 
        "accumulated_operating_revenue": 698718, 
        "long_term_average": 63883, 
        "date": "2012-11-30", 
        "operating_revenue": 57540, 
        "short_term_average": 59490
    }, 
    {
        "accumulated_operating_revenue_yoy": 153.09200451019, 
        "accumulated_operating_revenue": 751949, 
        "long_term_average": 62662, 
        "date": "2012-12-31", 
        "operating_revenue": 53231, 
        "short_term_average": 55783
    }, 
    {
        "accumulated_operating_revenue_yoy": -3.0030816640986133, 
        "accumulated_operating_revenue": 62951, 
        "long_term_average": 62500, 
        "date": "2013-01-31", 
        "operating_revenue": 62951, 
        "short_term_average": 57907
    }, 
    {
        "accumulated_operating_revenue_yoy": -25.02440900618361, 
        "accumulated_operating_revenue": 101364, 
        "long_term_average": 59843, 
        "date": "2013-02-28", 
        "operating_revenue": 38413, 
        "short_term_average": 51531
    }, 
    {
        "accumulated_operating_revenue_yoy": -18.044868754150585, 
        "accumulated_operating_revenue": 164134, 
        "long_term_average": 59650, 
        "date": "2013-03-31", 
        "operating_revenue": 62770, 
        "short_term_average": 54711
    }, 
    {
        "accumulated_operating_revenue_yoy": -7.369199408449578, 
        "accumulated_operating_revenue": 231753, 
        "long_term_average": 61126, 
        "date": "2013-04-30", 
        "operating_revenue": 67619, 
        "short_term_average": 56267
    }, 
    {
        "accumulated_operating_revenue_yoy": -5.515897959310684, 
        "accumulated_operating_revenue": 303636, 
        "long_term_average": 61185, 
        "date": "2013-05-31", 
        "operating_revenue": 71883, 
        "short_term_average": 67424
    }, 
    {
        "accumulated_operating_revenue_yoy": -5.546754402196092, 
        "accumulated_operating_revenue": 372636, 
        "long_term_average": 60838, 
        "date": "2013-06-30", 
        "operating_revenue": 69000, 
        "short_term_average": 69500
    }, 
    {
        "accumulated_operating_revenue_yoy": -3.681863284955675, 
        "accumulated_operating_revenue": 441662, 
        "long_term_average": 61255, 
        "date": "2013-07-31", 
        "operating_revenue": 69026, 
        "short_term_average": 69969
    }, 
    {
        "accumulated_operating_revenue_yoy": -2.347538765240357, 
        "accumulated_operating_revenue": 508034, 
        "long_term_average": 61644, 
        "date": "2013-08-31", 
        "operating_revenue": 66372, 
        "short_term_average": 68132
    }, 
    {
        "accumulated_operating_revenue_yoy": -2.7324759920492374, 
        "accumulated_operating_revenue": 568624, 
        "long_term_average": 61331, 
        "date": "2013-09-30", 
        "operating_revenue": 60590, 
        "short_term_average": 65329
    }, 
    {
        "accumulated_operating_revenue_yoy": -4.057219680026451, 
        "accumulated_operating_revenue": 615164, 
        "long_term_average": 60494, 
        "date": "2013-10-31", 
        "operating_revenue": 46540, 
        "short_term_average": 57834
    }, 
    {
        "accumulated_operating_revenue_yoy": -3.2409355419496846, 
        "accumulated_operating_revenue": 676073, 
        "long_term_average": 60775, 
        "date": "2013-11-30", 
        "operating_revenue": 60909, 
        "short_term_average": 56013
    }, 
    {
        "accumulated_operating_revenue_yoy": -2.099743466644679, 
        "accumulated_operating_revenue": 736160, 
        "long_term_average": 61346, 
        "date": "2013-12-31", 
        "operating_revenue": 60087, 
        "short_term_average": 55845
    }, 
    {
        "accumulated_operating_revenue_yoy": -4.295404362122921, 
        "accumulated_operating_revenue": 60247, 
        "long_term_average": 61121, 
        "date": "2014-01-31", 
        "operating_revenue": 60247, 
        "short_term_average": 60414
    }, 
    {
        "accumulated_operating_revenue_yoy": -0.19928179629848863, 
        "accumulated_operating_revenue": 101162, 
        "long_term_average": 61329, 
        "date": "2014-02-28", 
        "operating_revenue": 40915, 
        "short_term_average": 53749
    }, 
    {
        "accumulated_operating_revenue_yoy": 6.837705776987097, 
        "accumulated_operating_revenue": 175357, 
        "long_term_average": 62281, 
        "date": "2014-03-31", 
        "operating_revenue": 74195, 
        "short_term_average": 58452
    }, 
    {
        "accumulated_operating_revenue_yoy": 1.775597295396392, 
        "accumulated_operating_revenue": 235868, 
        "long_term_average": 61689, 
        "date": "2014-04-30", 
        "operating_revenue": 60511, 
        "short_term_average": 58540
    }, 
    {
        "accumulated_operating_revenue_yoy": -0.5773360207617015, 
        "accumulated_operating_revenue": 301883, 
        "long_term_average": 61200, 
        "date": "2014-05-31", 
        "operating_revenue": 66015, 
        "short_term_average": 66907
    }, 
    {
        "accumulated_operating_revenue_yoy": -5.157580051310125, 
        "accumulated_operating_revenue": 353417, 
        "long_term_average": 59745, 
        "date": "2014-06-30", 
        "operating_revenue": 51534, 
        "short_term_average": 59353
    }, 
    {
        "accumulated_operating_revenue_yoy": -6.808373824327201, 
        "accumulated_operating_revenue": 411592, 
        "long_term_average": 58840, 
        "date": "2014-07-31", 
        "operating_revenue": 58175, 
        "short_term_average": 58574
    }, 
    {
        "accumulated_operating_revenue_yoy": -8.103591491908022, 
        "accumulated_operating_revenue": 466865, 
        "long_term_average": 57915, 
        "date": "2014-08-31", 
        "operating_revenue": 55273, 
        "short_term_average": 54994
    }, 
    {
        "accumulated_operating_revenue_yoy": -7.399441458679197, 
        "accumulated_operating_revenue": 526549, 
        "long_term_average": 57840, 
        "date": "2014-09-30", 
        "operating_revenue": 59684, 
        "short_term_average": 57710
    }, 
    {
        "accumulated_operating_revenue_yoy": -6.724060575716393, 
        "accumulated_operating_revenue": 573800, 
        "long_term_average": 57899, 
        "date": "2014-10-31", 
        "operating_revenue": 47251, 
        "short_term_average": 54069
    }, 
    {
        "accumulated_operating_revenue_yoy": -7.3429940257930735, 
        "accumulated_operating_revenue": 626429, 
        "long_term_average": 57209, 
        "date": "2014-11-30", 
        "operating_revenue": 52629, 
        "short_term_average": 53188
    }, 
    {
        "accumulated_operating_revenue_yoy": -6.999701151923494, 
        "accumulated_operating_revenue": 684631, 
        "long_term_average": 57052, 
        "date": "2014-12-31", 
        "operating_revenue": 58202, 
        "short_term_average": 52694
    }, 
    {
        "accumulated_operating_revenue_yoy": -12.696067854001027, 
        "accumulated_operating_revenue": 52598, 
        "long_term_average": 56415, 
        "date": "2015-01-31", 
        "operating_revenue": 52598, 
        "short_term_average": 54476
    }, 
    {
        "accumulated_operating_revenue_yoy": -17.785334414108064, 
        "accumulated_operating_revenue": 83170, 
        "long_term_average": 55553, 
        "date": "2015-02-28", 
        "operating_revenue": 30572, 
        "short_term_average": 47124
    }, 
    {
        "accumulated_operating_revenue_yoy": -24.088003330348943, 
        "accumulated_operating_revenue": 133117, 
        "long_term_average": 53532, 
        "date": "2015-03-31", 
        "operating_revenue": 49947, 
        "short_term_average": 44372
    }, 
    {
        "accumulated_operating_revenue_yoy": -16.4134176742924, 
        "accumulated_operating_revenue": 197154, 
        "long_term_average": 53826, 
        "date": "2015-04-30", 
        "operating_revenue": 64037, 
        "short_term_average": 48185
    }, 
    {
        "accumulated_operating_revenue_yoy": -19.371080849203167, 
        "accumulated_operating_revenue": 243405, 
        "long_term_average": 52179, 
        "date": "2015-05-31", 
        "operating_revenue": 46251, 
        "short_term_average": 53411
    }, 
    {
        "accumulated_operating_revenue_yoy": -5.052954441919885, 
        "accumulated_operating_revenue": 335559, 
        "long_term_average": 55564, 
        "date": "2015-06-30", 
        "operating_revenue": 92154, 
        "short_term_average": 67480
    }, 
    {
        "accumulated_operating_revenue_yoy": 10.163705805749384, 
        "accumulated_operating_revenue": 453425, 
        "long_term_average": 60538, 
        "date": "2015-07-31", 
        "operating_revenue": 117866, 
        "short_term_average": 85423
    }, 
    {
        "accumulated_operating_revenue_yoy": 8.279052831118202, 
        "accumulated_operating_revenue": 505517, 
        "long_term_average": 60273, 
        "date": "2015-08-31", 
        "operating_revenue": 52092, 
        "short_term_average": 87370
    }
]