[
    {
        "date": "2011-09-30", 
        "operating_revenue": 200013, 
        "accumulated_operating_revenue": 200013, 
        "long_term_average": 200013, 
        "short_term_average": 200013
    }, 
    {
        "date": "2011-10-31", 
        "operating_revenue": 189533, 
        "accumulated_operating_revenue": 389546, 
        "long_term_average": 194773, 
        "short_term_average": 194773
    }, 
    {
        "date": "2011-11-30", 
        "operating_revenue": 171579, 
        "accumulated_operating_revenue": 561125, 
        "long_term_average": 187041, 
        "short_term_average": 187041
    }, 
    {
        "date": "2011-12-31", 
        "operating_revenue": 155892, 
        "accumulated_operating_revenue": 717017, 
        "long_term_average": 179254, 
        "short_term_average": 172334
    }, 
    {
        "date": "2012-01-31", 
        "operating_revenue": 156094, 
        "accumulated_operating_revenue": 156094, 
        "long_term_average": 174622, 
        "short_term_average": 161188
    }, 
    {
        "date": "2012-02-29", 
        "operating_revenue": 113219, 
        "accumulated_operating_revenue": 269313, 
        "long_term_average": 164388, 
        "short_term_average": 141735
    }, 
    {
        "date": "2012-03-31", 
        "operating_revenue": 189911, 
        "accumulated_operating_revenue": 459224, 
        "long_term_average": 168034, 
        "short_term_average": 153074
    }, 
    {
        "date": "2012-04-30", 
        "operating_revenue": 186950, 
        "accumulated_operating_revenue": 646174, 
        "long_term_average": 170398, 
        "short_term_average": 163360
    }, 
    {
        "date": "2012-05-31", 
        "operating_revenue": 207936, 
        "accumulated_operating_revenue": 854110, 
        "long_term_average": 174569, 
        "short_term_average": 194932
    }, 
    {
        "date": "2012-06-30", 
        "operating_revenue": 194505, 
        "accumulated_operating_revenue": 1048615, 
        "long_term_average": 176563, 
        "short_term_average": 196463
    }, 
    {
        "date": "2012-07-31", 
        "operating_revenue": 179399, 
        "accumulated_operating_revenue": 1228014, 
        "long_term_average": 176821, 
        "short_term_average": 193946
    }, 
    {
        "date": "2012-08-31", 
        "operating_revenue": 160905, 
        "accumulated_operating_revenue": 1388919, 
        "long_term_average": 175494, 
        "short_term_average": 178269
    }, 
    {
        "accumulated_operating_revenue_yoy": 682.3606465579737, 
        "accumulated_operating_revenue": 1564823, 
        "long_term_average": 173485, 
        "date": "2012-09-30", 
        "operating_revenue": 175904, 
        "short_term_average": 172069
    }, 
    {
        "accumulated_operating_revenue_yoy": 348.09188131825255, 
        "accumulated_operating_revenue": 1745524, 
        "long_term_average": 172749, 
        "date": "2012-10-31", 
        "operating_revenue": 180701, 
        "short_term_average": 172503
    }, 
    {
        "accumulated_operating_revenue_yoy": 239.8677656493651, 
        "accumulated_operating_revenue": 1907083, 
        "long_term_average": 171914, 
        "date": "2012-11-30", 
        "operating_revenue": 161559, 
        "short_term_average": 172721
    }, 
    {
        "accumulated_operating_revenue_yoy": 188.83708475531265, 
        "accumulated_operating_revenue": 2071011, 
        "long_term_average": 172584, 
        "date": "2012-12-31", 
        "operating_revenue": 163928, 
        "short_term_average": 168729
    }, 
    {
        "accumulated_operating_revenue_yoy": 24.198880161953696, 
        "accumulated_operating_revenue": 193867, 
        "long_term_average": 175732, 
        "date": "2013-01-31", 
        "operating_revenue": 193867, 
        "short_term_average": 173118
    }, 
    {
        "accumulated_operating_revenue_yoy": 7.48534233401284, 
        "accumulated_operating_revenue": 289472, 
        "long_term_average": 174264, 
        "date": "2013-02-28", 
        "operating_revenue": 95605, 
        "short_term_average": 151133
    }, 
    {
        "accumulated_operating_revenue_yoy": -6.3219692350574, 
        "accumulated_operating_revenue": 430192, 
        "long_term_average": 170164, 
        "date": "2013-03-31", 
        "operating_revenue": 140720, 
        "short_term_average": 143397
    }, 
    {
        "accumulated_operating_revenue_yoy": -6.0852030567618005, 
        "accumulated_operating_revenue": 606853, 
        "long_term_average": 169307, 
        "date": "2013-04-30", 
        "operating_revenue": 176661, 
        "short_term_average": 137662
    }, 
    {
        "accumulated_operating_revenue_yoy": -6.770556485698563, 
        "accumulated_operating_revenue": 796282, 
        "long_term_average": 167765, 
        "date": "2013-05-31", 
        "operating_revenue": 189429, 
        "short_term_average": 168936
    }, 
    {
        "accumulated_operating_revenue_yoy": -10.633073148867792, 
        "accumulated_operating_revenue": 937115, 
        "long_term_average": 163292, 
        "date": "2013-06-30", 
        "operating_revenue": 140833, 
        "short_term_average": 168974
    }, 
    {
        "accumulated_operating_revenue_yoy": -9.54044497864031, 
        "accumulated_operating_revenue": 1110856, 
        "long_term_average": 162821, 
        "date": "2013-07-31", 
        "operating_revenue": 173741, 
        "short_term_average": 168001
    }, 
    {
        "accumulated_operating_revenue_yoy": -8.229853576774456, 
        "accumulated_operating_revenue": 1274613, 
        "long_term_average": 163058, 
        "date": "2013-08-31", 
        "operating_revenue": 163757, 
        "short_term_average": 159443
    }, 
    {
        "accumulated_operating_revenue_yoy": -5.181416684187285, 
        "accumulated_operating_revenue": 1483743, 
        "long_term_average": 165827, 
        "date": "2013-09-30", 
        "operating_revenue": 209130, 
        "short_term_average": 182209
    }, 
    {
        "accumulated_operating_revenue_yoy": -5.786858272931223, 
        "accumulated_operating_revenue": 1644513, 
        "long_term_average": 164166, 
        "date": "2013-10-31", 
        "operating_revenue": 160770, 
        "short_term_average": 177885
    }, 
    {
        "accumulated_operating_revenue_yoy": -3.8048160462863967, 
        "accumulated_operating_revenue": 1834522, 
        "long_term_average": 166537, 
        "date": "2013-11-30", 
        "operating_revenue": 190009, 
        "short_term_average": 186636
    }, 
    {
        "accumulated_operating_revenue_yoy": -2.831901906846463, 
        "accumulated_operating_revenue": 2012362, 
        "long_term_average": 167696, 
        "date": "2013-12-31", 
        "operating_revenue": 177840, 
        "short_term_average": 176206
    }, 
    {
        "accumulated_operating_revenue_yoy": -9.357446084171107, 
        "accumulated_operating_revenue": 175726, 
        "long_term_average": 166185, 
        "date": "2014-01-31", 
        "operating_revenue": 175726, 
        "short_term_average": 181191
    }, 
    {
        "accumulated_operating_revenue_yoy": -0.6736402829980102, 
        "accumulated_operating_revenue": 287522, 
        "long_term_average": 167534, 
        "date": "2014-02-28", 
        "operating_revenue": 111796, 
        "short_term_average": 155120
    }, 
    {
        "accumulated_operating_revenue_yoy": 1.7534031316249488, 
        "accumulated_operating_revenue": 437735, 
        "long_term_average": 168325, 
        "date": "2014-03-31", 
        "operating_revenue": 150213, 
        "short_term_average": 145911
    }, 
    {
        "accumulated_operating_revenue_yoy": 2.6553382779684704, 
        "accumulated_operating_revenue": 622967, 
        "long_term_average": 169039, 
        "date": "2014-04-30", 
        "operating_revenue": 185232, 
        "short_term_average": 149080
    }, 
    {
        "accumulated_operating_revenue_yoy": 3.478164770772164, 
        "accumulated_operating_revenue": 823978, 
        "long_term_average": 170004, 
        "date": "2014-05-31", 
        "operating_revenue": 201011, 
        "short_term_average": 178818
    }, 
    {
        "accumulated_operating_revenue_yoy": 10.265762473122296, 
        "accumulated_operating_revenue": 1033317, 
        "long_term_average": 175713, 
        "date": "2014-06-30", 
        "operating_revenue": 209339, 
        "short_term_average": 198527
    }, 
    {
        "accumulated_operating_revenue_yoy": 11.468723218851048, 
        "accumulated_operating_revenue": 1238257, 
        "long_term_average": 178313, 
        "date": "2014-07-31", 
        "operating_revenue": 204940, 
        "short_term_average": 205096
    }, 
    {
        "accumulated_operating_revenue_yoy": 12.148707097762221, 
        "accumulated_operating_revenue": 1429462, 
        "long_term_average": 180600, 
        "date": "2014-08-31", 
        "operating_revenue": 191205, 
        "short_term_average": 201828
    }, 
    {
        "accumulated_operating_revenue_yoy": 11.519784760568372, 
        "accumulated_operating_revenue": 1654667, 
        "long_term_average": 181940, 
        "date": "2014-09-30", 
        "operating_revenue": 225205, 
        "short_term_average": 207116
    }, 
    {
        "accumulated_operating_revenue_yoy": 11.821554466276641, 
        "accumulated_operating_revenue": 1838920, 
        "long_term_average": 183897, 
        "date": "2014-10-31", 
        "operating_revenue": 184253, 
        "short_term_average": 200221
    }, 
    {
        "accumulated_operating_revenue_yoy": 11.334723704594438, 
        "accumulated_operating_revenue": 2042460, 
        "long_term_average": 185025, 
        "date": "2014-11-30", 
        "operating_revenue": 203540, 
        "short_term_average": 204332
    }, 
    {
        "accumulated_operating_revenue_yoy": 12.82453157036358, 
        "accumulated_operating_revenue": 2270438, 
        "long_term_average": 189203, 
        "date": "2014-12-31", 
        "operating_revenue": 227978, 
        "short_term_average": 205257
    }, 
    {
        "accumulated_operating_revenue_yoy": 6.93750497934284, 
        "accumulated_operating_revenue": 187917, 
        "long_term_average": 190219, 
        "date": "2015-01-31", 
        "operating_revenue": 187917, 
        "short_term_average": 206478
    }, 
    {
        "accumulated_operating_revenue_yoy": 13.908848714185348, 
        "accumulated_operating_revenue": 327513, 
        "long_term_average": 192535, 
        "date": "2015-02-28", 
        "operating_revenue": 139596, 
        "short_term_average": 185163
    }, 
    {
        "accumulated_operating_revenue_yoy": 10.950689344009504, 
        "accumulated_operating_revenue": 485670, 
        "long_term_average": 193197, 
        "date": "2015-03-31", 
        "operating_revenue": 158157, 
        "short_term_average": 161890
    }, 
    {
        "accumulated_operating_revenue_yoy": 6.547858875349738, 
        "accumulated_operating_revenue": 663758, 
        "long_term_average": 192602, 
        "date": "2015-04-30", 
        "operating_revenue": 178088, 
        "short_term_average": 158613
    }, 
    {
        "accumulated_operating_revenue_yoy": 2.371543900443944, 
        "accumulated_operating_revenue": 843519, 
        "long_term_average": 190831, 
        "date": "2015-05-31", 
        "operating_revenue": 179761, 
        "short_term_average": 172002
    }, 
    {
        "accumulated_operating_revenue_yoy": -0.8000449039355784, 
        "accumulated_operating_revenue": 1025050, 
        "long_term_average": 188514, 
        "date": "2015-06-30", 
        "operating_revenue": 181531, 
        "short_term_average": 179793
    }, 
    {
        "accumulated_operating_revenue_yoy": -3.2704842371171736, 
        "accumulated_operating_revenue": 1197760, 
        "long_term_average": 185828, 
        "date": "2015-07-31", 
        "operating_revenue": 172710, 
        "short_term_average": 178000
    }, 
    {
        "accumulated_operating_revenue_yoy": -1.3561745607788105, 
        "accumulated_operating_revenue": 1410076, 
        "long_term_average": 187587, 
        "date": "2015-08-31", 
        "operating_revenue": 212316, 
        "short_term_average": 188852
    }
]