[
    {
        "date": "2012-01-31", 
        "operating_revenue": 29517, 
        "accumulated_operating_revenue": 29517, 
        "long_term_average": 29517, 
        "short_term_average": 29517
    }, 
    {
        "date": "2012-02-29", 
        "operating_revenue": 32729, 
        "accumulated_operating_revenue": 62246, 
        "long_term_average": 31123, 
        "short_term_average": 31123
    }, 
    {
        "date": "2012-03-31", 
        "operating_revenue": 32877, 
        "accumulated_operating_revenue": 95123, 
        "long_term_average": 31707, 
        "short_term_average": 31707
    }, 
    {
        "date": "2012-04-30", 
        "operating_revenue": 30773, 
        "accumulated_operating_revenue": 125896, 
        "long_term_average": 31474, 
        "short_term_average": 32126
    }, 
    {
        "date": "2012-05-31", 
        "operating_revenue": 26466, 
        "accumulated_operating_revenue": 152362, 
        "long_term_average": 30472, 
        "short_term_average": 30038
    }, 
    {
        "date": "2012-06-30", 
        "operating_revenue": 28000, 
        "accumulated_operating_revenue": 180362, 
        "long_term_average": 30060, 
        "short_term_average": 28413
    }, 
    {
        "date": "2012-07-31", 
        "operating_revenue": 26069, 
        "accumulated_operating_revenue": 206431, 
        "long_term_average": 29490, 
        "short_term_average": 26845
    }, 
    {
        "date": "2012-08-31", 
        "operating_revenue": 37083, 
        "accumulated_operating_revenue": 243514, 
        "long_term_average": 30439, 
        "short_term_average": 30384
    }, 
    {
        "date": "2012-09-30", 
        "operating_revenue": 27586, 
        "accumulated_operating_revenue": 271100, 
        "long_term_average": 30122, 
        "short_term_average": 30246
    }, 
    {
        "date": "2012-10-31", 
        "operating_revenue": 27915, 
        "accumulated_operating_revenue": 299015, 
        "long_term_average": 29901, 
        "short_term_average": 30861
    }, 
    {
        "date": "2012-11-30", 
        "operating_revenue": 36487, 
        "accumulated_operating_revenue": 335502, 
        "long_term_average": 30500, 
        "short_term_average": 30662
    }, 
    {
        "date": "2012-12-31", 
        "operating_revenue": 42680, 
        "accumulated_operating_revenue": 378182, 
        "long_term_average": 31515, 
        "short_term_average": 35694
    }, 
    {
        "accumulated_operating_revenue_yoy": -31.50726699867873, 
        "accumulated_operating_revenue": 20217, 
        "long_term_average": 30740, 
        "date": "2013-01-31", 
        "operating_revenue": 20217, 
        "short_term_average": 33128
    }, 
    {
        "accumulated_operating_revenue_yoy": -47.91954503100601, 
        "accumulated_operating_revenue": 32418, 
        "long_term_average": 29029, 
        "date": "2013-02-28", 
        "operating_revenue": 12201, 
        "short_term_average": 25032
    }, 
    {
        "accumulated_operating_revenue_yoy": -52.873647803370375, 
        "accumulated_operating_revenue": 44828, 
        "long_term_average": 27323, 
        "date": "2013-03-31", 
        "operating_revenue": 12410, 
        "short_term_average": 14942
    }, 
    {
        "accumulated_operating_revenue_yoy": -48.36531740484209, 
        "accumulated_operating_revenue": 65006, 
        "long_term_average": 26441, 
        "date": "2013-04-30", 
        "operating_revenue": 20178, 
        "short_term_average": 14929
    }, 
    {
        "accumulated_operating_revenue_yoy": -41.90939998162271, 
        "accumulated_operating_revenue": 88508, 
        "long_term_average": 26194, 
        "date": "2013-05-31", 
        "operating_revenue": 23502, 
        "short_term_average": 18696
    }, 
    {
        "accumulated_operating_revenue_yoy": -39.90031159556891, 
        "accumulated_operating_revenue": 108397, 
        "long_term_average": 25518, 
        "date": "2013-06-30", 
        "operating_revenue": 19889, 
        "short_term_average": 21189
    }, 
    {
        "accumulated_operating_revenue_yoy": -30.403863760772364, 
        "accumulated_operating_revenue": 143668, 
        "long_term_average": 26284, 
        "date": "2013-07-31", 
        "operating_revenue": 35271, 
        "short_term_average": 26220
    }, 
    {
        "accumulated_operating_revenue_yoy": -22.997035078065327, 
        "accumulated_operating_revenue": 187513, 
        "long_term_average": 26848, 
        "date": "2013-08-31", 
        "operating_revenue": 43845, 
        "short_term_average": 33001
    }, 
    {
        "accumulated_operating_revenue_yoy": -20.410180745112505, 
        "accumulated_operating_revenue": 215768, 
        "long_term_average": 26904, 
        "date": "2013-09-30", 
        "operating_revenue": 28255, 
        "short_term_average": 35790
    }, 
    {
        "accumulated_operating_revenue_yoy": -18.874303964684046, 
        "accumulated_operating_revenue": 242578, 
        "long_term_average": 26812, 
        "date": "2013-10-31", 
        "operating_revenue": 26810, 
        "short_term_average": 32970
    }, 
    {
        "accumulated_operating_revenue_yoy": -22.52177334263283, 
        "accumulated_operating_revenue": 259941, 
        "long_term_average": 25218, 
        "date": "2013-11-30", 
        "operating_revenue": 17363, 
        "short_term_average": 24142
    }, 
    {
        "accumulated_operating_revenue_yoy": -21.87729717437636, 
        "accumulated_operating_revenue": 295446, 
        "long_term_average": 24620, 
        "date": "2013-12-31", 
        "operating_revenue": 35505, 
        "short_term_average": 26559
    }, 
    {
        "accumulated_operating_revenue_yoy": 2.8391947371024386, 
        "accumulated_operating_revenue": 20791, 
        "long_term_average": 24668, 
        "date": "2014-01-31", 
        "operating_revenue": 20791, 
        "short_term_average": 24553
    }, 
    {
        "accumulated_operating_revenue_yoy": -4.917021407859831, 
        "accumulated_operating_revenue": 30824, 
        "long_term_average": 24487, 
        "date": "2014-02-28", 
        "operating_revenue": 10033, 
        "short_term_average": 22109
    }, 
    {
        "accumulated_operating_revenue_yoy": 33.59061300972606, 
        "accumulated_operating_revenue": 59886, 
        "long_term_average": 25875, 
        "date": "2014-03-31", 
        "operating_revenue": 29062, 
        "short_term_average": 19962
    }, 
    {
        "accumulated_operating_revenue_yoy": 38.85948989324062, 
        "accumulated_operating_revenue": 90267, 
        "long_term_average": 26725, 
        "date": "2014-04-30", 
        "operating_revenue": 30381, 
        "short_term_average": 23158
    }, 
    {
        "accumulated_operating_revenue_yoy": 42.39729741944231, 
        "accumulated_operating_revenue": 126033, 
        "long_term_average": 27747, 
        "date": "2014-05-31", 
        "operating_revenue": 35766, 
        "short_term_average": 31736
    }, 
    {
        "accumulated_operating_revenue_yoy": 52.41196712086128, 
        "accumulated_operating_revenue": 165210, 
        "long_term_average": 29354, 
        "date": "2014-06-30", 
        "operating_revenue": 39177, 
        "short_term_average": 35108
    }, 
    {
        "accumulated_operating_revenue_yoy": 46.73274493972214, 
        "accumulated_operating_revenue": 210808, 
        "long_term_average": 30215, 
        "date": "2014-07-31", 
        "operating_revenue": 45598, 
        "short_term_average": 40180
    }, 
    {
        "accumulated_operating_revenue_yoy": 34.215227744209734, 
        "accumulated_operating_revenue": 251671, 
        "long_term_average": 29967, 
        "date": "2014-08-31", 
        "operating_revenue": 40863, 
        "short_term_average": 41879
    }, 
    {
        "accumulated_operating_revenue_yoy": 33.42803381409662, 
        "accumulated_operating_revenue": 287895, 
        "long_term_average": 30631, 
        "date": "2014-09-30", 
        "operating_revenue": 36224, 
        "short_term_average": 40895
    }, 
    {
        "accumulated_operating_revenue_yoy": 39.55469993156841, 
        "accumulated_operating_revenue": 338529, 
        "long_term_average": 32616, 
        "date": "2014-10-31", 
        "operating_revenue": 50634, 
        "short_term_average": 42573
    }, 
    {
        "accumulated_operating_revenue_yoy": 45.96158359012237, 
        "accumulated_operating_revenue": 379414, 
        "long_term_average": 34576, 
        "date": "2014-11-30", 
        "operating_revenue": 40885, 
        "short_term_average": 42581
    }, 
    {
        "accumulated_operating_revenue_yoy": 48.48195609349932, 
        "accumulated_operating_revenue": 438684, 
        "long_term_average": 36557, 
        "date": "2014-12-31", 
        "operating_revenue": 59270, 
        "short_term_average": 50263
    }, 
    {
        "accumulated_operating_revenue_yoy": 165.4898754268674, 
        "accumulated_operating_revenue": 55198, 
        "long_term_average": 39424, 
        "date": "2015-01-31", 
        "operating_revenue": 55198, 
        "short_term_average": 51784
    }, 
    {
        "accumulated_operating_revenue_yoy": 250.01297690111605, 
        "accumulated_operating_revenue": 107888, 
        "long_term_average": 42979, 
        "date": "2015-02-28", 
        "operating_revenue": 52690, 
        "short_term_average": 55719
    }, 
    {
        "accumulated_operating_revenue_yoy": 162.4603413151655, 
        "accumulated_operating_revenue": 157177, 
        "long_term_average": 44664, 
        "date": "2015-03-31", 
        "operating_revenue": 49289, 
        "short_term_average": 52392
    }, 
    {
        "accumulated_operating_revenue_yoy": 145.8883091273666, 
        "accumulated_operating_revenue": 221956, 
        "long_term_average": 47531, 
        "date": "2015-04-30", 
        "operating_revenue": 64779, 
        "short_term_average": 55586
    }, 
    {
        "accumulated_operating_revenue_yoy": 136.548364317282, 
        "accumulated_operating_revenue": 298129, 
        "long_term_average": 50898, 
        "date": "2015-05-31", 
        "operating_revenue": 76173, 
        "short_term_average": 63413
    }, 
    {
        "accumulated_operating_revenue_yoy": 136.9735488166576, 
        "accumulated_operating_revenue": 391504, 
        "long_term_average": 55414, 
        "date": "2015-06-30", 
        "operating_revenue": 93375, 
        "short_term_average": 78109
    }, 
    {
        "accumulated_operating_revenue_yoy": 136.3890364692042, 
        "accumulated_operating_revenue": 498327, 
        "long_term_average": 60516, 
        "date": "2015-07-31", 
        "operating_revenue": 106823, 
        "short_term_average": 92123
    }, 
    {
        "accumulated_operating_revenue_yoy": 153.13921747042767, 
        "accumulated_operating_revenue": 637078, 
        "long_term_average": 68674, 
        "date": "2015-08-31", 
        "operating_revenue": 138751, 
        "short_term_average": 112983
    }
]