[
    {
        "date": "2011-09-30", 
        "operating_revenue": 117020, 
        "accumulated_operating_revenue": 117020, 
        "long_term_average": 117020, 
        "short_term_average": 117020
    }, 
    {
        "date": "2011-10-31", 
        "operating_revenue": 107085, 
        "accumulated_operating_revenue": 224105, 
        "long_term_average": 112052, 
        "short_term_average": 112052
    }, 
    {
        "date": "2011-11-30", 
        "operating_revenue": 107058, 
        "accumulated_operating_revenue": 331163, 
        "long_term_average": 110387, 
        "short_term_average": 110387
    }, 
    {
        "date": "2011-12-31", 
        "operating_revenue": 87088, 
        "accumulated_operating_revenue": 418251, 
        "long_term_average": 104562, 
        "short_term_average": 100410
    }, 
    {
        "date": "2012-01-31", 
        "operating_revenue": 78850, 
        "accumulated_operating_revenue": 78850, 
        "long_term_average": 99420, 
        "short_term_average": 90998
    }, 
    {
        "date": "2012-02-29", 
        "operating_revenue": 80220, 
        "accumulated_operating_revenue": 159070, 
        "long_term_average": 96220, 
        "short_term_average": 82052
    }, 
    {
        "date": "2012-03-31", 
        "operating_revenue": 122368, 
        "accumulated_operating_revenue": 281438, 
        "long_term_average": 99955, 
        "short_term_average": 93812
    }, 
    {
        "date": "2012-04-30", 
        "operating_revenue": 118953, 
        "accumulated_operating_revenue": 400391, 
        "long_term_average": 102330, 
        "short_term_average": 107180
    }, 
    {
        "date": "2012-05-31", 
        "operating_revenue": 106873, 
        "accumulated_operating_revenue": 507264, 
        "long_term_average": 102835, 
        "short_term_average": 116064
    }, 
    {
        "date": "2012-06-30", 
        "operating_revenue": 102811, 
        "accumulated_operating_revenue": 610075, 
        "long_term_average": 102832, 
        "short_term_average": 109545
    }, 
    {
        "date": "2012-07-31", 
        "operating_revenue": 104003, 
        "accumulated_operating_revenue": 714078, 
        "long_term_average": 102939, 
        "short_term_average": 104562
    }, 
    {
        "date": "2012-08-31", 
        "operating_revenue": 100187, 
        "accumulated_operating_revenue": 814265, 
        "long_term_average": 102709, 
        "short_term_average": 102333
    }, 
    {
        "accumulated_operating_revenue_yoy": 688.8882242351735, 
        "accumulated_operating_revenue": 923157, 
        "long_term_average": 102032, 
        "date": "2012-09-30", 
        "operating_revenue": 108892, 
        "short_term_average": 104360
    }, 
    {
        "accumulated_operating_revenue_yoy": 353.3665023091854, 
        "accumulated_operating_revenue": 1016017, 
        "long_term_average": 100846, 
        "date": "2012-10-31", 
        "operating_revenue": 92860, 
        "short_term_average": 100646
    }, 
    {
        "accumulated_operating_revenue_yoy": 236.14655018827588, 
        "accumulated_operating_revenue": 1113193, 
        "long_term_average": 100023, 
        "date": "2012-11-30", 
        "operating_revenue": 97176, 
        "short_term_average": 99642
    }, 
    {
        "accumulated_operating_revenue_yoy": 185.04964722140534, 
        "accumulated_operating_revenue": 1192223, 
        "long_term_average": 99351, 
        "date": "2012-12-31", 
        "operating_revenue": 79030, 
        "short_term_average": 89688
    }, 
    {
        "accumulated_operating_revenue_yoy": 30.306911857958145, 
        "accumulated_operating_revenue": 102747, 
        "long_term_average": 101343, 
        "date": "2013-01-31", 
        "operating_revenue": 102747, 
        "short_term_average": 92984
    }, 
    {
        "accumulated_operating_revenue_yoy": 0.09178349154460301, 
        "accumulated_operating_revenue": 159216, 
        "long_term_average": 99364, 
        "date": "2013-02-28", 
        "operating_revenue": 56469, 
        "short_term_average": 79415
    }, 
    {
        "accumulated_operating_revenue_yoy": -8.226323382059281, 
        "accumulated_operating_revenue": 258286, 
        "long_term_average": 97422, 
        "date": "2013-03-31", 
        "operating_revenue": 99070, 
        "short_term_average": 86095
    }, 
    {
        "accumulated_operating_revenue_yoy": -8.815382963153517, 
        "accumulated_operating_revenue": 365095, 
        "long_term_average": 96410, 
        "date": "2013-04-30", 
        "operating_revenue": 106809, 
        "short_term_average": 87449
    }, 
    {
        "accumulated_operating_revenue_yoy": -5.99194896543023, 
        "accumulated_operating_revenue": 476869, 
        "long_term_average": 96819, 
        "date": "2013-05-31", 
        "operating_revenue": 111774, 
        "short_term_average": 105884
    }, 
    {
        "accumulated_operating_revenue_yoy": -8.716305372290293, 
        "accumulated_operating_revenue": 556899, 
        "long_term_average": 94920, 
        "date": "2013-06-30", 
        "operating_revenue": 80030, 
        "short_term_average": 99537
    }, 
    {
        "accumulated_operating_revenue_yoy": -10.622228944176966, 
        "accumulated_operating_revenue": 638227, 
        "long_term_average": 93031, 
        "date": "2013-07-31", 
        "operating_revenue": 81328, 
        "short_term_average": 91044
    }, 
    {
        "accumulated_operating_revenue_yoy": -11.42613277004415, 
        "accumulated_operating_revenue": 721226, 
        "long_term_average": 91598, 
        "date": "2013-08-31", 
        "operating_revenue": 82999, 
        "short_term_average": 81452
    }, 
    {
        "accumulated_operating_revenue_yoy": -13.182698067609303, 
        "accumulated_operating_revenue": 801460, 
        "long_term_average": 89210, 
        "date": "2013-09-30", 
        "operating_revenue": 80234, 
        "short_term_average": 81520
    }, 
    {
        "accumulated_operating_revenue_yoy": -11.298137728010456, 
        "accumulated_operating_revenue": 901226, 
        "long_term_average": 89786, 
        "date": "2013-10-31", 
        "operating_revenue": 99766, 
        "short_term_average": 87666
    }, 
    {
        "accumulated_operating_revenue_yoy": -11.265791286865799, 
        "accumulated_operating_revenue": 987783, 
        "long_term_average": 88901, 
        "date": "2013-11-30", 
        "operating_revenue": 86557, 
        "short_term_average": 88852
    }, 
    {
        "accumulated_operating_revenue_yoy": -10.737588521610471, 
        "accumulated_operating_revenue": 1064207, 
        "long_term_average": 88683, 
        "date": "2013-12-31", 
        "operating_revenue": 76424, 
        "short_term_average": 87582
    }, 
    {
        "accumulated_operating_revenue_yoy": -8.582245710337041, 
        "accumulated_operating_revenue": 93929, 
        "long_term_average": 87949, 
        "date": "2014-01-31", 
        "operating_revenue": 93929, 
        "short_term_average": 85636
    }, 
    {
        "accumulated_operating_revenue_yoy": -5.529595015576324, 
        "accumulated_operating_revenue": 150412, 
        "long_term_average": 87950, 
        "date": "2014-02-28", 
        "operating_revenue": 56483, 
        "short_term_average": 75612
    }, 
    {
        "accumulated_operating_revenue_yoy": -1.8402081413626754, 
        "accumulated_operating_revenue": 253533, 
        "long_term_average": 88287, 
        "date": "2014-03-31", 
        "operating_revenue": 103121, 
        "short_term_average": 84511
    }, 
    {
        "accumulated_operating_revenue_yoy": 4.191511798299072, 
        "accumulated_operating_revenue": 380398, 
        "long_term_average": 89959, 
        "date": "2014-04-30", 
        "operating_revenue": 126865, 
        "short_term_average": 95489
    }, 
    {
        "accumulated_operating_revenue_yoy": 3.540175603782171, 
        "accumulated_operating_revenue": 493751, 
        "long_term_average": 90090, 
        "date": "2014-05-31", 
        "operating_revenue": 113353, 
        "short_term_average": 114446
    }, 
    {
        "accumulated_operating_revenue_yoy": 9.454497135028076, 
        "accumulated_operating_revenue": 609551, 
        "long_term_average": 93071, 
        "date": "2014-06-30", 
        "operating_revenue": 115800, 
        "short_term_average": 118672
    }, 
    {
        "accumulated_operating_revenue_yoy": 14.993724803243987, 
        "accumulated_operating_revenue": 733921, 
        "long_term_average": 96658, 
        "date": "2014-07-31", 
        "operating_revenue": 124370, 
        "short_term_average": 117841
    }, 
    {
        "accumulated_operating_revenue_yoy": 19.953107625071752, 
        "accumulated_operating_revenue": 865133, 
        "long_term_average": 100676, 
        "date": "2014-08-31", 
        "operating_revenue": 131212, 
        "short_term_average": 123794
    }, 
    {
        "accumulated_operating_revenue_yoy": 26.006787612606992, 
        "accumulated_operating_revenue": 1009894, 
        "long_term_average": 106053, 
        "date": "2014-09-30", 
        "operating_revenue": 144761, 
        "short_term_average": 133447
    }, 
    {
        "accumulated_operating_revenue_yoy": 25.797968545070827, 
        "accumulated_operating_revenue": 1133724, 
        "long_term_average": 108058, 
        "date": "2014-10-31", 
        "operating_revenue": 123830, 
        "short_term_average": 133267
    }, 
    {
        "accumulated_operating_revenue_yoy": 26.773188038263463, 
        "accumulated_operating_revenue": 1252244, 
        "long_term_average": 110722, 
        "date": "2014-11-30", 
        "operating_revenue": 118520, 
        "short_term_average": 129037
    }, 
    {
        "accumulated_operating_revenue_yoy": 28.78922991485679, 
        "accumulated_operating_revenue": 1370584, 
        "long_term_average": 114215, 
        "date": "2014-12-31", 
        "operating_revenue": 118340, 
        "short_term_average": 120230
    }, 
    {
        "accumulated_operating_revenue_yoy": 44.45378956445826, 
        "accumulated_operating_revenue": 135684, 
        "long_term_average": 117694, 
        "date": "2015-01-31", 
        "operating_revenue": 135684, 
        "short_term_average": 124181
    }, 
    {
        "accumulated_operating_revenue_yoy": 40.66098449591788, 
        "accumulated_operating_revenue": 211571, 
        "long_term_average": 119311, 
        "date": "2015-02-28", 
        "operating_revenue": 75887, 
        "short_term_average": 109970
    }, 
    {
        "accumulated_operating_revenue_yoy": 31.52055156527947, 
        "accumulated_operating_revenue": 333448, 
        "long_term_average": 120874, 
        "date": "2015-03-31", 
        "operating_revenue": 121877, 
        "short_term_average": 111149
    }, 
    {
        "accumulated_operating_revenue_yoy": 27.152350958732697, 
        "accumulated_operating_revenue": 483685, 
        "long_term_average": 122822, 
        "date": "2015-04-30", 
        "operating_revenue": 150237, 
        "short_term_average": 116000
    }, 
    {
        "accumulated_operating_revenue_yoy": 28.72156208291224, 
        "accumulated_operating_revenue": 635564, 
        "long_term_average": 126033, 
        "date": "2015-05-31", 
        "operating_revenue": 151879, 
        "short_term_average": 141331
    }, 
    {
        "accumulated_operating_revenue_yoy": 24.601550977686852, 
        "accumulated_operating_revenue": 759510, 
        "long_term_average": 126711, 
        "date": "2015-06-30", 
        "operating_revenue": 123946, 
        "short_term_average": 142020
    }, 
    {
        "accumulated_operating_revenue_yoy": 22.859817337288348, 
        "accumulated_operating_revenue": 901694, 
        "long_term_average": 128196, 
        "date": "2015-07-31", 
        "operating_revenue": 142184, 
        "short_term_average": 139336
    }, 
    {
        "accumulated_operating_revenue_yoy": 19.98548200103337, 
        "accumulated_operating_revenue": 1038034, 
        "long_term_average": 128623, 
        "date": "2015-08-31", 
        "operating_revenue": 136340, 
        "short_term_average": 134156
    }, 
    {
        "accumulated_operating_revenue_yoy": 18.061004422246295, 
        "accumulated_operating_revenue": 1192291, 
        "long_term_average": 129415, 
        "date": "2015-09-30", 
        "operating_revenue": 154257, 
        "short_term_average": 144260
    }, 
    {
        "accumulated_operating_revenue_yoy": 16.82914007289252, 
        "accumulated_operating_revenue": 1324520, 
        "long_term_average": 130115, 
        "date": "2015-10-31", 
        "operating_revenue": 132229, 
        "short_term_average": 140942
    }
]