[
    {
        "date": "2011-09-30", 
        "operating_revenue": 136440, 
        "accumulated_operating_revenue": 136440, 
        "long_term_average": 136440, 
        "short_term_average": 136440
    }, 
    {
        "date": "2011-10-31", 
        "operating_revenue": 114021, 
        "accumulated_operating_revenue": 250461, 
        "long_term_average": 125230, 
        "short_term_average": 125230
    }, 
    {
        "date": "2011-11-30", 
        "operating_revenue": 121717, 
        "accumulated_operating_revenue": 372178, 
        "long_term_average": 124059, 
        "short_term_average": 124059
    }, 
    {
        "date": "2011-12-31", 
        "operating_revenue": 116695, 
        "accumulated_operating_revenue": 488873, 
        "long_term_average": 122218, 
        "short_term_average": 117477
    }, 
    {
        "date": "2012-01-31", 
        "operating_revenue": 79709, 
        "accumulated_operating_revenue": 79709, 
        "long_term_average": 113716, 
        "short_term_average": 106040
    }, 
    {
        "date": "2012-02-29", 
        "operating_revenue": 94041, 
        "accumulated_operating_revenue": 173750, 
        "long_term_average": 110437, 
        "short_term_average": 96815
    }, 
    {
        "date": "2012-03-31", 
        "operating_revenue": 128983, 
        "accumulated_operating_revenue": 302733, 
        "long_term_average": 113086, 
        "short_term_average": 100911
    }, 
    {
        "date": "2012-04-30", 
        "operating_revenue": 115923, 
        "accumulated_operating_revenue": 418656, 
        "long_term_average": 113441, 
        "short_term_average": 112982
    }, 
    {
        "date": "2012-05-31", 
        "operating_revenue": 106265, 
        "accumulated_operating_revenue": 524921, 
        "long_term_average": 112643, 
        "short_term_average": 117057
    }, 
    {
        "date": "2012-06-30", 
        "operating_revenue": 101244, 
        "accumulated_operating_revenue": 626165, 
        "long_term_average": 111503, 
        "short_term_average": 107810
    }, 
    {
        "date": "2012-07-31", 
        "operating_revenue": 117428, 
        "accumulated_operating_revenue": 743593, 
        "long_term_average": 112042, 
        "short_term_average": 108312
    }, 
    {
        "date": "2012-08-31", 
        "operating_revenue": 122369, 
        "accumulated_operating_revenue": 865962, 
        "long_term_average": 112902, 
        "short_term_average": 113680
    }, 
    {
        "accumulated_operating_revenue_yoy": 611.7304309586632, 
        "accumulated_operating_revenue": 971085, 
        "long_term_average": 110293, 
        "date": "2012-09-30", 
        "operating_revenue": 105123, 
        "short_term_average": 114973
    }, 
    {
        "accumulated_operating_revenue_yoy": 319.632597490228, 
        "accumulated_operating_revenue": 1051016, 
        "long_term_average": 107452, 
        "date": "2012-10-31", 
        "operating_revenue": 79931, 
        "short_term_average": 102474
    }, 
    {
        "accumulated_operating_revenue_yoy": 202.67345195041085, 
        "accumulated_operating_revenue": 1126484, 
        "long_term_average": 103598, 
        "date": "2012-11-30", 
        "operating_revenue": 75468, 
        "short_term_average": 86840
    }, 
    {
        "accumulated_operating_revenue_yoy": 144.54040210852307, 
        "accumulated_operating_revenue": 1195492, 
        "long_term_average": 99624, 
        "date": "2012-12-31", 
        "operating_revenue": 69008, 
        "short_term_average": 74802
    }, 
    {
        "accumulated_operating_revenue_yoy": 7.238831248667027, 
        "accumulated_operating_revenue": 85479, 
        "long_term_average": 100105, 
        "date": "2013-01-31", 
        "operating_revenue": 85479, 
        "short_term_average": 76651
    }, 
    {
        "accumulated_operating_revenue_yoy": -19.907913669064747, 
        "accumulated_operating_revenue": 139160, 
        "long_term_average": 96741, 
        "date": "2013-02-28", 
        "operating_revenue": 53681, 
        "short_term_average": 69389
    }, 
    {
        "accumulated_operating_revenue_yoy": -24.190623420637987, 
        "accumulated_operating_revenue": 229500, 
        "long_term_average": 93521, 
        "date": "2013-03-31", 
        "operating_revenue": 90340, 
        "short_term_average": 76500
    }, 
    {
        "accumulated_operating_revenue_yoy": -22.249292975617212, 
        "accumulated_operating_revenue": 325508, 
        "long_term_average": 91862, 
        "date": "2013-04-30", 
        "operating_revenue": 96008, 
        "short_term_average": 80009
    }, 
    {
        "accumulated_operating_revenue_yoy": -17.831064102979305, 
        "accumulated_operating_revenue": 431322, 
        "long_term_average": 91824, 
        "date": "2013-05-31", 
        "operating_revenue": 105814, 
        "short_term_average": 97387
    }, 
    {
        "accumulated_operating_revenue_yoy": -17.993021008839523, 
        "accumulated_operating_revenue": 513499, 
        "long_term_average": 90235, 
        "date": "2013-06-30", 
        "operating_revenue": 82177, 
        "short_term_average": 94666
    }, 
    {
        "accumulated_operating_revenue_yoy": -17.194621251141417, 
        "accumulated_operating_revenue": 615735, 
        "long_term_average": 88969, 
        "date": "2013-07-31", 
        "operating_revenue": 102236, 
        "short_term_average": 96742
    }, 
    {
        "accumulated_operating_revenue_yoy": -18.41304814760925, 
        "accumulated_operating_revenue": 706512, 
        "long_term_average": 86336, 
        "date": "2013-08-31", 
        "operating_revenue": 90777, 
        "short_term_average": 91730
    }, 
    {
        "accumulated_operating_revenue_yoy": -19.045603628930525, 
        "accumulated_operating_revenue": 786136, 
        "long_term_average": 84211, 
        "date": "2013-09-30", 
        "operating_revenue": 79624, 
        "short_term_average": 90879
    }, 
    {
        "accumulated_operating_revenue_yoy": -17.86718755946627, 
        "accumulated_operating_revenue": 863229, 
        "long_term_average": 83975, 
        "date": "2013-10-31", 
        "operating_revenue": 77093, 
        "short_term_average": 82498
    }, 
    {
        "accumulated_operating_revenue_yoy": -14.792753381317445, 
        "accumulated_operating_revenue": 959846, 
        "long_term_average": 85737, 
        "date": "2013-11-30", 
        "operating_revenue": 96617, 
        "short_term_average": 84444
    }, 
    {
        "accumulated_operating_revenue_yoy": -11.24348803672463, 
        "accumulated_operating_revenue": 1061077, 
        "long_term_average": 88423, 
        "date": "2013-12-31", 
        "operating_revenue": 101231, 
        "short_term_average": 91647
    }, 
    {
        "accumulated_operating_revenue_yoy": -7.297698850009944, 
        "accumulated_operating_revenue": 79241, 
        "long_term_average": 87903, 
        "date": "2014-01-31", 
        "operating_revenue": 79241, 
        "short_term_average": 92363
    }, 
    {
        "accumulated_operating_revenue_yoy": 6.87625754527163, 
        "accumulated_operating_revenue": 148729, 
        "long_term_average": 89220, 
        "date": "2014-02-28", 
        "operating_revenue": 69488, 
        "short_term_average": 83320
    }, 
    {
        "accumulated_operating_revenue_yoy": 8.145098039215688, 
        "accumulated_operating_revenue": 248193, 
        "long_term_average": 89980, 
        "date": "2014-03-31", 
        "operating_revenue": 99464, 
        "short_term_average": 82731
    }, 
    {
        "accumulated_operating_revenue_yoy": 8.30240731410595, 
        "accumulated_operating_revenue": 352533, 
        "long_term_average": 90675, 
        "date": "2014-04-30", 
        "operating_revenue": 104340, 
        "short_term_average": 91097
    }, 
    {
        "accumulated_operating_revenue_yoy": 5.125173304399034, 
        "accumulated_operating_revenue": 453428, 
        "long_term_average": 90265, 
        "date": "2014-05-31", 
        "operating_revenue": 100895, 
        "short_term_average": 101566
    }, 
    {
        "accumulated_operating_revenue_yoy": 5.770994685481374, 
        "accumulated_operating_revenue": 543133, 
        "long_term_average": 90892, 
        "date": "2014-06-30", 
        "operating_revenue": 89705, 
        "short_term_average": 98313
    }, 
    {
        "accumulated_operating_revenue_yoy": 5.433506297351945, 
        "accumulated_operating_revenue": 649191, 
        "long_term_average": 91211, 
        "date": "2014-07-31", 
        "operating_revenue": 106058, 
        "short_term_average": 98886
    }, 
    {
        "accumulated_operating_revenue_yoy": 7.056497271100845, 
        "accumulated_operating_revenue": 756367, 
        "long_term_average": 92577, 
        "date": "2014-08-31", 
        "operating_revenue": 107176, 
        "short_term_average": 100979
    }, 
    {
        "accumulated_operating_revenue_yoy": 9.047925549777647, 
        "accumulated_operating_revenue": 857265, 
        "long_term_average": 94350, 
        "date": "2014-09-30", 
        "operating_revenue": 100898, 
        "short_term_average": 104710
    }, 
    {
        "accumulated_operating_revenue_yoy": 10.295298234883212, 
        "accumulated_operating_revenue": 952101, 
        "long_term_average": 95829, 
        "date": "2014-10-31", 
        "operating_revenue": 94836, 
        "short_term_average": 100970
    }, 
    {
        "accumulated_operating_revenue_yoy": 9.062703808735986, 
        "accumulated_operating_revenue": 1046834, 
        "long_term_average": 95672, 
        "date": "2014-11-30", 
        "operating_revenue": 94733, 
        "short_term_average": 96822
    }, 
    {
        "accumulated_operating_revenue_yoy": 7.28033875015668, 
        "accumulated_operating_revenue": 1138327, 
        "long_term_average": 94860, 
        "date": "2014-12-31", 
        "operating_revenue": 91493, 
        "short_term_average": 93687
    }, 
    {
        "accumulated_operating_revenue_yoy": 18.807183150136925, 
        "accumulated_operating_revenue": 94144, 
        "long_term_average": 96102, 
        "date": "2015-01-31", 
        "operating_revenue": 94144, 
        "short_term_average": 93456
    }, 
    {
        "accumulated_operating_revenue_yoy": -3.4835170007194294, 
        "accumulated_operating_revenue": 143548, 
        "long_term_average": 94428, 
        "date": "2015-02-28", 
        "operating_revenue": 49404, 
        "short_term_average": 78347
    }, 
    {
        "accumulated_operating_revenue_yoy": -13.579754465275007, 
        "accumulated_operating_revenue": 214489, 
        "long_term_average": 92051, 
        "date": "2015-03-31", 
        "operating_revenue": 70941, 
        "short_term_average": 71496
    }, 
    {
        "accumulated_operating_revenue_yoy": -15.167090740441319, 
        "accumulated_operating_revenue": 299064, 
        "long_term_average": 90404, 
        "date": "2015-04-30", 
        "operating_revenue": 84575, 
        "short_term_average": 68306
    }, 
    {
        "accumulated_operating_revenue_yoy": -17.98543539437353, 
        "accumulated_operating_revenue": 371877, 
        "long_term_average": 88064, 
        "date": "2015-05-31", 
        "operating_revenue": 72813, 
        "short_term_average": 76109
    }, 
    {
        "accumulated_operating_revenue_yoy": -17.828598151833898, 
        "accumulated_operating_revenue": 446300, 
        "long_term_average": 86791, 
        "date": "2015-06-30", 
        "operating_revenue": 74423, 
        "short_term_average": 77270
    }, 
    {
        "accumulated_operating_revenue_yoy": -17.95450029344215, 
        "accumulated_operating_revenue": 532632, 
        "long_term_average": 85147, 
        "date": "2015-07-31", 
        "operating_revenue": 86332, 
        "short_term_average": 77856
    }, 
    {
        "accumulated_operating_revenue_yoy": -16.686476274083876, 
        "accumulated_operating_revenue": 630156, 
        "long_term_average": 84343, 
        "date": "2015-08-31", 
        "operating_revenue": 97524, 
        "short_term_average": 86093
    }, 
    {
        "accumulated_operating_revenue_yoy": -15.326299335677998, 
        "accumulated_operating_revenue": 725878, 
        "long_term_average": 83911, 
        "date": "2015-09-30", 
        "operating_revenue": 95722, 
        "short_term_average": 93192
    }, 
    {
        "accumulated_operating_revenue_yoy": -14.435548329431436, 
        "accumulated_operating_revenue": 814660, 
        "long_term_average": 83407, 
        "date": "2015-10-31", 
        "operating_revenue": 88782, 
        "short_term_average": 94009
    }
]