[
    {
        "date": "2011-09-30", 
        "operating_revenue": 1484374, 
        "accumulated_operating_revenue": 1484374, 
        "long_term_average": 1484374, 
        "short_term_average": 1484374
    }, 
    {
        "date": "2011-10-31", 
        "operating_revenue": 1217226, 
        "accumulated_operating_revenue": 2701600, 
        "long_term_average": 1350800, 
        "short_term_average": 1350800
    }, 
    {
        "date": "2011-11-30", 
        "operating_revenue": 1182175, 
        "accumulated_operating_revenue": 3883775, 
        "long_term_average": 1294591, 
        "short_term_average": 1294591
    }, 
    {
        "date": "2011-12-31", 
        "operating_revenue": 1090451, 
        "accumulated_operating_revenue": 4974226, 
        "long_term_average": 1243556, 
        "short_term_average": 1163284
    }, 
    {
        "date": "2012-01-31", 
        "operating_revenue": 1044849, 
        "accumulated_operating_revenue": 1044849, 
        "long_term_average": 1203815, 
        "short_term_average": 1105825
    }, 
    {
        "date": "2012-02-29", 
        "operating_revenue": 1536942, 
        "accumulated_operating_revenue": 2581791, 
        "long_term_average": 1259336, 
        "short_term_average": 1224080
    }, 
    {
        "date": "2012-03-31", 
        "operating_revenue": 1405001, 
        "accumulated_operating_revenue": 3986792, 
        "long_term_average": 1280145, 
        "short_term_average": 1328930
    }, 
    {
        "date": "2012-04-30", 
        "operating_revenue": 1273413, 
        "accumulated_operating_revenue": 5260205, 
        "long_term_average": 1279303, 
        "short_term_average": 1405118
    }, 
    {
        "date": "2012-05-31", 
        "operating_revenue": 1172329, 
        "accumulated_operating_revenue": 6432534, 
        "long_term_average": 1267417, 
        "short_term_average": 1283581
    }, 
    {
        "date": "2012-06-30", 
        "operating_revenue": 1203353, 
        "accumulated_operating_revenue": 7635887, 
        "long_term_average": 1261011, 
        "short_term_average": 1216365
    }, 
    {
        "date": "2012-07-31", 
        "operating_revenue": 1382838, 
        "accumulated_operating_revenue": 9018725, 
        "long_term_average": 1272086, 
        "short_term_average": 1252840
    }, 
    {
        "date": "2012-08-31", 
        "operating_revenue": 1686644, 
        "accumulated_operating_revenue": 10705369, 
        "long_term_average": 1306632, 
        "short_term_average": 1424278
    }, 
    {
        "accumulated_operating_revenue_yoy": 750.7826868430732, 
        "accumulated_operating_revenue": 12628797, 
        "long_term_average": 1343220, 
        "date": "2012-09-30", 
        "operating_revenue": 1923428, 
        "short_term_average": 1664303
    }, 
    {
        "accumulated_operating_revenue_yoy": 426.6261844832692, 
        "accumulated_operating_revenue": 14227333, 
        "long_term_average": 1374996, 
        "date": "2012-10-31", 
        "operating_revenue": 1598536, 
        "short_term_average": 1736202
    }, 
    {
        "accumulated_operating_revenue_yoy": 304.57807159271584, 
        "accumulated_operating_revenue": 15712902, 
        "long_term_average": 1400279, 
        "date": "2012-11-30", 
        "operating_revenue": 1485569, 
        "short_term_average": 1669177
    }, 
    {
        "accumulated_operating_revenue_yoy": 241.33591839212775, 
        "accumulated_operating_revenue": 16978820, 
        "long_term_average": 1414901, 
        "date": "2012-12-31", 
        "operating_revenue": 1265918, 
        "short_term_average": 1450007
    }, 
    {
        "accumulated_operating_revenue_yoy": 44.11326421329781, 
        "accumulated_operating_revenue": 1505766, 
        "long_term_average": 1453311, 
        "date": "2013-01-31", 
        "operating_revenue": 1505766, 
        "short_term_average": 1419084
    }, 
    {
        "accumulated_operating_revenue_yoy": 9.10391274894056, 
        "accumulated_operating_revenue": 2816835, 
        "long_term_average": 1434488, 
        "date": "2013-02-28", 
        "operating_revenue": 1311069, 
        "short_term_average": 1360917
    }, 
    {
        "accumulated_operating_revenue_yoy": 16.173254084988635, 
        "accumulated_operating_revenue": 4631586, 
        "long_term_average": 1468634, 
        "date": "2013-03-31", 
        "operating_revenue": 1814751, 
        "short_term_average": 1543862
    }, 
    {
        "accumulated_operating_revenue_yoy": 18.80673852064701, 
        "accumulated_operating_revenue": 6249478, 
        "long_term_average": 1497341, 
        "date": "2013-04-30", 
        "operating_revenue": 1617892, 
        "short_term_average": 1581237
    }, 
    {
        "accumulated_operating_revenue_yoy": 25.38932557527096, 
        "accumulated_operating_revenue": 8065711, 
        "long_term_average": 1550999, 
        "date": "2013-05-31", 
        "operating_revenue": 1816233, 
        "short_term_average": 1749625
    }, 
    {
        "accumulated_operating_revenue_yoy": 22.977160348234595, 
        "accumulated_operating_revenue": 9390397, 
        "long_term_average": 1561110, 
        "date": "2013-06-30", 
        "operating_revenue": 1324686, 
        "short_term_average": 1586270
    }, 
    {
        "accumulated_operating_revenue_yoy": 20.671602693285358, 
        "accumulated_operating_revenue": 10883040, 
        "long_term_average": 1570261, 
        "date": "2013-07-31", 
        "operating_revenue": 1492643, 
        "short_term_average": 1544520
    }, 
    {
        "accumulated_operating_revenue_yoy": 16.31822312710566, 
        "accumulated_operating_revenue": 12452295, 
        "long_term_average": 1560478, 
        "date": "2013-08-31", 
        "operating_revenue": 1569255, 
        "short_term_average": 1462194
    }, 
    {
        "accumulated_operating_revenue_yoy": 11.937296957105257, 
        "accumulated_operating_revenue": 14136334, 
        "long_term_average": 1540529, 
        "date": "2013-09-30", 
        "operating_revenue": 1684039, 
        "short_term_average": 1581979
    }, 
    {
        "accumulated_operating_revenue_yoy": 10.651616856089612, 
        "accumulated_operating_revenue": 15742774, 
        "long_term_average": 1541188, 
        "date": "2013-10-31", 
        "operating_revenue": 1606440, 
        "short_term_average": 1619911
    }, 
    {
        "accumulated_operating_revenue_yoy": 12.24471456641173, 
        "accumulated_operating_revenue": 17636902, 
        "long_term_average": 1575235, 
        "date": "2013-11-30", 
        "operating_revenue": 1894128, 
        "short_term_average": 1728202
    }, 
    {
        "accumulated_operating_revenue_yoy": 12.980236553541413, 
        "accumulated_operating_revenue": 19182711, 
        "long_term_average": 1598559, 
        "date": "2013-12-31", 
        "operating_revenue": 1545809, 
        "short_term_average": 1682125
    }, 
    {
        "accumulated_operating_revenue_yoy": 9.2097311268816, 
        "accumulated_operating_revenue": 1644443, 
        "long_term_average": 1610115, 
        "date": "2014-01-31", 
        "operating_revenue": 1644443, 
        "short_term_average": 1694793
    }, 
    {
        "accumulated_operating_revenue_yoy": 18.25268430703254, 
        "accumulated_operating_revenue": 3330983, 
        "long_term_average": 1641404, 
        "date": "2014-02-28", 
        "operating_revenue": 1686540, 
        "short_term_average": 1625597
    }, 
    {
        "accumulated_operating_revenue_yoy": 8.753912806541862, 
        "accumulated_operating_revenue": 5037031, 
        "long_term_average": 1632346, 
        "date": "2014-03-31", 
        "operating_revenue": 1706048, 
        "short_term_average": 1679010
    }, 
    {
        "accumulated_operating_revenue_yoy": 11.96991172702744, 
        "accumulated_operating_revenue": 6997535, 
        "long_term_average": 1660897, 
        "date": "2014-04-30", 
        "operating_revenue": 1960504, 
        "short_term_average": 1784364
    }, 
    {
        "accumulated_operating_revenue_yoy": 10.288838764493297, 
        "accumulated_operating_revenue": 8895579, 
        "long_term_average": 1667714, 
        "date": "2014-05-31", 
        "operating_revenue": 1898044, 
        "short_term_average": 1854865
    }, 
    {
        "accumulated_operating_revenue_yoy": 15.314943553504715, 
        "accumulated_operating_revenue": 10828531, 
        "long_term_average": 1718403, 
        "date": "2014-06-30", 
        "operating_revenue": 1932952, 
        "short_term_average": 1930500
    }, 
    {
        "accumulated_operating_revenue_yoy": 16.97655250738764, 
        "accumulated_operating_revenue": 12730605, 
        "long_term_average": 1752523, 
        "date": "2014-07-31", 
        "operating_revenue": 1902074, 
        "short_term_average": 1911023
    }, 
    {
        "accumulated_operating_revenue_yoy": 18.196147778381413, 
        "accumulated_operating_revenue": 14718133, 
        "long_term_average": 1787379, 
        "date": "2014-08-31", 
        "operating_revenue": 1987528, 
        "short_term_average": 1940851
    }, 
    {
        "accumulated_operating_revenue_yoy": 18.14920332244555, 
        "accumulated_operating_revenue": 16701966, 
        "long_term_average": 1812361, 
        "date": "2014-09-30", 
        "operating_revenue": 1983833, 
        "short_term_average": 1957811
    }, 
    {
        "accumulated_operating_revenue_yoy": 18.318035944618146, 
        "accumulated_operating_revenue": 18626541, 
        "long_term_average": 1838873, 
        "date": "2014-10-31", 
        "operating_revenue": 1924575, 
        "short_term_average": 1965312
    }, 
    {
        "accumulated_operating_revenue_yoy": 16.942709099364503, 
        "accumulated_operating_revenue": 20625071, 
        "long_term_average": 1847573, 
        "date": "2014-11-30", 
        "operating_revenue": 1998530, 
        "short_term_average": 1968979
    }, 
    {
        "accumulated_operating_revenue_yoy": 16.056348865392383, 
        "accumulated_operating_revenue": 22262754, 
        "long_term_average": 1855229, 
        "date": "2014-12-31", 
        "operating_revenue": 1637683, 
        "short_term_average": 1853596
    }, 
    {
        "accumulated_operating_revenue_yoy": 32.26502834090327, 
        "accumulated_operating_revenue": 2175023, 
        "long_term_average": 1899444, 
        "date": "2015-01-31", 
        "operating_revenue": 2175023, 
        "short_term_average": 1937078
    }, 
    {
        "accumulated_operating_revenue_yoy": 10.413652666495146, 
        "accumulated_operating_revenue": 3677860, 
        "long_term_average": 1884135, 
        "date": "2015-02-28", 
        "operating_revenue": 1502837, 
        "short_term_average": 1771847
    }, 
    {
        "accumulated_operating_revenue_yoy": 12.385431020773945, 
        "accumulated_operating_revenue": 5660889, 
        "long_term_average": 1907217, 
        "date": "2015-03-31", 
        "operating_revenue": 1983029, 
        "short_term_average": 1886963
    }, 
    {
        "accumulated_operating_revenue_yoy": 8.108998383002014, 
        "accumulated_operating_revenue": 7564965, 
        "long_term_average": 1902515, 
        "date": "2015-04-30", 
        "operating_revenue": 1904076, 
        "short_term_average": 1796647
    }, 
    {
        "accumulated_operating_revenue_yoy": 7.147348137765961, 
        "accumulated_operating_revenue": 9531377, 
        "long_term_average": 1908212, 
        "date": "2015-05-31", 
        "operating_revenue": 1966412, 
        "short_term_average": 1951172
    }, 
    {
        "accumulated_operating_revenue_yoy": 4.148679077522149, 
        "accumulated_operating_revenue": 11277772, 
        "long_term_average": 1892666, 
        "date": "2015-06-30", 
        "operating_revenue": 1746395, 
        "short_term_average": 1872294
    }, 
    {
        "accumulated_operating_revenue_yoy": 5.656463302411787, 
        "accumulated_operating_revenue": 13450707, 
        "long_term_average": 1915238, 
        "date": "2015-07-31", 
        "operating_revenue": 2172935, 
        "short_term_average": 1961914
    }, 
    {
        "accumulated_operating_revenue_yoy": 6.632824964959889, 
        "accumulated_operating_revenue": 15694361, 
        "long_term_average": 1936581, 
        "date": "2015-08-31", 
        "operating_revenue": 2243654, 
        "short_term_average": 2054328
    }, 
    {
        "accumulated_operating_revenue_yoy": 7.256061951030196, 
        "accumulated_operating_revenue": 17913871, 
        "long_term_average": 1956221, 
        "date": "2015-09-30", 
        "operating_revenue": 2219510, 
        "short_term_average": 2212033
    }
]