[
    {
        "date": "2011-09-30", 
        "operating_revenue": 2471507, 
        "accumulated_operating_revenue": 2471507, 
        "long_term_average": 2471507, 
        "short_term_average": 2471507
    }, 
    {
        "date": "2011-10-31", 
        "operating_revenue": 2394784, 
        "accumulated_operating_revenue": 4866291, 
        "long_term_average": 2433145, 
        "short_term_average": 2433145
    }, 
    {
        "date": "2011-11-30", 
        "operating_revenue": 2464730, 
        "accumulated_operating_revenue": 7331021, 
        "long_term_average": 2443673, 
        "short_term_average": 2443673
    }, 
    {
        "date": "2011-12-31", 
        "operating_revenue": 2080763, 
        "accumulated_operating_revenue": 9411784, 
        "long_term_average": 2352946, 
        "short_term_average": 2313425
    }, 
    {
        "date": "2012-01-31", 
        "operating_revenue": 2069794, 
        "accumulated_operating_revenue": 2069794, 
        "long_term_average": 2296315, 
        "short_term_average": 2205095
    }, 
    {
        "date": "2012-02-29", 
        "operating_revenue": 1912246, 
        "accumulated_operating_revenue": 3982040, 
        "long_term_average": 2232304, 
        "short_term_average": 2020934
    }, 
    {
        "date": "2012-03-31", 
        "operating_revenue": 2247871, 
        "accumulated_operating_revenue": 6229911, 
        "long_term_average": 2234527, 
        "short_term_average": 2076637
    }, 
    {
        "date": "2012-04-30", 
        "operating_revenue": 2512455, 
        "accumulated_operating_revenue": 8742366, 
        "long_term_average": 2269268, 
        "short_term_average": 2224190
    }, 
    {
        "date": "2012-05-31", 
        "operating_revenue": 2798940, 
        "accumulated_operating_revenue": 11541306, 
        "long_term_average": 2328121, 
        "short_term_average": 2519755
    }, 
    {
        "date": "2012-06-30", 
        "operating_revenue": 2415308, 
        "accumulated_operating_revenue": 13956614, 
        "long_term_average": 2336839, 
        "short_term_average": 2575567
    }, 
    {
        "date": "2012-07-31", 
        "operating_revenue": 2613528, 
        "accumulated_operating_revenue": 16570142, 
        "long_term_average": 2361993, 
        "short_term_average": 2609258
    }, 
    {
        "date": "2012-08-31", 
        "operating_revenue": 2175561, 
        "accumulated_operating_revenue": 18745703, 
        "long_term_average": 2346457, 
        "short_term_average": 2401465
    }, 
    {
        "accumulated_operating_revenue_yoy": 746.5269570347161, 
        "accumulated_operating_revenue": 20921973, 
        "long_term_average": 2321854, 
        "date": "2012-09-30", 
        "operating_revenue": 2176270, 
        "short_term_average": 2321786
    }, 
    {
        "accumulated_operating_revenue_yoy": 377.9148431526187, 
        "accumulated_operating_revenue": 23256727, 
        "long_term_average": 2316851, 
        "date": "2012-10-31", 
        "operating_revenue": 2334754, 
        "short_term_average": 2228861
    }, 
    {
        "accumulated_operating_revenue_yoy": 253.14344345760298, 
        "accumulated_operating_revenue": 25889020, 
        "long_term_average": 2330815, 
        "date": "2012-11-30", 
        "operating_revenue": 2632293, 
        "short_term_average": 2381105
    }, 
    {
        "accumulated_operating_revenue_yoy": 198.38164581762607, 
        "accumulated_operating_revenue": 28083036, 
        "long_term_average": 2340253, 
        "date": "2012-12-31", 
        "operating_revenue": 2194016, 
        "short_term_average": 2387021
    }, 
    {
        "accumulated_operating_revenue_yoy": 20.558905862129276, 
        "accumulated_operating_revenue": 2495321, 
        "long_term_average": 2375713, 
        "date": "2013-01-31", 
        "operating_revenue": 2495321, 
        "short_term_average": 2440543
    }, 
    {
        "accumulated_operating_revenue_yoy": -1.6781097126096174, 
        "accumulated_operating_revenue": 3915217, 
        "long_term_average": 2334684, 
        "date": "2013-02-28", 
        "operating_revenue": 1419896, 
        "short_term_average": 2036411
    }, 
    {
        "accumulated_operating_revenue_yoy": -2.830249099866756, 
        "accumulated_operating_revenue": 6053589, 
        "long_term_average": 2325559, 
        "date": "2013-03-31", 
        "operating_revenue": 2138372, 
        "short_term_average": 2017863
    }, 
    {
        "accumulated_operating_revenue_yoy": -13.343756141072108, 
        "accumulated_operating_revenue": 7575806, 
        "long_term_average": 2243039, 
        "date": "2013-04-30", 
        "operating_revenue": 1522217, 
        "short_term_average": 1693495
    }, 
    {
        "accumulated_operating_revenue_yoy": -18.281899812724834, 
        "accumulated_operating_revenue": 9431336, 
        "long_term_average": 2164422, 
        "date": "2013-05-31", 
        "operating_revenue": 1855530, 
        "short_term_average": 1838706
    }, 
    {
        "accumulated_operating_revenue_yoy": -21.44628346101712, 
        "accumulated_operating_revenue": 10963439, 
        "long_term_average": 2090821, 
        "date": "2013-06-30", 
        "operating_revenue": 1532103, 
        "short_term_average": 1636616
    }, 
    {
        "accumulated_operating_revenue_yoy": -20.05628557679228, 
        "accumulated_operating_revenue": 13246787, 
        "long_term_average": 2063306, 
        "date": "2013-07-31", 
        "operating_revenue": 2283348, 
        "short_term_average": 1890327
    }, 
    {
        "accumulated_operating_revenue_yoy": -18.130923124088756, 
        "accumulated_operating_revenue": 15346934, 
        "long_term_average": 2057022, 
        "date": "2013-08-31", 
        "operating_revenue": 2100147, 
        "short_term_average": 1971866
    }, 
    {
        "accumulated_operating_revenue_yoy": -16.862315040746875, 
        "accumulated_operating_revenue": 17394044, 
        "long_term_average": 2046258, 
        "date": "2013-09-30", 
        "operating_revenue": 2047110, 
        "short_term_average": 2143535
    }, 
    {
        "accumulated_operating_revenue_yoy": -15.643951102835752, 
        "accumulated_operating_revenue": 19618456, 
        "long_term_average": 2037063, 
        "date": "2013-10-31", 
        "operating_revenue": 2224412, 
        "short_term_average": 2123889
    }, 
    {
        "accumulated_operating_revenue_yoy": -11.462438516405797, 
        "accumulated_operating_revenue": 22921507, 
        "long_term_average": 2092960, 
        "date": "2013-11-30", 
        "operating_revenue": 3303051, 
        "short_term_average": 2524857
    }, 
    {
        "accumulated_operating_revenue_yoy": -7.645206166455792, 
        "accumulated_operating_revenue": 25936030, 
        "long_term_average": 2161335, 
        "date": "2013-12-31", 
        "operating_revenue": 3014523, 
        "short_term_average": 2847328
    }, 
    {
        "accumulated_operating_revenue_yoy": -22.416274298977967, 
        "accumulated_operating_revenue": 1935963, 
        "long_term_average": 2114722, 
        "date": "2014-01-31", 
        "operating_revenue": 1935963, 
        "short_term_average": 2751179
    }, 
    {
        "accumulated_operating_revenue_yoy": -6.37116665564131, 
        "accumulated_operating_revenue": 3665772, 
        "long_term_average": 2140548, 
        "date": "2014-02-28", 
        "operating_revenue": 1729809, 
        "short_term_average": 2226765
    }, 
    {
        "accumulated_operating_revenue_yoy": -2.1220964951535364, 
        "accumulated_operating_revenue": 5925126, 
        "long_term_average": 2150630, 
        "date": "2014-03-31", 
        "operating_revenue": 2259354, 
        "short_term_average": 1975042
    }, 
    {
        "accumulated_operating_revenue_yoy": 6.007321201202882, 
        "accumulated_operating_revenue": 8030909, 
        "long_term_average": 2199261, 
        "date": "2014-04-30", 
        "operating_revenue": 2105783, 
        "short_term_average": 2031648
    }, 
    {
        "accumulated_operating_revenue_yoy": 9.06715655130938, 
        "accumulated_operating_revenue": 10286490, 
        "long_term_average": 2232598, 
        "date": "2014-05-31", 
        "operating_revenue": 2255581, 
        "short_term_average": 2206906
    }, 
    {
        "accumulated_operating_revenue_yoy": 12.7686485964851, 
        "accumulated_operating_revenue": 12363322, 
        "long_term_average": 2277992, 
        "date": "2014-06-30", 
        "operating_revenue": 2076832, 
        "short_term_average": 2146065
    }, 
    {
        "accumulated_operating_revenue_yoy": 10.798293956111772, 
        "accumulated_operating_revenue": 14677214, 
        "long_term_average": 2280538, 
        "date": "2014-07-31", 
        "operating_revenue": 2313892, 
        "short_term_average": 2215435
    }, 
    {
        "accumulated_operating_revenue_yoy": 10.532774820038973, 
        "accumulated_operating_revenue": 16963392, 
        "long_term_average": 2296040, 
        "date": "2014-08-31", 
        "operating_revenue": 2286178, 
        "short_term_average": 2225634
    }, 
    {
        "accumulated_operating_revenue_yoy": 9.468959604793458, 
        "accumulated_operating_revenue": 19041079, 
        "long_term_average": 2298588, 
        "date": "2014-09-30", 
        "operating_revenue": 2077687, 
        "short_term_average": 2225919
    }, 
    {
        "accumulated_operating_revenue_yoy": 8.008040999760633, 
        "accumulated_operating_revenue": 21189510, 
        "long_term_average": 2292257, 
        "date": "2014-10-31", 
        "operating_revenue": 2148431, 
        "short_term_average": 2170765
    }, 
    {
        "accumulated_operating_revenue_yoy": 3.706340076156424, 
        "accumulated_operating_revenue": 23771056, 
        "long_term_average": 2232131, 
        "date": "2014-11-30", 
        "operating_revenue": 2581546, 
        "short_term_average": 2269221
    }, 
    {
        "accumulated_operating_revenue_yoy": -0.6453223565827153, 
        "accumulated_operating_revenue": 25768659, 
        "long_term_average": 2147388, 
        "date": "2014-12-31", 
        "operating_revenue": 1997603, 
        "short_term_average": 2242526
    }, 
    {
        "accumulated_operating_revenue_yoy": 4.305092607658308, 
        "accumulated_operating_revenue": 2019308, 
        "long_term_average": 2154333, 
        "date": "2015-01-31", 
        "operating_revenue": 2019308, 
        "short_term_average": 2199485
    }, 
    {
        "accumulated_operating_revenue_yoy": -5.235541108394084, 
        "accumulated_operating_revenue": 3473849, 
        "long_term_average": 2131394, 
        "date": "2015-02-28", 
        "operating_revenue": 1454541, 
        "short_term_average": 1823817
    }, 
    {
        "accumulated_operating_revenue_yoy": -10.167226823530841, 
        "accumulated_operating_revenue": 5322705, 
        "long_term_average": 2097186, 
        "date": "2015-03-31", 
        "operating_revenue": 1848856, 
        "short_term_average": 1774235
    }, 
    {
        "accumulated_operating_revenue_yoy": -12.519392263067605, 
        "accumulated_operating_revenue": 7025488, 
        "long_term_average": 2063603, 
        "date": "2015-04-30", 
        "operating_revenue": 1702783, 
        "short_term_average": 1668726
    }, 
    {
        "accumulated_operating_revenue_yoy": -16.283124758785554, 
        "accumulated_operating_revenue": 8611528, 
        "long_term_average": 2007808, 
        "date": "2015-05-31", 
        "operating_revenue": 1586040, 
        "short_term_average": 1712559
    }, 
    {
        "accumulated_operating_revenue_yoy": -18.362605131533417, 
        "accumulated_operating_revenue": 10093094, 
        "long_term_average": 1958202, 
        "date": "2015-06-30", 
        "operating_revenue": 1481566, 
        "short_term_average": 1590129
    }, 
    {
        "accumulated_operating_revenue_yoy": -20.154070111671057, 
        "accumulated_operating_revenue": 11719158, 
        "long_term_average": 1900883, 
        "date": "2015-07-31", 
        "operating_revenue": 1626064, 
        "short_term_average": 1564556
    }, 
    {
        "accumulated_operating_revenue_yoy": -20.211470677562602, 
        "accumulated_operating_revenue": 13534841, 
        "long_term_average": 1861675, 
        "date": "2015-08-31", 
        "operating_revenue": 1815683, 
        "short_term_average": 1641104
    }
]