[
    {
        "date": "2012-01-31", 
        "operating_revenue": 175425, 
        "accumulated_operating_revenue": 175425, 
        "long_term_average": 175425, 
        "short_term_average": 175425
    }, 
    {
        "date": "2012-02-29", 
        "operating_revenue": 120380, 
        "accumulated_operating_revenue": 295805, 
        "long_term_average": 147902, 
        "short_term_average": 147902
    }, 
    {
        "date": "2012-03-31", 
        "operating_revenue": 140751, 
        "accumulated_operating_revenue": 436556, 
        "long_term_average": 145518, 
        "short_term_average": 145518
    }, 
    {
        "date": "2012-04-30", 
        "operating_revenue": 136873, 
        "accumulated_operating_revenue": 573429, 
        "long_term_average": 143357, 
        "short_term_average": 132668
    }, 
    {
        "date": "2012-05-31", 
        "operating_revenue": 131477, 
        "accumulated_operating_revenue": 704906, 
        "long_term_average": 140981, 
        "short_term_average": 136367
    }, 
    {
        "date": "2012-06-30", 
        "operating_revenue": 155038, 
        "accumulated_operating_revenue": 859944, 
        "long_term_average": 143324, 
        "short_term_average": 141129
    }, 
    {
        "date": "2012-07-31", 
        "operating_revenue": 167120, 
        "accumulated_operating_revenue": 1027064, 
        "long_term_average": 146723, 
        "short_term_average": 151211
    }, 
    {
        "date": "2012-08-31", 
        "operating_revenue": 225696, 
        "accumulated_operating_revenue": 1252760, 
        "long_term_average": 156595, 
        "short_term_average": 182618
    }, 
    {
        "date": "2012-09-30", 
        "operating_revenue": 216316, 
        "accumulated_operating_revenue": 1469076, 
        "long_term_average": 163230, 
        "short_term_average": 203044
    }, 
    {
        "date": "2012-10-31", 
        "operating_revenue": 147908, 
        "accumulated_operating_revenue": 1616984, 
        "long_term_average": 161698, 
        "short_term_average": 196640
    }, 
    {
        "date": "2012-11-30", 
        "operating_revenue": 126137, 
        "accumulated_operating_revenue": 1743121, 
        "long_term_average": 158465, 
        "short_term_average": 163453
    }, 
    {
        "date": "2012-12-31", 
        "operating_revenue": 131996, 
        "accumulated_operating_revenue": 1875117, 
        "long_term_average": 156259, 
        "short_term_average": 135347
    }, 
    {
        "accumulated_operating_revenue_yoy": -34.719110731081656, 
        "accumulated_operating_revenue": 114519, 
        "long_term_average": 151184, 
        "date": "2013-01-31", 
        "operating_revenue": 114519, 
        "short_term_average": 124217
    }, 
    {
        "accumulated_operating_revenue_yoy": -20.463481009448792, 
        "accumulated_operating_revenue": 235273, 
        "long_term_average": 151215, 
        "date": "2013-02-28", 
        "operating_revenue": 120754, 
        "short_term_average": 122423
    }, 
    {
        "accumulated_operating_revenue_yoy": -10.491666590311437, 
        "accumulated_operating_revenue": 390754, 
        "long_term_average": 152442, 
        "date": "2013-03-31", 
        "operating_revenue": 155481, 
        "short_term_average": 130251
    }, 
    {
        "accumulated_operating_revenue_yoy": -11.21655863236774, 
        "accumulated_operating_revenue": 509110, 
        "long_term_average": 150899, 
        "date": "2013-04-30", 
        "operating_revenue": 118356, 
        "short_term_average": 131530
    }, 
    {
        "accumulated_operating_revenue_yoy": -8.363952073042363, 
        "accumulated_operating_revenue": 645948, 
        "long_term_average": 151346, 
        "date": "2013-05-31", 
        "operating_revenue": 136838, 
        "short_term_average": 136891
    }, 
    {
        "accumulated_operating_revenue_yoy": -1.4753286260500684, 
        "accumulated_operating_revenue": 847257, 
        "long_term_average": 155202, 
        "date": "2013-06-30", 
        "operating_revenue": 201309, 
        "short_term_average": 152167
    }, 
    {
        "accumulated_operating_revenue_yoy": -2.8598023102747248, 
        "accumulated_operating_revenue": 997692, 
        "long_term_average": 153812, 
        "date": "2013-07-31", 
        "operating_revenue": 150435, 
        "short_term_average": 162860
    }, 
    {
        "accumulated_operating_revenue_yoy": -2.625642581180753, 
        "accumulated_operating_revenue": 1219867, 
        "long_term_average": 153518, 
        "date": "2013-08-31", 
        "operating_revenue": 222175, 
        "short_term_average": 191306
    }, 
    {
        "accumulated_operating_revenue_yoy": -3.2281515728253676, 
        "accumulated_operating_revenue": 1421652, 
        "long_term_average": 152307, 
        "date": "2013-09-30", 
        "operating_revenue": 201785, 
        "short_term_average": 191465
    }, 
    {
        "accumulated_operating_revenue_yoy": -0.09029155514216591, 
        "accumulated_operating_revenue": 1615524, 
        "long_term_average": 156138, 
        "date": "2013-10-31", 
        "operating_revenue": 193872, 
        "short_term_average": 205944
    }, 
    {
        "accumulated_operating_revenue_yoy": 2.7089341474286637, 
        "accumulated_operating_revenue": 1790341, 
        "long_term_average": 160194, 
        "date": "2013-11-30", 
        "operating_revenue": 174817, 
        "short_term_average": 190158
    }, 
    {
        "accumulated_operating_revenue_yoy": 4.111903417226765, 
        "accumulated_operating_revenue": 1952220, 
        "long_term_average": 162685, 
        "date": "2013-12-31", 
        "operating_revenue": 161879, 
        "short_term_average": 176856
    }, 
    {
        "accumulated_operating_revenue_yoy": 37.57717060051171, 
        "accumulated_operating_revenue": 157552, 
        "long_term_average": 166271, 
        "date": "2014-01-31", 
        "operating_revenue": 157552, 
        "short_term_average": 164749
    }, 
    {
        "accumulated_operating_revenue_yoy": 35.615221466126584, 
        "accumulated_operating_revenue": 319066, 
        "long_term_average": 169667, 
        "date": "2014-02-28", 
        "operating_revenue": 161514, 
        "short_term_average": 160315
    }, 
    {
        "accumulated_operating_revenue_yoy": 23.844413620845852, 
        "accumulated_operating_revenue": 483927, 
        "long_term_average": 170449, 
        "date": "2014-03-31", 
        "operating_revenue": 164861, 
        "short_term_average": 161309
    }, 
    {
        "accumulated_operating_revenue_yoy": 22.49965626289014, 
        "accumulated_operating_revenue": 623658, 
        "long_term_average": 172230, 
        "date": "2014-04-30", 
        "operating_revenue": 139731, 
        "short_term_average": 155368
    }, 
    {
        "accumulated_operating_revenue_yoy": 16.119099370227943, 
        "accumulated_operating_revenue": 750069, 
        "long_term_average": 171361, 
        "date": "2014-05-31", 
        "operating_revenue": 126411, 
        "short_term_average": 143667
    }, 
    {
        "accumulated_operating_revenue_yoy": 8.663250938027069, 
        "accumulated_operating_revenue": 920657, 
        "long_term_average": 168801, 
        "date": "2014-06-30", 
        "operating_revenue": 170588, 
        "short_term_average": 145576
    }, 
    {
        "accumulated_operating_revenue_yoy": 8.486987968230677, 
        "accumulated_operating_revenue": 1082366, 
        "long_term_average": 169741, 
        "date": "2014-07-31", 
        "operating_revenue": 161709, 
        "short_term_average": 152902
    }, 
    {
        "accumulated_operating_revenue_yoy": 10.773469566764247, 
        "accumulated_operating_revenue": 1351289, 
        "long_term_average": 173636, 
        "date": "2014-08-31", 
        "operating_revenue": 268923, 
        "short_term_average": 200406
    }, 
    {
        "accumulated_operating_revenue_yoy": 12.562286691820502, 
        "accumulated_operating_revenue": 1600244, 
        "long_term_average": 177567, 
        "date": "2014-09-30", 
        "operating_revenue": 248955, 
        "short_term_average": 226529
    }, 
    {
        "accumulated_operating_revenue_yoy": 11.884441209168047, 
        "accumulated_operating_revenue": 1807520, 
        "long_term_average": 178684, 
        "date": "2014-10-31", 
        "operating_revenue": 207276, 
        "short_term_average": 241718
    }, 
    {
        "accumulated_operating_revenue_yoy": 9.74356281847983, 
        "accumulated_operating_revenue": 1964784, 
        "long_term_average": 177221, 
        "date": "2014-11-30", 
        "operating_revenue": 157264, 
        "short_term_average": 204498
    }, 
    {
        "accumulated_operating_revenue_yoy": 9.724569976744423, 
        "accumulated_operating_revenue": 2142065, 
        "long_term_average": 178505, 
        "date": "2014-12-31", 
        "operating_revenue": 177281, 
        "short_term_average": 180607
    }, 
    {
        "accumulated_operating_revenue_yoy": 18.57101147557632, 
        "accumulated_operating_revenue": 186811, 
        "long_term_average": 180943, 
        "date": "2015-01-31", 
        "operating_revenue": 186811, 
        "short_term_average": 173785
    }, 
    {
        "accumulated_operating_revenue_yoy": 4.0345884550531865, 
        "accumulated_operating_revenue": 331939, 
        "long_term_average": 179578, 
        "date": "2015-02-28", 
        "operating_revenue": 145128, 
        "short_term_average": 169740
    }, 
    {
        "accumulated_operating_revenue_yoy": 2.888038898428895, 
        "accumulated_operating_revenue": 497903, 
        "long_term_average": 179670, 
        "date": "2015-03-31", 
        "operating_revenue": 165964, 
        "short_term_average": 165967
    }, 
    {
        "accumulated_operating_revenue_yoy": 4.88504917759413, 
        "accumulated_operating_revenue": 654124, 
        "long_term_average": 181044, 
        "date": "2015-04-30", 
        "operating_revenue": 156221, 
        "short_term_average": 155771
    }, 
    {
        "accumulated_operating_revenue_yoy": 5.996914950491221, 
        "accumulated_operating_revenue": 795050, 
        "long_term_average": 182253, 
        "date": "2015-05-31", 
        "operating_revenue": 140926, 
        "short_term_average": 154370
    }, 
    {
        "accumulated_operating_revenue_yoy": -0.398519752741792, 
        "accumulated_operating_revenue": 916988, 
        "long_term_average": 178199, 
        "date": "2015-06-30", 
        "operating_revenue": 121938, 
        "short_term_average": 139695
    }, 
    {
        "accumulated_operating_revenue_yoy": 3.222477424457162, 
        "accumulated_operating_revenue": 1117245, 
        "long_term_average": 181412, 
        "date": "2015-07-31", 
        "operating_revenue": 200257, 
        "short_term_average": 154373
    }, 
    {
        "accumulated_operating_revenue_yoy": 1.1415766723476621, 
        "accumulated_operating_revenue": 1366715, 
        "long_term_average": 179790, 
        "date": "2015-08-31", 
        "operating_revenue": 249470, 
        "short_term_average": 190555
    }, 
    {
        "accumulated_operating_revenue_yoy": -0.980288006079073, 
        "accumulated_operating_revenue": 1584557, 
        "long_term_average": 177198, 
        "date": "2015-09-30", 
        "operating_revenue": 217842, 
        "short_term_average": 222523
    }
]