[
    {
        "date": "2012-01-31", 
        "operating_revenue": 118681, 
        "accumulated_operating_revenue": 118681, 
        "long_term_average": 118681, 
        "short_term_average": 118681
    }, 
    {
        "date": "2012-02-29", 
        "operating_revenue": 91762, 
        "accumulated_operating_revenue": 210443, 
        "long_term_average": 105221, 
        "short_term_average": 105221
    }, 
    {
        "date": "2012-03-31", 
        "operating_revenue": 159573, 
        "accumulated_operating_revenue": 370016, 
        "long_term_average": 123338, 
        "short_term_average": 123338
    }, 
    {
        "date": "2012-04-30", 
        "operating_revenue": 140849, 
        "accumulated_operating_revenue": 510865, 
        "long_term_average": 127716, 
        "short_term_average": 130728
    }, 
    {
        "date": "2012-05-31", 
        "operating_revenue": 142839, 
        "accumulated_operating_revenue": 653704, 
        "long_term_average": 130740, 
        "short_term_average": 147753
    }, 
    {
        "date": "2012-06-30", 
        "operating_revenue": 134374, 
        "accumulated_operating_revenue": 788078, 
        "long_term_average": 131346, 
        "short_term_average": 139354
    }, 
    {
        "date": "2012-07-31", 
        "operating_revenue": 125640, 
        "accumulated_operating_revenue": 913718, 
        "long_term_average": 130531, 
        "short_term_average": 134284
    }, 
    {
        "date": "2012-08-31", 
        "operating_revenue": 153843, 
        "accumulated_operating_revenue": 1067561, 
        "long_term_average": 133445, 
        "short_term_average": 137952
    }, 
    {
        "date": "2012-09-30", 
        "operating_revenue": 257041, 
        "accumulated_operating_revenue": 1324602, 
        "long_term_average": 147178, 
        "short_term_average": 178841
    }, 
    {
        "date": "2012-10-31", 
        "operating_revenue": 205733, 
        "accumulated_operating_revenue": 1530335, 
        "long_term_average": 153033, 
        "short_term_average": 205539
    }, 
    {
        "date": "2012-11-30", 
        "operating_revenue": 207023, 
        "accumulated_operating_revenue": 1737358, 
        "long_term_average": 157941, 
        "short_term_average": 223265
    }, 
    {
        "date": "2012-12-31", 
        "operating_revenue": 208619, 
        "accumulated_operating_revenue": 1945977, 
        "long_term_average": 162164, 
        "short_term_average": 207125
    }, 
    {
        "accumulated_operating_revenue_yoy": 101.6523285108821, 
        "accumulated_operating_revenue": 239323, 
        "long_term_average": 172218, 
        "date": "2013-01-31", 
        "operating_revenue": 239323, 
        "short_term_average": 218321
    }, 
    {
        "accumulated_operating_revenue_yoy": 52.317729741545214, 
        "accumulated_operating_revenue": 320542, 
        "long_term_average": 171339, 
        "date": "2013-02-28", 
        "operating_revenue": 81219, 
        "short_term_average": 176387
    }, 
    {
        "accumulated_operating_revenue_yoy": 22.396599065986337, 
        "accumulated_operating_revenue": 452887, 
        "long_term_average": 169070, 
        "date": "2013-03-31", 
        "operating_revenue": 132345, 
        "short_term_average": 150962
    }, 
    {
        "accumulated_operating_revenue_yoy": 12.16015972908694, 
        "accumulated_operating_revenue": 572987, 
        "long_term_average": 167341, 
        "date": "2013-04-30", 
        "operating_revenue": 120100, 
        "short_term_average": 111221
    }, 
    {
        "accumulated_operating_revenue_yoy": 8.632194387673932, 
        "accumulated_operating_revenue": 710133, 
        "long_term_average": 166867, 
        "date": "2013-05-31", 
        "operating_revenue": 137146, 
        "short_term_average": 129863
    }, 
    {
        "accumulated_operating_revenue_yoy": 6.687789787305317, 
        "accumulated_operating_revenue": 840783, 
        "long_term_average": 166556, 
        "date": "2013-06-30", 
        "operating_revenue": 130650, 
        "short_term_average": 129298
    }, 
    {
        "accumulated_operating_revenue_yoy": 4.098857634412368, 
        "accumulated_operating_revenue": 951170, 
        "long_term_average": 165285, 
        "date": "2013-07-31", 
        "operating_revenue": 110387, 
        "short_term_average": 126061
    }, 
    {
        "accumulated_operating_revenue_yoy": 0.6417431884454378, 
        "accumulated_operating_revenue": 1074412, 
        "long_term_average": 162735, 
        "date": "2013-08-31", 
        "operating_revenue": 123242, 
        "short_term_average": 121426
    }, 
    {
        "accumulated_operating_revenue_yoy": -8.239078606253047, 
        "accumulated_operating_revenue": 1215467, 
        "long_term_average": 153070, 
        "date": "2013-09-30", 
        "operating_revenue": 141055, 
        "short_term_average": 124894
    }, 
    {
        "accumulated_operating_revenue_yoy": -15.886913649625736, 
        "accumulated_operating_revenue": 1287212, 
        "long_term_average": 141904, 
        "date": "2013-10-31", 
        "operating_revenue": 71745, 
        "short_term_average": 112014
    }, 
    {
        "accumulated_operating_revenue_yoy": -18.527384684100802, 
        "accumulated_operating_revenue": 1415471, 
        "long_term_average": 135340, 
        "date": "2013-11-30", 
        "operating_revenue": 128259, 
        "short_term_average": 113686
    }, 
    {
        "accumulated_operating_revenue_yoy": -22.238084006131626, 
        "accumulated_operating_revenue": 1513229, 
        "long_term_average": 126102, 
        "date": "2013-12-31", 
        "operating_revenue": 97758, 
        "short_term_average": 99254
    }, 
    {
        "accumulated_operating_revenue_yoy": -52.87080639971921, 
        "accumulated_operating_revenue": 112791, 
        "long_term_average": 115558, 
        "date": "2014-01-31", 
        "operating_revenue": 112791, 
        "short_term_average": 112936
    }, 
    {
        "accumulated_operating_revenue_yoy": -42.03879678794043, 
        "accumulated_operating_revenue": 185790, 
        "long_term_average": 114873, 
        "date": "2014-02-28", 
        "operating_revenue": 72999, 
        "short_term_average": 94516
    }, 
    {
        "accumulated_operating_revenue_yoy": -37.56588288027698, 
        "accumulated_operating_revenue": 282756, 
        "long_term_average": 111924, 
        "date": "2014-03-31", 
        "operating_revenue": 96966, 
        "short_term_average": 94252
    }, 
    {
        "accumulated_operating_revenue_yoy": -34.31578726917016, 
        "accumulated_operating_revenue": 376362, 
        "long_term_average": 109717, 
        "date": "2014-04-30", 
        "operating_revenue": 93606, 
        "short_term_average": 87857
    }, 
    {
        "accumulated_operating_revenue_yoy": -29.110039950262838, 
        "accumulated_operating_revenue": 503413, 
        "long_term_average": 108875, 
        "date": "2014-05-31", 
        "operating_revenue": 127051, 
        "short_term_average": 105874
    }, 
    {
        "accumulated_operating_revenue_yoy": -26.998405058142232, 
        "accumulated_operating_revenue": 613785, 
        "long_term_average": 107185, 
        "date": "2014-06-30", 
        "operating_revenue": 110372, 
        "short_term_average": 110343
    }, 
    {
        "accumulated_operating_revenue_yoy": -24.212285921549253, 
        "accumulated_operating_revenue": 720870, 
        "long_term_average": 106910, 
        "date": "2014-07-31", 
        "operating_revenue": 107085, 
        "short_term_average": 114836
    }, 
    {
        "accumulated_operating_revenue_yoy": -21.532521974810408, 
        "accumulated_operating_revenue": 843064, 
        "long_term_average": 106823, 
        "date": "2014-08-31", 
        "operating_revenue": 122194, 
        "short_term_average": 113217
    }, 
    {
        "accumulated_operating_revenue_yoy": -20.841865719102202, 
        "accumulated_operating_revenue": 962141, 
        "long_term_average": 104991, 
        "date": "2014-09-30", 
        "operating_revenue": 119077, 
        "short_term_average": 116118
    }, 
    {
        "accumulated_operating_revenue_yoy": -17.979089691519345, 
        "accumulated_operating_revenue": 1055783, 
        "long_term_average": 106816, 
        "date": "2014-10-31", 
        "operating_revenue": 93642, 
        "short_term_average": 111637
    }, 
    {
        "accumulated_operating_revenue_yoy": -16.73457103677857, 
        "accumulated_operating_revenue": 1178598, 
        "long_term_average": 106363, 
        "date": "2014-11-30", 
        "operating_revenue": 122815, 
        "short_term_average": 111844
    }, 
    {
        "accumulated_operating_revenue_yoy": -15.109874315123486, 
        "accumulated_operating_revenue": 1284582, 
        "long_term_average": 107048, 
        "date": "2014-12-31", 
        "operating_revenue": 105984, 
        "short_term_average": 107480
    }, 
    {
        "accumulated_operating_revenue_yoy": -6.649466712769636, 
        "accumulated_operating_revenue": 105291, 
        "long_term_average": 106423, 
        "date": "2015-01-31", 
        "operating_revenue": 105291, 
        "short_term_average": 111363
    }, 
    {
        "accumulated_operating_revenue_yoy": -0.9263146563324184, 
        "accumulated_operating_revenue": 184069, 
        "long_term_average": 106905, 
        "date": "2015-02-28", 
        "operating_revenue": 78778, 
        "short_term_average": 96684
    }, 
    {
        "accumulated_operating_revenue_yoy": 1.9578718046655068, 
        "accumulated_operating_revenue": 288292, 
        "long_term_average": 107509, 
        "date": "2015-03-31", 
        "operating_revenue": 104223, 
        "short_term_average": 96097
    }, 
    {
        "accumulated_operating_revenue_yoy": 0.05473453749315819, 
        "accumulated_operating_revenue": 376568, 
        "long_term_average": 107065, 
        "date": "2015-04-30", 
        "operating_revenue": 88276, 
        "short_term_average": 90425
    }, 
    {
        "accumulated_operating_revenue_yoy": -8.125137809313625, 
        "accumulated_operating_revenue": 462510, 
        "long_term_average": 103639, 
        "date": "2015-05-31", 
        "operating_revenue": 85942, 
        "short_term_average": 92813
    }, 
    {
        "accumulated_operating_revenue_yoy": -8.963725082887331, 
        "accumulated_operating_revenue": 558767, 
        "long_term_average": 102463, 
        "date": "2015-06-30", 
        "operating_revenue": 96257, 
        "short_term_average": 90158
    }, 
    {
        "accumulated_operating_revenue_yoy": -8.091611524962893, 
        "accumulated_operating_revenue": 662540, 
        "long_term_average": 102187, 
        "date": "2015-07-31", 
        "operating_revenue": 103773, 
        "short_term_average": 95324
    }, 
    {
        "accumulated_operating_revenue_yoy": -7.266826717781806, 
        "accumulated_operating_revenue": 781800, 
        "long_term_average": 101943, 
        "date": "2015-08-31", 
        "operating_revenue": 119260, 
        "short_term_average": 106430
    }, 
    {
        "accumulated_operating_revenue_yoy": -4.2572762204292305, 
        "accumulated_operating_revenue": 921180, 
        "long_term_average": 103635, 
        "date": "2015-09-30", 
        "operating_revenue": 139380, 
        "short_term_average": 120804
    }
]