[
    {
        "date": "2012-01-31", 
        "operating_revenue": 84201, 
        "accumulated_operating_revenue": 84201, 
        "long_term_average": 84201, 
        "short_term_average": 84201
    }, 
    {
        "date": "2012-02-29", 
        "operating_revenue": 67321, 
        "accumulated_operating_revenue": 151522, 
        "long_term_average": 75761, 
        "short_term_average": 75761
    }, 
    {
        "date": "2012-03-31", 
        "operating_revenue": 58814, 
        "accumulated_operating_revenue": 210336, 
        "long_term_average": 70112, 
        "short_term_average": 70112
    }, 
    {
        "date": "2012-04-30", 
        "operating_revenue": 53868, 
        "accumulated_operating_revenue": 264204, 
        "long_term_average": 66051, 
        "short_term_average": 60001
    }, 
    {
        "date": "2012-05-31", 
        "operating_revenue": 58662, 
        "accumulated_operating_revenue": 322866, 
        "long_term_average": 64573, 
        "short_term_average": 57114
    }, 
    {
        "date": "2012-06-30", 
        "operating_revenue": 61235, 
        "accumulated_operating_revenue": 384101, 
        "long_term_average": 64016, 
        "short_term_average": 57921
    }, 
    {
        "date": "2012-07-31", 
        "operating_revenue": 61474, 
        "accumulated_operating_revenue": 445575, 
        "long_term_average": 63653, 
        "short_term_average": 60457
    }, 
    {
        "date": "2012-08-31", 
        "operating_revenue": 65574, 
        "accumulated_operating_revenue": 511149, 
        "long_term_average": 63893, 
        "short_term_average": 62761
    }, 
    {
        "date": "2012-09-30", 
        "operating_revenue": 68623, 
        "accumulated_operating_revenue": 579772, 
        "long_term_average": 64419, 
        "short_term_average": 65223
    }, 
    {
        "date": "2012-10-31", 
        "operating_revenue": 66269, 
        "accumulated_operating_revenue": 646041, 
        "long_term_average": 64604, 
        "short_term_average": 66822
    }, 
    {
        "date": "2012-11-30", 
        "operating_revenue": 57477, 
        "accumulated_operating_revenue": 703518, 
        "long_term_average": 63956, 
        "short_term_average": 64123
    }, 
    {
        "date": "2012-12-31", 
        "operating_revenue": 63767, 
        "accumulated_operating_revenue": 767285, 
        "long_term_average": 63940, 
        "short_term_average": 62504
    }, 
    {
        "accumulated_operating_revenue_yoy": -24.110164962411375, 
        "accumulated_operating_revenue": 63900, 
        "long_term_average": 62248, 
        "date": "2013-01-31", 
        "operating_revenue": 63900, 
        "short_term_average": 61714
    }, 
    {
        "accumulated_operating_revenue_yoy": -11.502620081572312, 
        "accumulated_operating_revenue": 134093, 
        "long_term_average": 62488, 
        "date": "2013-02-28", 
        "operating_revenue": 70193, 
        "short_term_average": 65953
    }, 
    {
        "accumulated_operating_revenue_yoy": -0.42978852883006236, 
        "accumulated_operating_revenue": 209432, 
        "long_term_average": 63865, 
        "date": "2013-03-31", 
        "operating_revenue": 75339, 
        "short_term_average": 69810
    }, 
    {
        "accumulated_operating_revenue_yoy": 4.7887238648922805, 
        "accumulated_operating_revenue": 276856, 
        "long_term_average": 64994, 
        "date": "2013-04-30", 
        "operating_revenue": 67424, 
        "short_term_average": 70985
    }, 
    {
        "accumulated_operating_revenue_yoy": 8.376540112616379, 
        "accumulated_operating_revenue": 349911, 
        "long_term_average": 66194, 
        "date": "2013-05-31", 
        "operating_revenue": 73055, 
        "short_term_average": 71939
    }, 
    {
        "accumulated_operating_revenue_yoy": 10.963522615145497, 
        "accumulated_operating_revenue": 426212, 
        "long_term_average": 67449, 
        "date": "2013-06-30", 
        "operating_revenue": 76301, 
        "short_term_average": 72260
    }, 
    {
        "accumulated_operating_revenue_yoy": 14.272344723110589, 
        "accumulated_operating_revenue": 509169, 
        "long_term_average": 69239, 
        "date": "2013-07-31", 
        "operating_revenue": 82957, 
        "short_term_average": 77437
    }, 
    {
        "accumulated_operating_revenue_yoy": 15.289279642530849, 
        "accumulated_operating_revenue": 589300, 
        "long_term_average": 70453, 
        "date": "2013-08-31", 
        "operating_revenue": 80131, 
        "short_term_average": 79796
    }, 
    {
        "accumulated_operating_revenue_yoy": 14.769426602181548, 
        "accumulated_operating_revenue": 665401, 
        "long_term_average": 71076, 
        "date": "2013-09-30", 
        "operating_revenue": 76101, 
        "short_term_average": 79729
    }, 
    {
        "accumulated_operating_revenue_yoy": 14.626780653240273, 
        "accumulated_operating_revenue": 740536, 
        "long_term_average": 71815, 
        "date": "2013-10-31", 
        "operating_revenue": 75135, 
        "short_term_average": 77122
    }, 
    {
        "accumulated_operating_revenue_yoy": 17.925198786669284, 
        "accumulated_operating_revenue": 829625, 
        "long_term_average": 74449, 
        "date": "2013-11-30", 
        "operating_revenue": 89089, 
        "short_term_average": 80108
    }, 
    {
        "accumulated_operating_revenue_yoy": 19.353173853261826, 
        "accumulated_operating_revenue": 915779, 
        "long_term_average": 76314, 
        "date": "2013-12-31", 
        "operating_revenue": 86154, 
        "short_term_average": 83459
    }, 
    {
        "accumulated_operating_revenue_yoy": 37.33176838810642, 
        "accumulated_operating_revenue": 87755, 
        "long_term_average": 78302, 
        "date": "2014-01-31", 
        "operating_revenue": 87755, 
        "short_term_average": 87666
    }, 
    {
        "accumulated_operating_revenue_yoy": 18.97041605452932, 
        "accumulated_operating_revenue": 159531, 
        "long_term_average": 78434, 
        "date": "2014-02-28", 
        "operating_revenue": 71776, 
        "short_term_average": 81895
    }, 
    {
        "accumulated_operating_revenue_yoy": 13.789678750143244, 
        "accumulated_operating_revenue": 238312, 
        "long_term_average": 78721, 
        "date": "2014-03-31", 
        "operating_revenue": 78781, 
        "short_term_average": 79437
    }, 
    {
        "accumulated_operating_revenue_yoy": 13.654390730199092, 
        "accumulated_operating_revenue": 314659, 
        "long_term_average": 79465, 
        "date": "2014-04-30", 
        "operating_revenue": 76347, 
        "short_term_average": 75634
    }, 
    {
        "accumulated_operating_revenue_yoy": 12.541760619128864, 
        "accumulated_operating_revenue": 393796, 
        "long_term_average": 79972, 
        "date": "2014-05-31", 
        "operating_revenue": 79137, 
        "short_term_average": 78088
    }, 
    {
        "accumulated_operating_revenue_yoy": 12.46867755952437, 
        "accumulated_operating_revenue": 479355, 
        "long_term_average": 80743, 
        "date": "2014-06-30", 
        "operating_revenue": 85559, 
        "short_term_average": 80347
    }, 
    {
        "accumulated_operating_revenue_yoy": 10.442898134018371, 
        "accumulated_operating_revenue": 562341, 
        "long_term_average": 80745, 
        "date": "2014-07-31", 
        "operating_revenue": 82986, 
        "short_term_average": 82560
    }, 
    {
        "accumulated_operating_revenue_yoy": 10.041405056847106, 
        "accumulated_operating_revenue": 648474, 
        "long_term_average": 81246, 
        "date": "2014-08-31", 
        "operating_revenue": 86133, 
        "short_term_average": 84892
    }, 
    {
        "accumulated_operating_revenue_yoy": 10.770347504737744, 
        "accumulated_operating_revenue": 737067, 
        "long_term_average": 82287, 
        "date": "2014-09-30", 
        "operating_revenue": 88593, 
        "short_term_average": 85904
    }, 
    {
        "accumulated_operating_revenue_yoy": 10.418264608337745, 
        "accumulated_operating_revenue": 817687, 
        "long_term_average": 82744, 
        "date": "2014-10-31", 
        "operating_revenue": 80620, 
        "short_term_average": 85115
    }, 
    {
        "accumulated_operating_revenue_yoy": 8.059786047913214, 
        "accumulated_operating_revenue": 896491, 
        "long_term_average": 81887, 
        "date": "2014-11-30", 
        "operating_revenue": 78804, 
        "short_term_average": 82672
    }, 
    {
        "accumulated_operating_revenue_yoy": 6.811141115924258, 
        "accumulated_operating_revenue": 978154, 
        "long_term_average": 81512, 
        "date": "2014-12-31", 
        "operating_revenue": 81663, 
        "short_term_average": 80362
    }, 
    {
        "accumulated_operating_revenue_yoy": -7.911799897441742, 
        "accumulated_operating_revenue": 80812, 
        "long_term_average": 80934, 
        "date": "2015-01-31", 
        "operating_revenue": 80812, 
        "short_term_average": 80426
    }, 
    {
        "accumulated_operating_revenue_yoy": 6.683340541963631, 
        "accumulated_operating_revenue": 170193, 
        "long_term_average": 82401, 
        "date": "2015-02-28", 
        "operating_revenue": 89381, 
        "short_term_average": 83952
    }, 
    {
        "accumulated_operating_revenue_yoy": 4.66153613750042, 
        "accumulated_operating_revenue": 249421, 
        "long_term_average": 82438, 
        "date": "2015-03-31", 
        "operating_revenue": 79228, 
        "short_term_average": 83140
    }, 
    {
        "accumulated_operating_revenue_yoy": 6.2172065632955045, 
        "accumulated_operating_revenue": 334222, 
        "long_term_average": 83143, 
        "date": "2015-04-30", 
        "operating_revenue": 84801, 
        "short_term_average": 84470
    }, 
    {
        "accumulated_operating_revenue_yoy": 6.800729311623277, 
        "accumulated_operating_revenue": 420577, 
        "long_term_average": 83744, 
        "date": "2015-05-31", 
        "operating_revenue": 86355, 
        "short_term_average": 83461
    }, 
    {
        "accumulated_operating_revenue_yoy": 5.8987597918035695, 
        "accumulated_operating_revenue": 507631, 
        "long_term_average": 83869, 
        "date": "2015-06-30", 
        "operating_revenue": 87054, 
        "short_term_average": 86070
    }, 
    {
        "accumulated_operating_revenue_yoy": 5.38836755634037, 
        "accumulated_operating_revenue": 592642, 
        "long_term_average": 84037, 
        "date": "2015-07-31", 
        "operating_revenue": 85011, 
        "short_term_average": 86140
    }, 
    {
        "accumulated_operating_revenue_yoy": 4.903357729068552, 
        "accumulated_operating_revenue": 680271, 
        "long_term_average": 84162, 
        "date": "2015-08-31", 
        "operating_revenue": 87629, 
        "short_term_average": 86564
    }, 
    {
        "accumulated_operating_revenue_yoy": 4.345330885794643, 
        "accumulated_operating_revenue": 769095, 
        "long_term_average": 84181, 
        "date": "2015-09-30", 
        "operating_revenue": 88824, 
        "short_term_average": 87154
    }, 
    {
        "accumulated_operating_revenue_yoy": 4.240987076962212, 
        "accumulated_operating_revenue": 852365, 
        "long_term_average": 84402, 
        "date": "2015-10-31", 
        "operating_revenue": 83270, 
        "short_term_average": 86574
    }
]