[
    {
        "date": "2011-09-30", 
        "operating_revenue": 12495, 
        "accumulated_operating_revenue": 12495, 
        "long_term_average": 12495, 
        "short_term_average": 12495
    }, 
    {
        "date": "2011-10-31", 
        "operating_revenue": 11290, 
        "accumulated_operating_revenue": 23785, 
        "long_term_average": 11892, 
        "short_term_average": 11892
    }, 
    {
        "date": "2011-11-30", 
        "operating_revenue": 8649, 
        "accumulated_operating_revenue": 32434, 
        "long_term_average": 10811, 
        "short_term_average": 10811
    }, 
    {
        "date": "2011-12-31", 
        "operating_revenue": 9632, 
        "accumulated_operating_revenue": 42066, 
        "long_term_average": 10516, 
        "short_term_average": 9857
    }, 
    {
        "date": "2012-01-31", 
        "operating_revenue": 6465, 
        "accumulated_operating_revenue": 6465, 
        "long_term_average": 9706, 
        "short_term_average": 8248
    }, 
    {
        "date": "2012-02-29", 
        "operating_revenue": 12603, 
        "accumulated_operating_revenue": 19068, 
        "long_term_average": 10189, 
        "short_term_average": 9566
    }, 
    {
        "date": "2012-03-31", 
        "operating_revenue": 21057, 
        "accumulated_operating_revenue": 40125, 
        "long_term_average": 11741, 
        "short_term_average": 13375
    }, 
    {
        "date": "2012-04-30", 
        "operating_revenue": 16936, 
        "accumulated_operating_revenue": 57061, 
        "long_term_average": 12390, 
        "short_term_average": 16865
    }, 
    {
        "date": "2012-05-31", 
        "operating_revenue": 22324, 
        "accumulated_operating_revenue": 79385, 
        "long_term_average": 13494, 
        "short_term_average": 20105
    }, 
    {
        "date": "2012-06-30", 
        "operating_revenue": 14355, 
        "accumulated_operating_revenue": 93740, 
        "long_term_average": 13580, 
        "short_term_average": 17871
    }, 
    {
        "date": "2012-07-31", 
        "operating_revenue": 18295, 
        "accumulated_operating_revenue": 112035, 
        "long_term_average": 14009, 
        "short_term_average": 18324
    }, 
    {
        "date": "2012-08-31", 
        "operating_revenue": 14280, 
        "accumulated_operating_revenue": 126315, 
        "long_term_average": 14031, 
        "short_term_average": 15643
    }, 
    {
        "accumulated_operating_revenue_yoy": 1076.686674669868, 
        "accumulated_operating_revenue": 147027, 
        "long_term_average": 14716, 
        "date": "2012-09-30", 
        "operating_revenue": 20712, 
        "short_term_average": 17762
    }, 
    {
        "accumulated_operating_revenue_yoy": 584.4061383224721, 
        "accumulated_operating_revenue": 162786, 
        "long_term_average": 15088, 
        "date": "2012-10-31", 
        "operating_revenue": 15759, 
        "short_term_average": 16917
    }, 
    {
        "accumulated_operating_revenue_yoy": 469.2853178763026, 
        "accumulated_operating_revenue": 184642, 
        "long_term_average": 16189, 
        "date": "2012-11-30", 
        "operating_revenue": 21856, 
        "short_term_average": 19442
    }, 
    {
        "accumulated_operating_revenue_yoy": 377.6208814719726, 
        "accumulated_operating_revenue": 200916, 
        "long_term_average": 16743, 
        "date": "2012-12-31", 
        "operating_revenue": 16274, 
        "short_term_average": 17963
    }, 
    {
        "accumulated_operating_revenue_yoy": 220.81979891724671, 
        "accumulated_operating_revenue": 20741, 
        "long_term_average": 17932, 
        "date": "2013-01-31", 
        "operating_revenue": 20741, 
        "short_term_average": 19623
    }, 
    {
        "accumulated_operating_revenue_yoy": 47.63478078456052, 
        "accumulated_operating_revenue": 28151, 
        "long_term_average": 17499, 
        "date": "2013-02-28", 
        "operating_revenue": 7410, 
        "short_term_average": 14808
    }, 
    {
        "accumulated_operating_revenue_yoy": 11.217445482866044, 
        "accumulated_operating_revenue": 44626, 
        "long_term_average": 17118, 
        "date": "2013-03-31", 
        "operating_revenue": 16475, 
        "short_term_average": 14875
    }, 
    {
        "accumulated_operating_revenue_yoy": 18.39785492718319, 
        "accumulated_operating_revenue": 67559, 
        "long_term_average": 17617, 
        "date": "2013-04-30", 
        "operating_revenue": 22933, 
        "short_term_average": 15606
    }, 
    {
        "accumulated_operating_revenue_yoy": 2.790199659885369, 
        "accumulated_operating_revenue": 81600, 
        "long_term_average": 16927, 
        "date": "2013-05-31", 
        "operating_revenue": 14041, 
        "short_term_average": 17816
    }, 
    {
        "accumulated_operating_revenue_yoy": 3.147002346917004, 
        "accumulated_operating_revenue": 96690, 
        "long_term_average": 16988, 
        "date": "2013-06-30", 
        "operating_revenue": 15090, 
        "short_term_average": 17354
    }, 
    {
        "accumulated_operating_revenue_yoy": -0.269558620074084, 
        "accumulated_operating_revenue": 111733, 
        "long_term_average": 16717, 
        "date": "2013-07-31", 
        "operating_revenue": 15043, 
        "short_term_average": 14724
    }, 
    {
        "accumulated_operating_revenue_yoy": -0.009500059375371095, 
        "accumulated_operating_revenue": 126303, 
        "long_term_average": 16742, 
        "date": "2013-08-31", 
        "operating_revenue": 14570, 
        "short_term_average": 14901
    }, 
    {
        "accumulated_operating_revenue_yoy": 2.9266733321090683, 
        "accumulated_operating_revenue": 151330, 
        "long_term_average": 17101, 
        "date": "2013-09-30", 
        "operating_revenue": 25027, 
        "short_term_average": 18213
    }, 
    {
        "accumulated_operating_revenue_yoy": 10.053075817330729, 
        "accumulated_operating_revenue": 179151, 
        "long_term_average": 18106, 
        "date": "2013-10-31", 
        "operating_revenue": 27821, 
        "short_term_average": 22472
    }, 
    {
        "accumulated_operating_revenue_yoy": 7.14680300256713, 
        "accumulated_operating_revenue": 197838, 
        "long_term_average": 17842, 
        "date": "2013-11-30", 
        "operating_revenue": 18687, 
        "short_term_average": 23845
    }, 
    {
        "accumulated_operating_revenue_yoy": 11.654124111569015, 
        "accumulated_operating_revenue": 224331, 
        "long_term_average": 18694, 
        "date": "2013-12-31", 
        "operating_revenue": 26493, 
        "short_term_average": 24333
    }, 
    {
        "accumulated_operating_revenue_yoy": -40.09932018706909, 
        "accumulated_operating_revenue": 12424, 
        "long_term_average": 18001, 
        "date": "2014-01-31", 
        "operating_revenue": 12424, 
        "short_term_average": 19201
    }, 
    {
        "accumulated_operating_revenue_yoy": -13.26063017299563, 
        "accumulated_operating_revenue": 24418, 
        "long_term_average": 18383, 
        "date": "2014-02-28", 
        "operating_revenue": 11994, 
        "short_term_average": 16970
    }, 
    {
        "accumulated_operating_revenue_yoy": 8.669833729216151, 
        "accumulated_operating_revenue": 48495, 
        "long_term_average": 19016, 
        "date": "2014-03-31", 
        "operating_revenue": 24077, 
        "short_term_average": 16165
    }, 
    {
        "accumulated_operating_revenue_yoy": 19.650971743217042, 
        "accumulated_operating_revenue": 80835, 
        "long_term_average": 19800, 
        "date": "2014-04-30", 
        "operating_revenue": 32340, 
        "short_term_average": 22803
    }, 
    {
        "accumulated_operating_revenue_yoy": 17.102941176470587, 
        "accumulated_operating_revenue": 95556, 
        "long_term_average": 19857, 
        "date": "2014-05-31", 
        "operating_revenue": 14721, 
        "short_term_average": 23712
    }, 
    {
        "accumulated_operating_revenue_yoy": 14.191746819733167, 
        "accumulated_operating_revenue": 110412, 
        "long_term_average": 19837, 
        "date": "2014-06-30", 
        "operating_revenue": 14856, 
        "short_term_average": 20639
    }, 
    {
        "accumulated_operating_revenue_yoy": 19.02392310239589, 
        "accumulated_operating_revenue": 132989, 
        "long_term_average": 20465, 
        "date": "2014-07-31", 
        "operating_revenue": 22577, 
        "short_term_average": 17384
    }, 
    {
        "accumulated_operating_revenue_yoy": 21.01216914879298, 
        "accumulated_operating_revenue": 152842, 
        "long_term_average": 20905, 
        "date": "2014-08-31", 
        "operating_revenue": 19853, 
        "short_term_average": 19095
    }, 
    {
        "accumulated_operating_revenue_yoy": 19.746249917399062, 
        "accumulated_operating_revenue": 181212, 
        "long_term_average": 21184, 
        "date": "2014-09-30", 
        "operating_revenue": 28370, 
        "short_term_average": 23600
    }, 
    {
        "accumulated_operating_revenue_yoy": 20.359919844153815, 
        "accumulated_operating_revenue": 215626, 
        "long_term_average": 21733, 
        "date": "2014-10-31", 
        "operating_revenue": 34414, 
        "short_term_average": 27545
    }, 
    {
        "accumulated_operating_revenue_yoy": 19.944601138305078, 
        "accumulated_operating_revenue": 237296, 
        "long_term_average": 21982, 
        "date": "2014-11-30", 
        "operating_revenue": 21670, 
        "short_term_average": 28151
    }, 
    {
        "accumulated_operating_revenue_yoy": 14.36404241946053, 
        "accumulated_operating_revenue": 256554, 
        "long_term_average": 21379, 
        "date": "2014-12-31", 
        "operating_revenue": 19258, 
        "short_term_average": 25114
    }, 
    {
        "accumulated_operating_revenue_yoy": 69.08403090792015, 
        "accumulated_operating_revenue": 21007, 
        "long_term_average": 22094, 
        "date": "2015-01-31", 
        "operating_revenue": 21007, 
        "short_term_average": 20645
    }, 
    {
        "accumulated_operating_revenue_yoy": 9.85748218527316, 
        "accumulated_operating_revenue": 26825, 
        "long_term_average": 21580, 
        "date": "2015-02-28", 
        "operating_revenue": 5818, 
        "short_term_average": 15361
    }, 
    {
        "accumulated_operating_revenue_yoy": -13.250850603154966, 
        "accumulated_operating_revenue": 42069, 
        "long_term_average": 20844, 
        "date": "2015-03-31", 
        "operating_revenue": 15244, 
        "short_term_average": 14023
    }, 
    {
        "accumulated_operating_revenue_yoy": -29.280633389002286, 
        "accumulated_operating_revenue": 57166, 
        "long_term_average": 19407, 
        "date": "2015-04-30", 
        "operating_revenue": 15097, 
        "short_term_average": 12053
    }, 
    {
        "accumulated_operating_revenue_yoy": -22.308384612164595, 
        "accumulated_operating_revenue": 74239, 
        "long_term_average": 19603, 
        "date": "2015-05-31", 
        "operating_revenue": 17073, 
        "short_term_average": 15804
    }, 
    {
        "accumulated_operating_revenue_yoy": -19.823932181284643, 
        "accumulated_operating_revenue": 88524, 
        "long_term_average": 19555, 
        "date": "2015-06-30", 
        "operating_revenue": 14285, 
        "short_term_average": 15485
    }, 
    {
        "accumulated_operating_revenue_yoy": -19.595605651595243, 
        "accumulated_operating_revenue": 106929, 
        "long_term_average": 19207, 
        "date": "2015-07-31", 
        "operating_revenue": 18405, 
        "short_term_average": 16587
    }, 
    {
        "accumulated_operating_revenue_yoy": -17.704557647766975, 
        "accumulated_operating_revenue": 125782, 
        "long_term_average": 19124, 
        "date": "2015-08-31", 
        "operating_revenue": 18853, 
        "short_term_average": 17181
    }, 
    {
        "accumulated_operating_revenue_yoy": -22.98633644571, 
        "accumulated_operating_revenue": 139558, 
        "long_term_average": 17908, 
        "date": "2015-09-30", 
        "operating_revenue": 13776, 
        "short_term_average": 17011
    }
]