[
    {
        "date": "2012-01-31", 
        "operating_revenue": 109509, 
        "accumulated_operating_revenue": 109509, 
        "long_term_average": 109509, 
        "short_term_average": 109509
    }, 
    {
        "date": "2012-02-29", 
        "operating_revenue": 118169, 
        "accumulated_operating_revenue": 227678, 
        "long_term_average": 113839, 
        "short_term_average": 113839
    }, 
    {
        "date": "2012-03-31", 
        "operating_revenue": 141763, 
        "accumulated_operating_revenue": 369441, 
        "long_term_average": 123147, 
        "short_term_average": 123147
    }, 
    {
        "date": "2012-04-30", 
        "operating_revenue": 141558, 
        "accumulated_operating_revenue": 510999, 
        "long_term_average": 127749, 
        "short_term_average": 133830
    }, 
    {
        "date": "2012-05-31", 
        "operating_revenue": 148915, 
        "accumulated_operating_revenue": 659914, 
        "long_term_average": 131982, 
        "short_term_average": 144078
    }, 
    {
        "date": "2012-06-30", 
        "operating_revenue": 141338, 
        "accumulated_operating_revenue": 801252, 
        "long_term_average": 133542, 
        "short_term_average": 143937
    }, 
    {
        "date": "2012-07-31", 
        "operating_revenue": 166205, 
        "accumulated_operating_revenue": 967457, 
        "long_term_average": 138208, 
        "short_term_average": 152152
    }, 
    {
        "date": "2012-08-31", 
        "operating_revenue": 170064, 
        "accumulated_operating_revenue": 1137521, 
        "long_term_average": 142190, 
        "short_term_average": 159202
    }, 
    {
        "date": "2012-09-30", 
        "operating_revenue": 134608, 
        "accumulated_operating_revenue": 1272129, 
        "long_term_average": 141347, 
        "short_term_average": 156959
    }, 
    {
        "date": "2012-10-31", 
        "operating_revenue": 166651, 
        "accumulated_operating_revenue": 1438780, 
        "long_term_average": 143878, 
        "short_term_average": 157107
    }, 
    {
        "date": "2012-11-30", 
        "operating_revenue": 152271, 
        "accumulated_operating_revenue": 1591051, 
        "long_term_average": 144641, 
        "short_term_average": 151176
    }, 
    {
        "date": "2012-12-31", 
        "operating_revenue": 115803, 
        "accumulated_operating_revenue": 1706854, 
        "long_term_average": 142237, 
        "short_term_average": 144908
    }, 
    {
        "accumulated_operating_revenue_yoy": 7.894328320046755, 
        "accumulated_operating_revenue": 118154, 
        "long_term_average": 142958, 
        "date": "2013-01-31", 
        "operating_revenue": 118154, 
        "short_term_average": 128742
    }, 
    {
        "accumulated_operating_revenue_yoy": -9.34960777940776, 
        "accumulated_operating_revenue": 206391, 
        "long_term_average": 140463, 
        "date": "2013-02-28", 
        "operating_revenue": 88237, 
        "short_term_average": 107398
    }, 
    {
        "accumulated_operating_revenue_yoy": -9.791008577824336, 
        "accumulated_operating_revenue": 333269, 
        "long_term_average": 139223, 
        "date": "2013-03-31", 
        "operating_revenue": 126878, 
        "short_term_average": 111089
    }, 
    {
        "accumulated_operating_revenue_yoy": -7.518801406656372, 
        "accumulated_operating_revenue": 472578, 
        "long_term_average": 139036, 
        "date": "2013-04-30", 
        "operating_revenue": 139309, 
        "short_term_average": 118141
    }, 
    {
        "accumulated_operating_revenue_yoy": -6.144588537294253, 
        "accumulated_operating_revenue": 619365, 
        "long_term_average": 138858, 
        "date": "2013-05-31", 
        "operating_revenue": 146787, 
        "short_term_average": 137658
    }, 
    {
        "accumulated_operating_revenue_yoy": -6.0165840459680595, 
        "accumulated_operating_revenue": 753044, 
        "long_term_average": 138220, 
        "date": "2013-06-30", 
        "operating_revenue": 133679, 
        "short_term_average": 139925
    }, 
    {
        "accumulated_operating_revenue_yoy": -8.808866957394489, 
        "accumulated_operating_revenue": 882235, 
        "long_term_average": 135136, 
        "date": "2013-07-31", 
        "operating_revenue": 129191, 
        "short_term_average": 136552
    }, 
    {
        "accumulated_operating_revenue_yoy": -9.352178992739475, 
        "accumulated_operating_revenue": 1031138, 
        "long_term_average": 133372, 
        "date": "2013-08-31", 
        "operating_revenue": 148903, 
        "short_term_average": 137257
    }, 
    {
        "accumulated_operating_revenue_yoy": -6.5520870917965075, 
        "accumulated_operating_revenue": 1188778, 
        "long_term_average": 135291, 
        "date": "2013-09-30", 
        "operating_revenue": 157640, 
        "short_term_average": 145244
    }, 
    {
        "accumulated_operating_revenue_yoy": -6.8296751414392745, 
        "accumulated_operating_revenue": 1340516, 
        "long_term_average": 134049, 
        "date": "2013-10-31", 
        "operating_revenue": 151738, 
        "short_term_average": 152760
    }, 
    {
        "accumulated_operating_revenue_yoy": -6.38219642236484, 
        "accumulated_operating_revenue": 1489507, 
        "long_term_average": 133775, 
        "date": "2013-11-30", 
        "operating_revenue": 148991, 
        "short_term_average": 152789
    }, 
    {
        "accumulated_operating_revenue_yoy": -4.489487677329168, 
        "accumulated_operating_revenue": 1630225, 
        "long_term_average": 135852, 
        "date": "2013-12-31", 
        "operating_revenue": 140718, 
        "short_term_average": 147149
    }, 
    {
        "accumulated_operating_revenue_yoy": 20.16012999983073, 
        "accumulated_operating_revenue": 141974, 
        "long_term_average": 137837, 
        "date": "2014-01-31", 
        "operating_revenue": 141974, 
        "short_term_average": 143894
    }, 
    {
        "accumulated_operating_revenue_yoy": 31.342936465252848, 
        "accumulated_operating_revenue": 271080, 
        "long_term_average": 141242, 
        "date": "2014-02-28", 
        "operating_revenue": 129106, 
        "short_term_average": 137266
    }, 
    {
        "accumulated_operating_revenue_yoy": 25.567334495557642, 
        "accumulated_operating_revenue": 418477, 
        "long_term_average": 142952, 
        "date": "2014-03-31", 
        "operating_revenue": 147397, 
        "short_term_average": 139492
    }, 
    {
        "accumulated_operating_revenue_yoy": 18.333481457029315, 
        "accumulated_operating_revenue": 559218, 
        "long_term_average": 143072, 
        "date": "2014-04-30", 
        "operating_revenue": 140741, 
        "short_term_average": 139081
    }, 
    {
        "accumulated_operating_revenue_yoy": 13.624276476714053, 
        "accumulated_operating_revenue": 703749, 
        "long_term_average": 142884, 
        "date": "2014-05-31", 
        "operating_revenue": 144531, 
        "short_term_average": 144223
    }, 
    {
        "accumulated_operating_revenue_yoy": 12.919829385799503, 
        "accumulated_operating_revenue": 850336, 
        "long_term_average": 143959, 
        "date": "2014-06-30", 
        "operating_revenue": 146587, 
        "short_term_average": 143953
    }, 
    {
        "accumulated_operating_revenue_yoy": 12.628948069391942, 
        "accumulated_operating_revenue": 993652, 
        "long_term_average": 145136, 
        "date": "2014-07-31", 
        "operating_revenue": 143316, 
        "short_term_average": 144811
    }, 
    {
        "accumulated_operating_revenue_yoy": 11.290244370782572, 
        "accumulated_operating_revenue": 1147556, 
        "long_term_average": 145553, 
        "date": "2014-08-31", 
        "operating_revenue": 153904, 
        "short_term_average": 147935
    }, 
    {
        "accumulated_operating_revenue_yoy": 8.938422480900556, 
        "accumulated_operating_revenue": 1295036, 
        "long_term_average": 144706, 
        "date": "2014-09-30", 
        "operating_revenue": 147480, 
        "short_term_average": 148233
    }, 
    {
        "accumulated_operating_revenue_yoy": 8.260998003753778, 
        "accumulated_operating_revenue": 1451256, 
        "long_term_average": 145080, 
        "date": "2014-10-31", 
        "operating_revenue": 156220, 
        "short_term_average": 152534
    }, 
    {
        "accumulated_operating_revenue_yoy": 7.448840455264729, 
        "accumulated_operating_revenue": 1600458, 
        "long_term_average": 145098, 
        "date": "2014-11-30", 
        "operating_revenue": 149202, 
        "short_term_average": 150967
    }, 
    {
        "accumulated_operating_revenue_yoy": 7.323590301952184, 
        "accumulated_operating_revenue": 1749616, 
        "long_term_average": 145801, 
        "date": "2014-12-31", 
        "operating_revenue": 149158, 
        "short_term_average": 151526
    }, 
    {
        "accumulated_operating_revenue_yoy": 2.9878710186372155, 
        "accumulated_operating_revenue": 146216, 
        "long_term_average": 146154, 
        "date": "2015-01-31", 
        "operating_revenue": 146216, 
        "short_term_average": 148192
    }, 
    {
        "accumulated_operating_revenue_yoy": -7.874797107864836, 
        "accumulated_operating_revenue": 249733, 
        "long_term_average": 144022, 
        "date": "2015-02-28", 
        "operating_revenue": 103517, 
        "short_term_average": 132963
    }, 
    {
        "accumulated_operating_revenue_yoy": -7.019979592665786, 
        "accumulated_operating_revenue": 389100, 
        "long_term_average": 143353, 
        "date": "2015-03-31", 
        "operating_revenue": 139367, 
        "short_term_average": 129700
    }, 
    {
        "accumulated_operating_revenue_yoy": -6.908218261930052, 
        "accumulated_operating_revenue": 520586, 
        "long_term_average": 142582, 
        "date": "2015-04-30", 
        "operating_revenue": 131486, 
        "short_term_average": 124790
    }, 
    {
        "accumulated_operating_revenue_yoy": -7.0438465987163035, 
        "accumulated_operating_revenue": 654178, 
        "long_term_average": 141670, 
        "date": "2015-05-31", 
        "operating_revenue": 133592, 
        "short_term_average": 134815
    }, 
    {
        "accumulated_operating_revenue_yoy": -7.934157791743498, 
        "accumulated_operating_revenue": 782869, 
        "long_term_average": 140179, 
        "date": "2015-06-30", 
        "operating_revenue": 128691, 
        "short_term_average": 131256
    }, 
    {
        "accumulated_operating_revenue_yoy": -5.309806652630901, 
        "accumulated_operating_revenue": 940891, 
        "long_term_average": 141404, 
        "date": "2015-07-31", 
        "operating_revenue": 158022, 
        "short_term_average": 140101
    }, 
    {
        "accumulated_operating_revenue_yoy": -5.357472750785147, 
        "accumulated_operating_revenue": 1086076, 
        "long_term_average": 140678, 
        "date": "2015-08-31", 
        "operating_revenue": 145185, 
        "short_term_average": 143966
    }
]