[
    {
        "date": "2011-09-30", 
        "operating_revenue": 209257, 
        "accumulated_operating_revenue": 209257, 
        "long_term_average": 209257, 
        "short_term_average": 209257
    }, 
    {
        "date": "2011-10-31", 
        "operating_revenue": 191483, 
        "accumulated_operating_revenue": 400740, 
        "long_term_average": 200370, 
        "short_term_average": 200370
    }, 
    {
        "date": "2011-11-30", 
        "operating_revenue": 200405, 
        "accumulated_operating_revenue": 601145, 
        "long_term_average": 200381, 
        "short_term_average": 200381
    }, 
    {
        "date": "2011-12-31", 
        "operating_revenue": 164886, 
        "accumulated_operating_revenue": 766031, 
        "long_term_average": 191507, 
        "short_term_average": 185591
    }, 
    {
        "date": "2012-01-31", 
        "operating_revenue": 162291, 
        "accumulated_operating_revenue": 162291, 
        "long_term_average": 185664, 
        "short_term_average": 175860
    }, 
    {
        "date": "2012-02-29", 
        "operating_revenue": 184822, 
        "accumulated_operating_revenue": 347113, 
        "long_term_average": 185524, 
        "short_term_average": 170666
    }, 
    {
        "date": "2012-03-31", 
        "operating_revenue": 242146, 
        "accumulated_operating_revenue": 589259, 
        "long_term_average": 193612, 
        "short_term_average": 196419
    }, 
    {
        "date": "2012-04-30", 
        "operating_revenue": 180990, 
        "accumulated_operating_revenue": 770249, 
        "long_term_average": 192035, 
        "short_term_average": 202652
    }, 
    {
        "date": "2012-05-31", 
        "operating_revenue": 220315, 
        "accumulated_operating_revenue": 990564, 
        "long_term_average": 195177, 
        "short_term_average": 214483
    }, 
    {
        "date": "2012-06-30", 
        "operating_revenue": 198035, 
        "accumulated_operating_revenue": 1188599, 
        "long_term_average": 195463, 
        "short_term_average": 199780
    }, 
    {
        "date": "2012-07-31", 
        "operating_revenue": 195857, 
        "accumulated_operating_revenue": 1384456, 
        "long_term_average": 195498, 
        "short_term_average": 204735
    }, 
    {
        "date": "2012-08-31", 
        "operating_revenue": 219717, 
        "accumulated_operating_revenue": 1604173, 
        "long_term_average": 197517, 
        "short_term_average": 204536
    }, 
    {
        "accumulated_operating_revenue_yoy": 755.1293385645403, 
        "accumulated_operating_revenue": 1789418, 
        "long_term_average": 195516, 
        "date": "2012-09-30", 
        "operating_revenue": 185245, 
        "short_term_average": 200273
    }, 
    {
        "accumulated_operating_revenue_yoy": 395.526525927035, 
        "accumulated_operating_revenue": 1985773, 
        "long_term_average": 195922, 
        "date": "2012-10-31", 
        "operating_revenue": 196355, 
        "short_term_average": 200439
    }, 
    {
        "accumulated_operating_revenue_yoy": 262.7653893819295, 
        "accumulated_operating_revenue": 2180746, 
        "long_term_average": 195469, 
        "date": "2012-11-30", 
        "operating_revenue": 194973, 
        "short_term_average": 192191
    }, 
    {
        "accumulated_operating_revenue_yoy": 206.3874699587876, 
        "accumulated_operating_revenue": 2347023, 
        "long_term_average": 195585, 
        "date": "2012-12-31", 
        "operating_revenue": 166277, 
        "short_term_average": 185868
    }, 
    {
        "accumulated_operating_revenue_yoy": 22.815189998213086, 
        "accumulated_operating_revenue": 199318, 
        "long_term_average": 198670, 
        "date": "2013-01-31", 
        "operating_revenue": 199318, 
        "short_term_average": 186856
    }, 
    {
        "accumulated_operating_revenue_yoy": -6.993399843854883, 
        "accumulated_operating_revenue": 322838, 
        "long_term_average": 193562, 
        "date": "2013-02-28", 
        "operating_revenue": 123520, 
        "short_term_average": 163038
    }, 
    {
        "accumulated_operating_revenue_yoy": -11.072889849794402, 
        "accumulated_operating_revenue": 524011, 
        "long_term_average": 190147, 
        "date": "2013-03-31", 
        "operating_revenue": 201173, 
        "short_term_average": 174670
    }, 
    {
        "accumulated_operating_revenue_yoy": -5.329185756813706, 
        "accumulated_operating_revenue": 729201, 
        "long_term_average": 192164, 
        "date": "2013-04-30", 
        "operating_revenue": 205190, 
        "short_term_average": 176627
    }, 
    {
        "accumulated_operating_revenue_yoy": -7.51168021450406, 
        "accumulated_operating_revenue": 916156, 
        "long_term_average": 189384, 
        "date": "2013-05-31", 
        "operating_revenue": 186955, 
        "short_term_average": 197772
    }, 
    {
        "accumulated_operating_revenue_yoy": -8.791610963832209, 
        "accumulated_operating_revenue": 1084102, 
        "long_term_average": 186877, 
        "date": "2013-06-30", 
        "operating_revenue": 167946, 
        "short_term_average": 186697
    }, 
    {
        "accumulated_operating_revenue_yoy": -7.8581045551465705, 
        "accumulated_operating_revenue": 1275664, 
        "long_term_average": 186519, 
        "date": "2013-07-31", 
        "operating_revenue": 191562, 
        "short_term_average": 182154
    }, 
    {
        "accumulated_operating_revenue_yoy": -8.976774948836566, 
        "accumulated_operating_revenue": 1460170, 
        "long_term_average": 183585, 
        "date": "2013-08-31", 
        "operating_revenue": 184506, 
        "short_term_average": 181338
    }, 
    {
        "accumulated_operating_revenue_yoy": -8.430227034711844, 
        "accumulated_operating_revenue": 1638566, 
        "long_term_average": 183014, 
        "date": "2013-09-30", 
        "operating_revenue": 178396, 
        "short_term_average": 184821
    }, 
    {
        "accumulated_operating_revenue_yoy": -9.673462173168836, 
        "accumulated_operating_revenue": 1793680, 
        "long_term_average": 179577, 
        "date": "2013-10-31", 
        "operating_revenue": 155114, 
        "short_term_average": 172672
    }, 
    {
        "accumulated_operating_revenue_yoy": -10.400752769923686, 
        "accumulated_operating_revenue": 1953932, 
        "long_term_average": 176684, 
        "date": "2013-11-30", 
        "operating_revenue": 160252, 
        "short_term_average": 164587
    }, 
    {
        "accumulated_operating_revenue_yoy": -9.824530905747409, 
        "accumulated_operating_revenue": 2116439, 
        "long_term_average": 176369, 
        "date": "2013-12-31", 
        "operating_revenue": 162507, 
        "short_term_average": 159291
    }, 
    {
        "accumulated_operating_revenue_yoy": -6.059161741538647, 
        "accumulated_operating_revenue": 187241, 
        "long_term_average": 175363, 
        "date": "2014-01-31", 
        "operating_revenue": 187241, 
        "short_term_average": 170000
    }, 
    {
        "accumulated_operating_revenue_yoy": 2.037864191947664, 
        "accumulated_operating_revenue": 329417, 
        "long_term_average": 176918, 
        "date": "2014-02-28", 
        "operating_revenue": 142176, 
        "short_term_average": 163974
    }, 
    {
        "accumulated_operating_revenue_yoy": -2.773415061897556, 
        "accumulated_operating_revenue": 509478, 
        "long_term_average": 175158, 
        "date": "2014-03-31", 
        "operating_revenue": 180061, 
        "short_term_average": 169826
    }, 
    {
        "accumulated_operating_revenue_yoy": -5.788390306650704, 
        "accumulated_operating_revenue": 686992, 
        "long_term_average": 172852, 
        "date": "2014-04-30", 
        "operating_revenue": 177514, 
        "short_term_average": 166583
    }, 
    {
        "accumulated_operating_revenue_yoy": -6.923165923707317, 
        "accumulated_operating_revenue": 852729, 
        "long_term_average": 171084, 
        "date": "2014-05-31", 
        "operating_revenue": 165737, 
        "short_term_average": 174437
    }, 
    {
        "accumulated_operating_revenue_yoy": -8.179396403659435, 
        "accumulated_operating_revenue": 995429, 
        "long_term_average": 168980, 
        "date": "2014-06-30", 
        "operating_revenue": 142700, 
        "short_term_average": 161983
    }, 
    {
        "accumulated_operating_revenue_yoy": -7.998422782174616, 
        "accumulated_operating_revenue": 1173631, 
        "long_term_average": 167867, 
        "date": "2014-07-31", 
        "operating_revenue": 178202, 
        "short_term_average": 162213
    }, 
    {
        "accumulated_operating_revenue_yoy": -8.174938534554196, 
        "accumulated_operating_revenue": 1340802, 
        "long_term_average": 166422, 
        "date": "2014-08-31", 
        "operating_revenue": 167171, 
        "short_term_average": 162691
    }, 
    {
        "accumulated_operating_revenue_yoy": -7.43662446309761, 
        "accumulated_operating_revenue": 1516712, 
        "long_term_average": 166215, 
        "date": "2014-09-30", 
        "operating_revenue": 175910, 
        "short_term_average": 173761
    }, 
    {
        "accumulated_operating_revenue_yoy": -4.831686811471388, 
        "accumulated_operating_revenue": 1707015, 
        "long_term_average": 169147, 
        "date": "2014-10-31", 
        "operating_revenue": 190303, 
        "short_term_average": 177794
    }, 
    {
        "accumulated_operating_revenue_yoy": -3.422637021145055, 
        "accumulated_operating_revenue": 1887056, 
        "long_term_average": 170796, 
        "date": "2014-11-30", 
        "operating_revenue": 180041, 
        "short_term_average": 182084
    }, 
    {
        "accumulated_operating_revenue_yoy": -3.4688927958708, 
        "accumulated_operating_revenue": 2043022, 
        "long_term_average": 170251, 
        "date": "2014-12-31", 
        "operating_revenue": 155966, 
        "short_term_average": 175436
    }, 
    {
        "accumulated_operating_revenue_yoy": 9.184954149999198, 
        "accumulated_operating_revenue": 204439, 
        "long_term_average": 171685, 
        "date": "2015-01-31", 
        "operating_revenue": 204439, 
        "short_term_average": 180148
    }, 
    {
        "accumulated_operating_revenue_yoy": 1.8799879787624805, 
        "accumulated_operating_revenue": 335610, 
        "long_term_average": 170767, 
        "date": "2015-02-28", 
        "operating_revenue": 131171, 
        "short_term_average": 163858
    }, 
    {
        "accumulated_operating_revenue_yoy": 2.2882244179336495, 
        "accumulated_operating_revenue": 521136, 
        "long_term_average": 171223, 
        "date": "2015-03-31", 
        "operating_revenue": 185526, 
        "short_term_average": 173712
    }, 
    {
        "accumulated_operating_revenue_yoy": 0.47264014719239816, 
        "accumulated_operating_revenue": 690239, 
        "long_term_average": 170522, 
        "date": "2015-04-30", 
        "operating_revenue": 169103, 
        "short_term_average": 161933
    }, 
    {
        "accumulated_operating_revenue_yoy": -0.6444016797833778, 
        "accumulated_operating_revenue": 847234, 
        "long_term_average": 169793, 
        "date": "2015-05-31", 
        "operating_revenue": 156995, 
        "short_term_average": 170541
    }, 
    {
        "accumulated_operating_revenue_yoy": 2.011896378345417, 
        "accumulated_operating_revenue": 1015456, 
        "long_term_average": 171920, 
        "date": "2015-06-30", 
        "operating_revenue": 168222, 
        "short_term_average": 164773
    }, 
    {
        "accumulated_operating_revenue_yoy": 3.535779133305102, 
        "accumulated_operating_revenue": 1215128, 
        "long_term_average": 173709, 
        "date": "2015-07-31", 
        "operating_revenue": 199672, 
        "short_term_average": 174963
    }, 
    {
        "accumulated_operating_revenue_yoy": 2.8118245647008284, 
        "accumulated_operating_revenue": 1378503, 
        "long_term_average": 173393, 
        "date": "2015-08-31", 
        "operating_revenue": 163375, 
        "short_term_average": 177089
    }, 
    {
        "accumulated_operating_revenue_yoy": 5.1111219532778795, 
        "accumulated_operating_revenue": 1594233, 
        "long_term_average": 176711, 
        "date": "2015-09-30", 
        "operating_revenue": 215730, 
        "short_term_average": 192925
    }
]