[
    {
        "date": "2012-01-31", 
        "operating_revenue": 22799, 
        "accumulated_operating_revenue": 22799, 
        "long_term_average": 22799, 
        "short_term_average": 22799
    }, 
    {
        "date": "2012-02-29", 
        "operating_revenue": 13976, 
        "accumulated_operating_revenue": 36775, 
        "long_term_average": 18387, 
        "short_term_average": 18387
    }, 
    {
        "date": "2012-03-31", 
        "operating_revenue": 35321, 
        "accumulated_operating_revenue": 72096, 
        "long_term_average": 24032, 
        "short_term_average": 24032
    }, 
    {
        "date": "2012-04-30", 
        "operating_revenue": 26988, 
        "accumulated_operating_revenue": 99084, 
        "long_term_average": 24771, 
        "short_term_average": 25428
    }, 
    {
        "date": "2012-05-31", 
        "operating_revenue": 28877, 
        "accumulated_operating_revenue": 127961, 
        "long_term_average": 25592, 
        "short_term_average": 30395
    }, 
    {
        "date": "2012-06-30", 
        "operating_revenue": 11492, 
        "accumulated_operating_revenue": 139453, 
        "long_term_average": 23242, 
        "short_term_average": 22452
    }, 
    {
        "date": "2012-07-31", 
        "operating_revenue": 16309, 
        "accumulated_operating_revenue": 155762, 
        "long_term_average": 22251, 
        "short_term_average": 18892
    }, 
    {
        "date": "2012-08-31", 
        "operating_revenue": 29183, 
        "accumulated_operating_revenue": 184945, 
        "long_term_average": 23118, 
        "short_term_average": 18994
    }, 
    {
        "date": "2012-09-30", 
        "operating_revenue": 23351, 
        "accumulated_operating_revenue": 208296, 
        "long_term_average": 23144, 
        "short_term_average": 22947
    }, 
    {
        "date": "2012-10-31", 
        "operating_revenue": 16070, 
        "accumulated_operating_revenue": 224366, 
        "long_term_average": 22436, 
        "short_term_average": 22868
    }, 
    {
        "date": "2012-11-30", 
        "operating_revenue": 29643, 
        "accumulated_operating_revenue": 254009, 
        "long_term_average": 23091, 
        "short_term_average": 23021
    }, 
    {
        "date": "2012-12-31", 
        "operating_revenue": 47464, 
        "accumulated_operating_revenue": 301473, 
        "long_term_average": 25122, 
        "short_term_average": 31059
    }, 
    {
        "accumulated_operating_revenue_yoy": 121.72463704548444, 
        "accumulated_operating_revenue": 50551, 
        "long_term_average": 27435, 
        "date": "2013-01-31", 
        "operating_revenue": 50551, 
        "short_term_average": 42552
    }, 
    {
        "accumulated_operating_revenue_yoy": 128.86471787899387, 
        "accumulated_operating_revenue": 84165, 
        "long_term_average": 29071, 
        "date": "2013-02-28", 
        "operating_revenue": 33614, 
        "short_term_average": 43876
    }, 
    {
        "accumulated_operating_revenue_yoy": 99.82939414114514, 
        "accumulated_operating_revenue": 144069, 
        "long_term_average": 31120, 
        "date": "2013-03-31", 
        "operating_revenue": 59904, 
        "short_term_average": 48023
    }, 
    {
        "accumulated_operating_revenue_yoy": 96.12450042388276, 
        "accumulated_operating_revenue": 194328, 
        "long_term_average": 33059, 
        "date": "2013-04-30", 
        "operating_revenue": 50259, 
        "short_term_average": 47925
    }, 
    {
        "accumulated_operating_revenue_yoy": 90.3884777393112, 
        "accumulated_operating_revenue": 243623, 
        "long_term_average": 34761, 
        "date": "2013-05-31", 
        "operating_revenue": 49295, 
        "short_term_average": 53152
    }, 
    {
        "accumulated_operating_revenue_yoy": 114.6407750281457, 
        "accumulated_operating_revenue": 299323, 
        "long_term_average": 38445, 
        "date": "2013-06-30", 
        "operating_revenue": 55700, 
        "short_term_average": 51751
    }, 
    {
        "accumulated_operating_revenue_yoy": 128.44596242986094, 
        "accumulated_operating_revenue": 355832, 
        "long_term_average": 41795, 
        "date": "2013-07-31", 
        "operating_revenue": 56509, 
        "short_term_average": 53834
    }, 
    {
        "accumulated_operating_revenue_yoy": 119.26626835005001, 
        "accumulated_operating_revenue": 405522, 
        "long_term_average": 43504, 
        "date": "2013-08-31", 
        "operating_revenue": 49690, 
        "short_term_average": 53966
    }, 
    {
        "accumulated_operating_revenue_yoy": 132.06110535007872, 
        "accumulated_operating_revenue": 483374, 
        "long_term_average": 48045, 
        "date": "2013-09-30", 
        "operating_revenue": 77852, 
        "short_term_average": 61350
    }, 
    {
        "accumulated_operating_revenue_yoy": 148.80151181551574, 
        "accumulated_operating_revenue": 558226, 
        "long_term_average": 52944, 
        "date": "2013-10-31", 
        "operating_revenue": 74852, 
        "short_term_average": 67464
    }, 
    {
        "accumulated_operating_revenue_yoy": 136.66287415012854, 
        "accumulated_operating_revenue": 601145, 
        "long_term_average": 54050, 
        "date": "2013-11-30", 
        "operating_revenue": 42919, 
        "short_term_average": 65207
    }, 
    {
        "accumulated_operating_revenue_yoy": 117.16704315145967, 
        "accumulated_operating_revenue": 654700, 
        "long_term_average": 54558, 
        "date": "2013-12-31", 
        "operating_revenue": 53555, 
        "short_term_average": 57108
    }, 
    {
        "accumulated_operating_revenue_yoy": -4.696247354157188, 
        "accumulated_operating_revenue": 48177, 
        "long_term_average": 54360, 
        "date": "2014-01-31", 
        "operating_revenue": 48177, 
        "short_term_average": 48217
    }, 
    {
        "accumulated_operating_revenue_yoy": 25.96091011703202, 
        "accumulated_operating_revenue": 106015, 
        "long_term_average": 56379, 
        "date": "2014-02-28", 
        "operating_revenue": 57838, 
        "short_term_average": 53190
    }, 
    {
        "accumulated_operating_revenue_yoy": 27.407700476854842, 
        "accumulated_operating_revenue": 183555, 
        "long_term_average": 57848, 
        "date": "2014-03-31", 
        "operating_revenue": 77540, 
        "short_term_average": 61185
    }, 
    {
        "accumulated_operating_revenue_yoy": 36.74560536824338, 
        "accumulated_operating_revenue": 265735, 
        "long_term_average": 60508, 
        "date": "2014-04-30", 
        "operating_revenue": 82180, 
        "short_term_average": 72519
    }, 
    {
        "accumulated_operating_revenue_yoy": 40.65010282280409, 
        "accumulated_operating_revenue": 342656, 
        "long_term_average": 62811, 
        "date": "2014-05-31", 
        "operating_revenue": 76921, 
        "short_term_average": 78880
    }, 
    {
        "accumulated_operating_revenue_yoy": 48.12727388139234, 
        "accumulated_operating_revenue": 443379, 
        "long_term_average": 66563, 
        "date": "2014-06-30", 
        "operating_revenue": 100723, 
        "short_term_average": 86608
    }, 
    {
        "accumulated_operating_revenue_yoy": 46.58940174014703, 
        "accumulated_operating_revenue": 521612, 
        "long_term_average": 68373, 
        "date": "2014-07-31", 
        "operating_revenue": 78233, 
        "short_term_average": 85292
    }, 
    {
        "accumulated_operating_revenue_yoy": 44.727782956288436, 
        "accumulated_operating_revenue": 586903, 
        "long_term_average": 69673, 
        "date": "2014-08-31", 
        "operating_revenue": 65291, 
        "short_term_average": 81415
    }, 
    {
        "accumulated_operating_revenue_yoy": 37.1772168134819, 
        "accumulated_operating_revenue": 663079, 
        "long_term_average": 69533, 
        "date": "2014-09-30", 
        "operating_revenue": 76176, 
        "short_term_average": 73233
    }, 
    {
        "accumulated_operating_revenue_yoy": 30.603017415885326, 
        "accumulated_operating_revenue": 729060, 
        "long_term_average": 68794, 
        "date": "2014-10-31", 
        "operating_revenue": 65981, 
        "short_term_average": 69149
    }, 
    {
        "accumulated_operating_revenue_yoy": 31.254356270117857, 
        "accumulated_operating_revenue": 789029, 
        "long_term_average": 70215, 
        "date": "2014-11-30", 
        "operating_revenue": 59969, 
        "short_term_average": 67375
    }, 
    {
        "accumulated_operating_revenue_yoy": 32.86192149075913, 
        "accumulated_operating_revenue": 869847, 
        "long_term_average": 72487, 
        "date": "2014-12-31", 
        "operating_revenue": 80818, 
        "short_term_average": 68922
    }, 
    {
        "accumulated_operating_revenue_yoy": 30.890258837204478, 
        "accumulated_operating_revenue": 63059, 
        "long_term_average": 73727, 
        "date": "2015-01-31", 
        "operating_revenue": 63059, 
        "short_term_average": 67948
    }, 
    {
        "accumulated_operating_revenue_yoy": 28.003584398434185, 
        "accumulated_operating_revenue": 135703, 
        "long_term_average": 74961, 
        "date": "2015-02-28", 
        "operating_revenue": 72644, 
        "short_term_average": 72173
    }, 
    {
        "accumulated_operating_revenue_yoy": 31.46686279316826, 
        "accumulated_operating_revenue": 241314, 
        "long_term_average": 77300, 
        "date": "2015-03-31", 
        "operating_revenue": 105611, 
        "short_term_average": 80438
    }, 
    {
        "accumulated_operating_revenue_yoy": 39.618040529098536, 
        "accumulated_operating_revenue": 371014, 
        "long_term_average": 81260, 
        "date": "2015-04-30", 
        "operating_revenue": 129700, 
        "short_term_average": 102651
    }, 
    {
        "accumulated_operating_revenue_yoy": 33.82984684348151, 
        "accumulated_operating_revenue": 458576, 
        "long_term_average": 82147, 
        "date": "2015-05-31", 
        "operating_revenue": 87562, 
        "short_term_average": 107624
    }, 
    {
        "accumulated_operating_revenue_yoy": 20.737337582519697, 
        "accumulated_operating_revenue": 535324, 
        "long_term_average": 80149, 
        "date": "2015-06-30", 
        "operating_revenue": 76748, 
        "short_term_average": 98003
    }, 
    {
        "accumulated_operating_revenue_yoy": 18.643551145295735, 
        "accumulated_operating_revenue": 618859, 
        "long_term_average": 80591, 
        "date": "2015-07-31", 
        "operating_revenue": 83535, 
        "short_term_average": 82615
    }, 
    {
        "accumulated_operating_revenue_yoy": 18.323641214987827, 
        "accumulated_operating_revenue": 694445, 
        "long_term_average": 81449, 
        "date": "2015-08-31", 
        "operating_revenue": 75586, 
        "short_term_average": 78623
    }, 
    {
        "accumulated_operating_revenue_yoy": 20.114345349498326, 
        "accumulated_operating_revenue": 796453, 
        "long_term_average": 83601, 
        "date": "2015-09-30", 
        "operating_revenue": 102008, 
        "short_term_average": 87043
    }
]