[
    {
        "date": "2011-10-31", 
        "operating_revenue": 333924, 
        "accumulated_operating_revenue": 333924, 
        "long_term_average": 333924, 
        "short_term_average": 333924
    }, 
    {
        "date": "2011-11-30", 
        "operating_revenue": 289482, 
        "accumulated_operating_revenue": 623406, 
        "long_term_average": 311703, 
        "short_term_average": 311703
    }, 
    {
        "date": "2011-12-31", 
        "operating_revenue": 314850, 
        "accumulated_operating_revenue": 938256, 
        "long_term_average": 312752, 
        "short_term_average": 312752
    }, 
    {
        "date": "2012-01-31", 
        "operating_revenue": 203308, 
        "accumulated_operating_revenue": 203308, 
        "long_term_average": 285391, 
        "short_term_average": 269213
    }, 
    {
        "date": "2012-02-29", 
        "operating_revenue": 210237, 
        "accumulated_operating_revenue": 413545, 
        "long_term_average": 270360, 
        "short_term_average": 242798
    }, 
    {
        "date": "2012-03-31", 
        "operating_revenue": 250825, 
        "accumulated_operating_revenue": 664370, 
        "long_term_average": 267104, 
        "short_term_average": 221456
    }, 
    {
        "date": "2012-04-30", 
        "operating_revenue": 239711, 
        "accumulated_operating_revenue": 904081, 
        "long_term_average": 263191, 
        "short_term_average": 233591
    }, 
    {
        "date": "2012-05-31", 
        "operating_revenue": 258116, 
        "accumulated_operating_revenue": 1162197, 
        "long_term_average": 262556, 
        "short_term_average": 249550
    }, 
    {
        "date": "2012-06-30", 
        "operating_revenue": 248101, 
        "accumulated_operating_revenue": 1410298, 
        "long_term_average": 260950, 
        "short_term_average": 248642
    }, 
    {
        "date": "2012-07-31", 
        "operating_revenue": 260861, 
        "accumulated_operating_revenue": 1671159, 
        "long_term_average": 260941, 
        "short_term_average": 255692
    }, 
    {
        "date": "2012-08-31", 
        "operating_revenue": 357566, 
        "accumulated_operating_revenue": 2028725, 
        "long_term_average": 269725, 
        "short_term_average": 288842
    }, 
    {
        "date": "2012-09-30", 
        "operating_revenue": 422430, 
        "accumulated_operating_revenue": 2451155, 
        "long_term_average": 282450, 
        "short_term_average": 346952
    }, 
    {
        "accumulated_operating_revenue_yoy": 743.6877852445467, 
        "accumulated_operating_revenue": 2817276, 
        "long_term_average": 285134, 
        "date": "2012-10-31", 
        "operating_revenue": 366121, 
        "short_term_average": 382039
    }, 
    {
        "accumulated_operating_revenue_yoy": 407.7426267953789, 
        "accumulated_operating_revenue": 3165298, 
        "long_term_average": 290012, 
        "date": "2012-11-30", 
        "operating_revenue": 348022, 
        "short_term_average": 378857
    }, 
    {
        "accumulated_operating_revenue_yoy": 274.0916125236609, 
        "accumulated_operating_revenue": 3509937, 
        "long_term_average": 292494, 
        "date": "2012-12-31", 
        "operating_revenue": 344639, 
        "short_term_average": 352927
    }, 
    {
        "accumulated_operating_revenue_yoy": 58.93324414189309, 
        "accumulated_operating_revenue": 323124, 
        "long_term_average": 302479, 
        "date": "2013-01-31", 
        "operating_revenue": 323124, 
        "short_term_average": 338595
    }, 
    {
        "accumulated_operating_revenue_yoy": 45.31913092891946, 
        "accumulated_operating_revenue": 600960, 
        "long_term_average": 308112, 
        "date": "2013-02-28", 
        "operating_revenue": 277836, 
        "short_term_average": 315199
    }, 
    {
        "accumulated_operating_revenue_yoy": 37.04351490886103, 
        "accumulated_operating_revenue": 910476, 
        "long_term_average": 313003, 
        "date": "2013-03-31", 
        "operating_revenue": 309516, 
        "short_term_average": 303492
    }, 
    {
        "accumulated_operating_revenue_yoy": 40.55444147150532, 
        "accumulated_operating_revenue": 1270726, 
        "long_term_average": 323048, 
        "date": "2013-04-30", 
        "operating_revenue": 360250, 
        "short_term_average": 315867
    }, 
    {
        "accumulated_operating_revenue_yoy": 45.51680997283593, 
        "accumulated_operating_revenue": 1691192, 
        "long_term_average": 336577, 
        "date": "2013-05-31", 
        "operating_revenue": 420466, 
        "short_term_average": 363410
    }, 
    {
        "accumulated_operating_revenue_yoy": 47.39395503645329, 
        "accumulated_operating_revenue": 2078694, 
        "long_term_average": 348194, 
        "date": "2013-06-30", 
        "operating_revenue": 387502, 
        "short_term_average": 389406
    }, 
    {
        "accumulated_operating_revenue_yoy": 49.17084490464402, 
        "accumulated_operating_revenue": 2492882, 
        "long_term_average": 360971, 
        "date": "2013-07-31", 
        "operating_revenue": 414188, 
        "short_term_average": 407385
    }, 
    {
        "accumulated_operating_revenue_yoy": 46.9292782412599, 
        "accumulated_operating_revenue": 2980791, 
        "long_term_average": 371833, 
        "date": "2013-08-31", 
        "operating_revenue": 487909, 
        "short_term_average": 429866
    }, 
    {
        "accumulated_operating_revenue_yoy": 39.910287191140505, 
        "accumulated_operating_revenue": 3429418, 
        "long_term_average": 374016, 
        "date": "2013-09-30", 
        "operating_revenue": 448627, 
        "short_term_average": 450241
    }, 
    {
        "accumulated_operating_revenue_yoy": 36.13873827058478, 
        "accumulated_operating_revenue": 3835404, 
        "long_term_average": 377338, 
        "date": "2013-10-31", 
        "operating_revenue": 405986, 
        "short_term_average": 447507
    }, 
    {
        "accumulated_operating_revenue_yoy": 33.527301378890705, 
        "accumulated_operating_revenue": 4226537, 
        "long_term_average": 380931, 
        "date": "2013-11-30", 
        "operating_revenue": 391133, 
        "short_term_average": 415248
    }, 
    {
        "accumulated_operating_revenue_yoy": 31.870742979147487, 
        "accumulated_operating_revenue": 4628580, 
        "long_term_average": 385715, 
        "date": "2013-12-31", 
        "operating_revenue": 402043, 
        "short_term_average": 399720
    }, 
    {
        "accumulated_operating_revenue_yoy": 31.94965400279769, 
        "accumulated_operating_revenue": 426361, 
        "long_term_average": 394318, 
        "date": "2014-01-31", 
        "operating_revenue": 426361, 
        "short_term_average": 406512
    }, 
    {
        "accumulated_operating_revenue_yoy": 34.27615814696486, 
        "accumulated_operating_revenue": 806946, 
        "long_term_average": 402880, 
        "date": "2014-02-28", 
        "operating_revenue": 380585, 
        "short_term_average": 402996
    }, 
    {
        "accumulated_operating_revenue_yoy": 31.62916979689745, 
        "accumulated_operating_revenue": 1198452, 
        "long_term_average": 409713, 
        "date": "2014-03-31", 
        "operating_revenue": 391506, 
        "short_term_average": 399484
    }, 
    {
        "accumulated_operating_revenue_yoy": 27.833065507434334, 
        "accumulated_operating_revenue": 1624408, 
        "long_term_average": 415188, 
        "date": "2014-04-30", 
        "operating_revenue": 425956, 
        "short_term_average": 399349
    }, 
    {
        "accumulated_operating_revenue_yoy": 21.83536819001036, 
        "accumulated_operating_revenue": 2060470, 
        "long_term_average": 416488, 
        "date": "2014-05-31", 
        "operating_revenue": 436062, 
        "short_term_average": 417841
    }, 
    {
        "accumulated_operating_revenue_yoy": 18.50002934534857, 
        "accumulated_operating_revenue": 2463253, 
        "long_term_average": 417761, 
        "date": "2014-06-30", 
        "operating_revenue": 402783, 
        "short_term_average": 421600
    }, 
    {
        "accumulated_operating_revenue_yoy": 14.827697420094493, 
        "accumulated_operating_revenue": 2862519, 
        "long_term_average": 416518, 
        "date": "2014-07-31", 
        "operating_revenue": 399266, 
        "short_term_average": 412703
    }, 
    {
        "accumulated_operating_revenue_yoy": 9.483858479175494, 
        "accumulated_operating_revenue": 3263485, 
        "long_term_average": 409272, 
        "date": "2014-08-31", 
        "operating_revenue": 400966, 
        "short_term_average": 401005
    }, 
    {
        "accumulated_operating_revenue_yoy": 6.494133990082282, 
        "accumulated_operating_revenue": 3652129, 
        "long_term_average": 404274, 
        "date": "2014-09-30", 
        "operating_revenue": 388644, 
        "short_term_average": 396292
    }, 
    {
        "accumulated_operating_revenue_yoy": 5.428893540289367, 
        "accumulated_operating_revenue": 4043624, 
        "long_term_average": 403066, 
        "date": "2014-10-31", 
        "operating_revenue": 391495, 
        "short_term_average": 393701
    }, 
    {
        "accumulated_operating_revenue_yoy": 3.9038342737801655, 
        "accumulated_operating_revenue": 4391534, 
        "long_term_average": 399464, 
        "date": "2014-11-30", 
        "operating_revenue": 347910, 
        "short_term_average": 376016
    }, 
    {
        "accumulated_operating_revenue_yoy": 2.603390240635357, 
        "accumulated_operating_revenue": 4749080, 
        "long_term_average": 395756, 
        "date": "2014-12-31", 
        "operating_revenue": 357546, 
        "short_term_average": 365650
    }, 
    {
        "accumulated_operating_revenue_yoy": -15.412995091014423, 
        "accumulated_operating_revenue": 360646, 
        "long_term_average": 390280, 
        "date": "2015-01-31", 
        "operating_revenue": 360646, 
        "short_term_average": 355367
    }, 
    {
        "accumulated_operating_revenue_yoy": -13.455175439248723, 
        "accumulated_operating_revenue": 698370, 
        "long_term_average": 386708, 
        "date": "2015-02-28", 
        "operating_revenue": 337724, 
        "short_term_average": 351972
    }, 
    {
        "accumulated_operating_revenue_yoy": -8.981753128202048, 
        "accumulated_operating_revenue": 1090810, 
        "long_term_average": 386786, 
        "date": "2015-03-31", 
        "operating_revenue": 392440, 
        "short_term_average": 363603
    }, 
    {
        "accumulated_operating_revenue_yoy": -10.607187356870934, 
        "accumulated_operating_revenue": 1452104, 
        "long_term_average": 381398, 
        "date": "2015-04-30", 
        "operating_revenue": 361294, 
        "short_term_average": 363819
    }, 
    {
        "accumulated_operating_revenue_yoy": -12.550388988920002, 
        "accumulated_operating_revenue": 1801873, 
        "long_term_average": 374206, 
        "date": "2015-05-31", 
        "operating_revenue": 349769, 
        "short_term_average": 367834
    }, 
    {
        "accumulated_operating_revenue_yoy": -11.687268827034819, 
        "accumulated_operating_revenue": 2175366, 
        "long_term_average": 371766, 
        "date": "2015-06-30", 
        "operating_revenue": 373493, 
        "short_term_average": 361518
    }, 
    {
        "accumulated_operating_revenue_yoy": -11.310038466120224, 
        "accumulated_operating_revenue": 2538767, 
        "long_term_average": 368777, 
        "date": "2015-07-31", 
        "operating_revenue": 363401, 
        "short_term_average": 362221
    }, 
    {
        "accumulated_operating_revenue_yoy": -11.397447820351557, 
        "accumulated_operating_revenue": 2891531, 
        "long_term_average": 364760, 
        "date": "2015-08-31", 
        "operating_revenue": 352764, 
        "short_term_average": 363219
    }, 
    {
        "accumulated_operating_revenue_yoy": -11.24051204105879, 
        "accumulated_operating_revenue": 3241611, 
        "long_term_average": 361546, 
        "date": "2015-09-30", 
        "operating_revenue": 350080, 
        "short_term_average": 355415
    }, 
    {
        "accumulated_operating_revenue_yoy": -10.716525572110562, 
        "accumulated_operating_revenue": 3610288, 
        "long_term_average": 359645, 
        "date": "2015-10-31", 
        "operating_revenue": 368677, 
        "short_term_average": 357173
    }
]