[
    {
        "date": "2012-01-31", 
        "operating_revenue": 21438, 
        "accumulated_operating_revenue": 21438, 
        "long_term_average": 21438, 
        "short_term_average": 21438
    }, 
    {
        "date": "2012-02-29", 
        "operating_revenue": 22091, 
        "accumulated_operating_revenue": 43529, 
        "long_term_average": 21764, 
        "short_term_average": 21764
    }, 
    {
        "date": "2012-03-31", 
        "operating_revenue": 24115, 
        "accumulated_operating_revenue": 67644, 
        "long_term_average": 22548, 
        "short_term_average": 22548
    }, 
    {
        "date": "2012-04-30", 
        "operating_revenue": 22146, 
        "accumulated_operating_revenue": 89790, 
        "long_term_average": 22447, 
        "short_term_average": 22784
    }, 
    {
        "date": "2012-05-31", 
        "operating_revenue": 20991, 
        "accumulated_operating_revenue": 110781, 
        "long_term_average": 22156, 
        "short_term_average": 22417
    }, 
    {
        "date": "2012-06-30", 
        "operating_revenue": 20247, 
        "accumulated_operating_revenue": 131028, 
        "long_term_average": 21838, 
        "short_term_average": 21128
    }, 
    {
        "date": "2012-07-31", 
        "operating_revenue": 20392, 
        "accumulated_operating_revenue": 151420, 
        "long_term_average": 21631, 
        "short_term_average": 20543
    }, 
    {
        "date": "2012-08-31", 
        "operating_revenue": 20557, 
        "accumulated_operating_revenue": 171977, 
        "long_term_average": 21497, 
        "short_term_average": 20398
    }, 
    {
        "date": "2012-09-30", 
        "operating_revenue": 20812, 
        "accumulated_operating_revenue": 192789, 
        "long_term_average": 21421, 
        "short_term_average": 20587
    }, 
    {
        "date": "2012-10-31", 
        "operating_revenue": 22565, 
        "accumulated_operating_revenue": 215354, 
        "long_term_average": 21535, 
        "short_term_average": 21311
    }, 
    {
        "date": "2012-11-30", 
        "operating_revenue": 23093, 
        "accumulated_operating_revenue": 238447, 
        "long_term_average": 21677, 
        "short_term_average": 22156
    }, 
    {
        "date": "2012-12-31", 
        "operating_revenue": 25181, 
        "accumulated_operating_revenue": 263628, 
        "long_term_average": 21969, 
        "short_term_average": 23613
    }, 
    {
        "accumulated_operating_revenue_yoy": 12.155984700065305, 
        "accumulated_operating_revenue": 24044, 
        "long_term_average": 22186, 
        "date": "2013-01-31", 
        "operating_revenue": 24044, 
        "short_term_average": 24106
    }, 
    {
        "accumulated_operating_revenue_yoy": 3.604493556020125, 
        "accumulated_operating_revenue": 45098, 
        "long_term_average": 22099, 
        "date": "2013-02-28", 
        "operating_revenue": 21054, 
        "short_term_average": 23426
    }, 
    {
        "accumulated_operating_revenue_yoy": 0.2247058127845781, 
        "accumulated_operating_revenue": 67796, 
        "long_term_average": 21981, 
        "date": "2013-03-31", 
        "operating_revenue": 22698, 
        "short_term_average": 22598
    }, 
    {
        "accumulated_operating_revenue_yoy": 0.48000890967813786, 
        "accumulated_operating_revenue": 90221, 
        "long_term_average": 22004, 
        "date": "2013-04-30", 
        "operating_revenue": 22425, 
        "short_term_average": 22059
    }, 
    {
        "accumulated_operating_revenue_yoy": 0.8133163629142182, 
        "accumulated_operating_revenue": 111682, 
        "long_term_average": 22044, 
        "date": "2013-05-31", 
        "operating_revenue": 21461, 
        "short_term_average": 22194
    }, 
    {
        "accumulated_operating_revenue_yoy": 2.500992154348689, 
        "accumulated_operating_revenue": 134305, 
        "long_term_average": 22242, 
        "date": "2013-06-30", 
        "operating_revenue": 22623, 
        "short_term_average": 22169
    }, 
    {
        "accumulated_operating_revenue_yoy": 2.58156122044644, 
        "accumulated_operating_revenue": 155329, 
        "long_term_average": 22294, 
        "date": "2013-07-31", 
        "operating_revenue": 21024, 
        "short_term_average": 21702
    }, 
    {
        "accumulated_operating_revenue_yoy": 2.674776278223251, 
        "accumulated_operating_revenue": 176577, 
        "long_term_average": 22352, 
        "date": "2013-08-31", 
        "operating_revenue": 21248, 
        "short_term_average": 21631
    }, 
    {
        "accumulated_operating_revenue_yoy": 3.198833958368994, 
        "accumulated_operating_revenue": 198956, 
        "long_term_average": 22482, 
        "date": "2013-09-30", 
        "operating_revenue": 22379, 
        "short_term_average": 21550
    }, 
    {
        "accumulated_operating_revenue_yoy": 2.453170129182648, 
        "accumulated_operating_revenue": 220637, 
        "long_term_average": 22409, 
        "date": "2013-10-31", 
        "operating_revenue": 21681, 
        "short_term_average": 21769
    }, 
    {
        "accumulated_operating_revenue_yoy": 1.6905224221734807, 
        "accumulated_operating_revenue": 242478, 
        "long_term_average": 22304, 
        "date": "2013-11-30", 
        "operating_revenue": 21841, 
        "short_term_average": 21967
    }, 
    {
        "accumulated_operating_revenue_yoy": 0.43697938003550457, 
        "accumulated_operating_revenue": 264780, 
        "long_term_average": 22065, 
        "date": "2013-12-31", 
        "operating_revenue": 22302, 
        "short_term_average": 21941
    }, 
    {
        "accumulated_operating_revenue_yoy": -12.319081683580103, 
        "accumulated_operating_revenue": 21082, 
        "long_term_average": 21818, 
        "date": "2014-01-31", 
        "operating_revenue": 21082, 
        "short_term_average": 21741
    }, 
    {
        "accumulated_operating_revenue_yoy": -6.144396647301432, 
        "accumulated_operating_revenue": 42327, 
        "long_term_average": 21834, 
        "date": "2014-02-28", 
        "operating_revenue": 21245, 
        "short_term_average": 21543
    }, 
    {
        "accumulated_operating_revenue_yoy": -5.57555017995162, 
        "accumulated_operating_revenue": 64016, 
        "long_term_average": 21750, 
        "date": "2014-03-31", 
        "operating_revenue": 21689, 
        "short_term_average": 21338
    }, 
    {
        "accumulated_operating_revenue_yoy": -2.4052049966194122, 
        "accumulated_operating_revenue": 88051, 
        "long_term_average": 21884, 
        "date": "2014-04-30", 
        "operating_revenue": 24035, 
        "short_term_average": 22323
    }, 
    {
        "accumulated_operating_revenue_yoy": 1.0377679482817286, 
        "accumulated_operating_revenue": 112841, 
        "long_term_average": 22161, 
        "date": "2014-05-31", 
        "operating_revenue": 24790, 
        "short_term_average": 23504
    }, 
    {
        "accumulated_operating_revenue_yoy": 1.5412680093816313, 
        "accumulated_operating_revenue": 136375, 
        "long_term_average": 22237, 
        "date": "2014-06-30", 
        "operating_revenue": 23534, 
        "short_term_average": 24119
    }, 
    {
        "accumulated_operating_revenue_yoy": 1.9925448564015735, 
        "accumulated_operating_revenue": 158424, 
        "long_term_average": 22322, 
        "date": "2014-07-31", 
        "operating_revenue": 22049, 
        "short_term_average": 23457
    }, 
    {
        "accumulated_operating_revenue_yoy": 2.860508446739949, 
        "accumulated_operating_revenue": 181628, 
        "long_term_average": 22485, 
        "date": "2014-08-31", 
        "operating_revenue": 23204, 
        "short_term_average": 22929
    }, 
    {
        "accumulated_operating_revenue_yoy": 2.042160075594604, 
        "accumulated_operating_revenue": 203019, 
        "long_term_average": 22403, 
        "date": "2014-09-30", 
        "operating_revenue": 21391, 
        "short_term_average": 22214
    }, 
    {
        "accumulated_operating_revenue_yoy": 2.5652995644429537, 
        "accumulated_operating_revenue": 226297, 
        "long_term_average": 22536, 
        "date": "2014-10-31", 
        "operating_revenue": 23278, 
        "short_term_average": 22624
    }, 
    {
        "accumulated_operating_revenue_yoy": 3.8028192248368926, 
        "accumulated_operating_revenue": 251699, 
        "long_term_average": 22833, 
        "date": "2014-11-30", 
        "operating_revenue": 25402, 
        "short_term_average": 23357
    }, 
    {
        "accumulated_operating_revenue_yoy": 3.648311806027646, 
        "accumulated_operating_revenue": 274440, 
        "long_term_average": 22870, 
        "date": "2014-12-31", 
        "operating_revenue": 22741, 
        "short_term_average": 23807
    }, 
    {
        "accumulated_operating_revenue_yoy": 4.634285172184803, 
        "accumulated_operating_revenue": 22059, 
        "long_term_average": 22951, 
        "date": "2015-01-31", 
        "operating_revenue": 22059, 
        "short_term_average": 23400
    }, 
    {
        "accumulated_operating_revenue_yoy": 7.149101046613272, 
        "accumulated_operating_revenue": 45353, 
        "long_term_average": 23122, 
        "date": "2015-02-28", 
        "operating_revenue": 23294, 
        "short_term_average": 22698
    }, 
    {
        "accumulated_operating_revenue_yoy": 10.044363909022744, 
        "accumulated_operating_revenue": 70446, 
        "long_term_average": 23405, 
        "date": "2015-03-31", 
        "operating_revenue": 25093, 
        "short_term_average": 23482
    }, 
    {
        "accumulated_operating_revenue_yoy": 10.675631168300189, 
        "accumulated_operating_revenue": 97451, 
        "long_term_average": 23653, 
        "date": "2015-04-30", 
        "operating_revenue": 27005, 
        "short_term_average": 25130
    }, 
    {
        "accumulated_operating_revenue_yoy": 8.801765315798336, 
        "accumulated_operating_revenue": 122773, 
        "long_term_average": 23697, 
        "date": "2015-05-31", 
        "operating_revenue": 25322, 
        "short_term_average": 25806
    }, 
    {
        "accumulated_operating_revenue_yoy": 7.939138405132907, 
        "accumulated_operating_revenue": 147202, 
        "long_term_average": 23772, 
        "date": "2015-06-30", 
        "operating_revenue": 24429, 
        "short_term_average": 25585
    }, 
    {
        "accumulated_operating_revenue_yoy": 6.174569509670252, 
        "accumulated_operating_revenue": 168206, 
        "long_term_average": 23685, 
        "date": "2015-07-31", 
        "operating_revenue": 21004, 
        "short_term_average": 23585
    }, 
    {
        "accumulated_operating_revenue_yoy": 3.092034267844165, 
        "accumulated_operating_revenue": 187244, 
        "long_term_average": 23338, 
        "date": "2015-08-31", 
        "operating_revenue": 19038, 
        "short_term_average": 21490
    }, 
    {
        "accumulated_operating_revenue_yoy": 1.5973874366438607, 
        "accumulated_operating_revenue": 206262, 
        "long_term_average": 23140, 
        "date": "2015-09-30", 
        "operating_revenue": 19018, 
        "short_term_average": 19686
    }
]