[
    {
        "date": "2011-09-30", 
        "operating_revenue": 85802, 
        "accumulated_operating_revenue": 85802, 
        "long_term_average": 85802, 
        "short_term_average": 85802
    }, 
    {
        "date": "2011-10-31", 
        "operating_revenue": 76206, 
        "accumulated_operating_revenue": 162008, 
        "long_term_average": 81004, 
        "short_term_average": 81004
    }, 
    {
        "date": "2011-11-30", 
        "operating_revenue": 71274, 
        "accumulated_operating_revenue": 233282, 
        "long_term_average": 77760, 
        "short_term_average": 77760
    }, 
    {
        "date": "2011-12-31", 
        "operating_revenue": 67867, 
        "accumulated_operating_revenue": 301149, 
        "long_term_average": 75287, 
        "short_term_average": 71782
    }, 
    {
        "date": "2012-01-31", 
        "operating_revenue": 55044, 
        "accumulated_operating_revenue": 55044, 
        "long_term_average": 71238, 
        "short_term_average": 64728
    }, 
    {
        "date": "2012-02-29", 
        "operating_revenue": 65969, 
        "accumulated_operating_revenue": 121013, 
        "long_term_average": 70360, 
        "short_term_average": 62960
    }, 
    {
        "date": "2012-03-31", 
        "operating_revenue": 75595, 
        "accumulated_operating_revenue": 196608, 
        "long_term_average": 71108, 
        "short_term_average": 65536
    }, 
    {
        "date": "2012-04-30", 
        "operating_revenue": 79852, 
        "accumulated_operating_revenue": 276460, 
        "long_term_average": 72201, 
        "short_term_average": 73805
    }, 
    {
        "date": "2012-05-31", 
        "operating_revenue": 75605, 
        "accumulated_operating_revenue": 352065, 
        "long_term_average": 72579, 
        "short_term_average": 77017
    }, 
    {
        "date": "2012-06-30", 
        "operating_revenue": 56719, 
        "accumulated_operating_revenue": 408784, 
        "long_term_average": 70993, 
        "short_term_average": 70725
    }, 
    {
        "date": "2012-07-31", 
        "operating_revenue": 68144, 
        "accumulated_operating_revenue": 476928, 
        "long_term_average": 70734, 
        "short_term_average": 66822
    }, 
    {
        "date": "2012-08-31", 
        "operating_revenue": 53954, 
        "accumulated_operating_revenue": 530882, 
        "long_term_average": 69335, 
        "short_term_average": 59605
    }, 
    {
        "accumulated_operating_revenue_yoy": 576.9084636721755, 
        "accumulated_operating_revenue": 580801, 
        "long_term_average": 66345, 
        "date": "2012-09-30", 
        "operating_revenue": 49919, 
        "short_term_average": 57339
    }, 
    {
        "accumulated_operating_revenue_yoy": 290.58997086563625, 
        "accumulated_operating_revenue": 632787, 
        "long_term_average": 64327, 
        "date": "2012-10-31", 
        "operating_revenue": 51986, 
        "short_term_average": 51953
    }, 
    {
        "accumulated_operating_revenue_yoy": 191.9123635771298, 
        "accumulated_operating_revenue": 680979, 
        "long_term_average": 62403, 
        "date": "2012-11-30", 
        "operating_revenue": 48192, 
        "short_term_average": 50032
    }, 
    {
        "accumulated_operating_revenue_yoy": 140.99731362216045, 
        "accumulated_operating_revenue": 725761, 
        "long_term_average": 60480, 
        "date": "2012-12-31", 
        "operating_revenue": 44782, 
        "short_term_average": 48320
    }, 
    {
        "accumulated_operating_revenue_yoy": 1.1027541603081172, 
        "accumulated_operating_revenue": 55651, 
        "long_term_average": 60530, 
        "date": "2013-01-31", 
        "operating_revenue": 55651, 
        "short_term_average": 49541
    }, 
    {
        "accumulated_operating_revenue_yoy": -19.64499681852363, 
        "accumulated_operating_revenue": 97240, 
        "long_term_average": 58499, 
        "date": "2013-02-28", 
        "operating_revenue": 41589, 
        "short_term_average": 47340
    }, 
    {
        "accumulated_operating_revenue_yoy": -20.257059733072914, 
        "accumulated_operating_revenue": 156781, 
        "long_term_average": 57161, 
        "date": "2013-03-31", 
        "operating_revenue": 59541, 
        "short_term_average": 52260
    }, 
    {
        "accumulated_operating_revenue_yoy": -24.734500470230774, 
        "accumulated_operating_revenue": 208079, 
        "long_term_average": 54781, 
        "date": "2013-04-30", 
        "operating_revenue": 51298, 
        "short_term_average": 50809
    }, 
    {
        "accumulated_operating_revenue_yoy": -25.01469899024328, 
        "accumulated_operating_revenue": 263997, 
        "long_term_average": 53141, 
        "date": "2013-05-31", 
        "operating_revenue": 55918, 
        "short_term_average": 55585
    }, 
    {
        "accumulated_operating_revenue_yoy": -25.383576656620612, 
        "accumulated_operating_revenue": 305020, 
        "long_term_average": 51833, 
        "date": "2013-06-30", 
        "operating_revenue": 41023, 
        "short_term_average": 49413
    }, 
    {
        "accumulated_operating_revenue_yoy": -24.78508286366076, 
        "accumulated_operating_revenue": 358721, 
        "long_term_average": 50629, 
        "date": "2013-07-31", 
        "operating_revenue": 53701, 
        "short_term_average": 50214
    }, 
    {
        "accumulated_operating_revenue_yoy": -22.32624198974537, 
        "accumulated_operating_revenue": 412356, 
        "long_term_average": 50602, 
        "date": "2013-08-31", 
        "operating_revenue": 53635, 
        "short_term_average": 49453
    }, 
    {
        "accumulated_operating_revenue_yoy": -20.83071482314941, 
        "accumulated_operating_revenue": 459816, 
        "long_term_average": 50398, 
        "date": "2013-09-30", 
        "operating_revenue": 47460, 
        "short_term_average": 51598
    }, 
    {
        "accumulated_operating_revenue_yoy": -18.302683209357966, 
        "accumulated_operating_revenue": 516970, 
        "long_term_average": 50828, 
        "date": "2013-10-31", 
        "operating_revenue": 57154, 
        "short_term_average": 52749
    }, 
    {
        "accumulated_operating_revenue_yoy": -15.160526242365771, 
        "accumulated_operating_revenue": 577739, 
        "long_term_average": 51876, 
        "date": "2013-11-30", 
        "operating_revenue": 60769, 
        "short_term_average": 55127
    }, 
    {
        "accumulated_operating_revenue_yoy": -3.9766534713218262, 
        "accumulated_operating_revenue": 696900, 
        "long_term_average": 58075, 
        "date": "2013-12-31", 
        "operating_revenue": 119161, 
        "short_term_average": 79028
    }, 
    {
        "accumulated_operating_revenue_yoy": 98.54450054805844, 
        "accumulated_operating_revenue": 110492, 
        "long_term_average": 62645, 
        "date": "2014-01-31", 
        "operating_revenue": 110492, 
        "short_term_average": 96807
    }, 
    {
        "accumulated_operating_revenue_yoy": 66.09111476758535, 
        "accumulated_operating_revenue": 161507, 
        "long_term_average": 63430, 
        "date": "2014-02-28", 
        "operating_revenue": 51015, 
        "short_term_average": 93556
    }, 
    {
        "accumulated_operating_revenue_yoy": 84.38777658007028, 
        "accumulated_operating_revenue": 289085, 
        "long_term_average": 69100, 
        "date": "2014-03-31", 
        "operating_revenue": 127578, 
        "short_term_average": 96361
    }, 
    {
        "accumulated_operating_revenue_yoy": 64.35584561632841, 
        "accumulated_operating_revenue": 341990, 
        "long_term_average": 69234, 
        "date": "2014-04-30", 
        "operating_revenue": 52905, 
        "short_term_average": 77166
    }, 
    {
        "accumulated_operating_revenue_yoy": 55.37411409978144, 
        "accumulated_operating_revenue": 410183, 
        "long_term_average": 70257, 
        "date": "2014-05-31", 
        "operating_revenue": 68193, 
        "short_term_average": 82892
    }, 
    {
        "accumulated_operating_revenue_yoy": 50.85830437348371, 
        "accumulated_operating_revenue": 460148, 
        "long_term_average": 71002, 
        "date": "2014-06-30", 
        "operating_revenue": 49965, 
        "short_term_average": 57021
    }, 
    {
        "accumulated_operating_revenue_yoy": 47.08896328901849, 
        "accumulated_operating_revenue": 527639, 
        "long_term_average": 72151, 
        "date": "2014-07-31", 
        "operating_revenue": 67491, 
        "short_term_average": 61883
    }, 
    {
        "accumulated_operating_revenue_yoy": 42.427417086207065, 
        "accumulated_operating_revenue": 587308, 
        "long_term_average": 72654, 
        "date": "2014-08-31", 
        "operating_revenue": 59669, 
        "short_term_average": 59041
    }, 
    {
        "accumulated_operating_revenue_yoy": 37.79272578596656, 
        "accumulated_operating_revenue": 633593, 
        "long_term_average": 72556, 
        "date": "2014-09-30", 
        "operating_revenue": 46285, 
        "short_term_average": 57815
    }, 
    {
        "accumulated_operating_revenue_yoy": 31.54631796816063, 
        "accumulated_operating_revenue": 680055, 
        "long_term_average": 71665, 
        "date": "2014-10-31", 
        "operating_revenue": 46462, 
        "short_term_average": 50805
    }, 
    {
        "accumulated_operating_revenue_yoy": 26.401714268899973, 
        "accumulated_operating_revenue": 730272, 
        "long_term_average": 70786, 
        "date": "2014-11-30", 
        "operating_revenue": 50217, 
        "short_term_average": 47654
    }, 
    {
        "accumulated_operating_revenue_yoy": 17.311091978763095, 
        "accumulated_operating_revenue": 817541, 
        "long_term_average": 68128, 
        "date": "2014-12-31", 
        "operating_revenue": 87269, 
        "short_term_average": 61316
    }, 
    {
        "accumulated_operating_revenue_yoy": -38.96752706078268, 
        "accumulated_operating_revenue": 67436, 
        "long_term_average": 64540, 
        "date": "2015-01-31", 
        "operating_revenue": 67436, 
        "short_term_average": 68307
    }, 
    {
        "accumulated_operating_revenue_yoy": -33.43879831833914, 
        "accumulated_operating_revenue": 107501, 
        "long_term_average": 63627, 
        "date": "2015-02-28", 
        "operating_revenue": 40065, 
        "short_term_average": 64923
    }, 
    {
        "accumulated_operating_revenue_yoy": -41.440406800767946, 
        "accumulated_operating_revenue": 169287, 
        "long_term_average": 58145, 
        "date": "2015-03-31", 
        "operating_revenue": 61786, 
        "short_term_average": 56429
    }, 
    {
        "accumulated_operating_revenue_yoy": -31.797420977221556, 
        "accumulated_operating_revenue": 233246, 
        "long_term_average": 59066, 
        "date": "2015-04-30", 
        "operating_revenue": 63959, 
        "short_term_average": 55270
    }, 
    {
        "accumulated_operating_revenue_yoy": -18.050967494996137, 
        "accumulated_operating_revenue": 336141, 
        "long_term_average": 61958, 
        "date": "2015-05-31", 
        "operating_revenue": 102895, 
        "short_term_average": 76213
    }, 
    {
        "accumulated_operating_revenue_yoy": -11.219216426019454, 
        "accumulated_operating_revenue": 408523, 
        "long_term_average": 63826, 
        "date": "2015-06-30", 
        "operating_revenue": 72382, 
        "short_term_average": 79745
    }, 
    {
        "accumulated_operating_revenue_yoy": -11.19439616859254, 
        "accumulated_operating_revenue": 468573, 
        "long_term_average": 63206, 
        "date": "2015-07-31", 
        "operating_revenue": 60050, 
        "short_term_average": 78442
    }, 
    {
        "accumulated_operating_revenue_yoy": -7.194691712014819, 
        "accumulated_operating_revenue": 545053, 
        "long_term_average": 64607, 
        "date": "2015-08-31", 
        "operating_revenue": 76480, 
        "short_term_average": 69637
    }, 
    {
        "accumulated_operating_revenue_yoy": -6.221659645860987, 
        "accumulated_operating_revenue": 594173, 
        "long_term_average": 64843, 
        "date": "2015-09-30", 
        "operating_revenue": 49120, 
        "short_term_average": 61883
    }
]