[
    {
        "date": "2011-09-30", 
        "operating_revenue": 336673, 
        "accumulated_operating_revenue": 336673, 
        "long_term_average": 336673, 
        "short_term_average": 336673
    }, 
    {
        "date": "2011-10-31", 
        "operating_revenue": 312598, 
        "accumulated_operating_revenue": 649271, 
        "long_term_average": 324635, 
        "short_term_average": 324635
    }, 
    {
        "date": "2011-11-30", 
        "operating_revenue": 267390, 
        "accumulated_operating_revenue": 916661, 
        "long_term_average": 305553, 
        "short_term_average": 305553
    }, 
    {
        "date": "2011-12-31", 
        "operating_revenue": 278561, 
        "accumulated_operating_revenue": 1195222, 
        "long_term_average": 298805, 
        "short_term_average": 286183
    }, 
    {
        "date": "2012-01-31", 
        "operating_revenue": 240516, 
        "accumulated_operating_revenue": 240516, 
        "long_term_average": 287147, 
        "short_term_average": 262155
    }, 
    {
        "date": "2012-02-29", 
        "operating_revenue": 235073, 
        "accumulated_operating_revenue": 475589, 
        "long_term_average": 278468, 
        "short_term_average": 251383
    }, 
    {
        "date": "2012-03-31", 
        "operating_revenue": 284501, 
        "accumulated_operating_revenue": 760090, 
        "long_term_average": 279330, 
        "short_term_average": 253363
    }, 
    {
        "date": "2012-04-30", 
        "operating_revenue": 227816, 
        "accumulated_operating_revenue": 987906, 
        "long_term_average": 272891, 
        "short_term_average": 249130
    }, 
    {
        "date": "2012-05-31", 
        "operating_revenue": 246859, 
        "accumulated_operating_revenue": 1234765, 
        "long_term_average": 269998, 
        "short_term_average": 253058
    }, 
    {
        "date": "2012-06-30", 
        "operating_revenue": 231027, 
        "accumulated_operating_revenue": 1465792, 
        "long_term_average": 266101, 
        "short_term_average": 235234
    }, 
    {
        "date": "2012-07-31", 
        "operating_revenue": 273095, 
        "accumulated_operating_revenue": 1738887, 
        "long_term_average": 266737, 
        "short_term_average": 250327
    }, 
    {
        "date": "2012-08-31", 
        "operating_revenue": 237288, 
        "accumulated_operating_revenue": 1976175, 
        "long_term_average": 264283, 
        "short_term_average": 247136
    }, 
    {
        "accumulated_operating_revenue_yoy": 559.3789819795469, 
        "accumulated_operating_revenue": 2219951, 
        "long_term_average": 256541, 
        "date": "2012-09-30", 
        "operating_revenue": 243776, 
        "short_term_average": 251386
    }, 
    {
        "accumulated_operating_revenue_yoy": 277.8408399574292, 
        "accumulated_operating_revenue": 2453211, 
        "long_term_average": 249930, 
        "date": "2012-10-31", 
        "operating_revenue": 233260, 
        "short_term_average": 238108
    }, 
    {
        "accumulated_operating_revenue_yoy": 192.42795319098335, 
        "accumulated_operating_revenue": 2680573, 
        "long_term_average": 246594, 
        "date": "2012-11-30", 
        "operating_revenue": 227362, 
        "short_term_average": 234799
    }, 
    {
        "accumulated_operating_revenue_yoy": 146.14883260180954, 
        "accumulated_operating_revenue": 2942025, 
        "long_term_average": 245168, 
        "date": "2012-12-31", 
        "operating_revenue": 261452, 
        "short_term_average": 240691
    }, 
    {
        "accumulated_operating_revenue_yoy": -5.5272830081990385, 
        "accumulated_operating_revenue": 227222, 
        "long_term_average": 244060, 
        "date": "2013-01-31", 
        "operating_revenue": 227222, 
        "short_term_average": 238678
    }, 
    {
        "accumulated_operating_revenue_yoy": -35.09122372468666, 
        "accumulated_operating_revenue": 308699, 
        "long_term_average": 231261, 
        "date": "2013-02-28", 
        "operating_revenue": 81477, 
        "short_term_average": 190050
    }, 
    {
        "accumulated_operating_revenue_yoy": -40.655843386967334, 
        "accumulated_operating_revenue": 451069, 
        "long_term_average": 219417, 
        "date": "2013-03-31", 
        "operating_revenue": 142370, 
        "short_term_average": 150356
    }, 
    {
        "accumulated_operating_revenue_yoy": -40.42327913789369, 
        "accumulated_operating_revenue": 588562, 
        "long_term_average": 211890, 
        "date": "2013-04-30", 
        "operating_revenue": 137493, 
        "short_term_average": 120446
    }, 
    {
        "accumulated_operating_revenue_yoy": -40.90600235672375, 
        "accumulated_operating_revenue": 729672, 
        "long_term_average": 203077, 
        "date": "2013-05-31", 
        "operating_revenue": 141110, 
        "short_term_average": 140324
    }, 
    {
        "accumulated_operating_revenue_yoy": -37.24873651923329, 
        "accumulated_operating_revenue": 919803, 
        "long_term_average": 199669, 
        "date": "2013-06-30", 
        "operating_revenue": 190131, 
        "short_term_average": 156244
    }, 
    {
        "accumulated_operating_revenue_yoy": -36.06485067747358, 
        "accumulated_operating_revenue": 1111760, 
        "long_term_average": 192908, 
        "date": "2013-07-31", 
        "operating_revenue": 191957, 
        "short_term_average": 174399
    }, 
    {
        "accumulated_operating_revenue_yoy": -33.70546636811011, 
        "accumulated_operating_revenue": 1310096, 
        "long_term_average": 189662, 
        "date": "2013-08-31", 
        "operating_revenue": 198336, 
        "short_term_average": 193474
    }, 
    {
        "accumulated_operating_revenue_yoy": -32.7119832825139, 
        "accumulated_operating_revenue": 1493761, 
        "long_term_average": 184652, 
        "date": "2013-09-30", 
        "operating_revenue": 183665, 
        "short_term_average": 191319
    }, 
    {
        "accumulated_operating_revenue_yoy": -31.348016945953688, 
        "accumulated_operating_revenue": 1684178, 
        "long_term_average": 181082, 
        "date": "2013-10-31", 
        "operating_revenue": 190417, 
        "short_term_average": 190806
    }, 
    {
        "accumulated_operating_revenue_yoy": -30.980726881901745, 
        "accumulated_operating_revenue": 1850112, 
        "long_term_average": 175963, 
        "date": "2013-11-30", 
        "operating_revenue": 165934, 
        "short_term_average": 180005
    }, 
    {
        "accumulated_operating_revenue_yoy": -29.22293318377648, 
        "accumulated_operating_revenue": 2082279, 
        "long_term_average": 173523, 
        "date": "2013-12-31", 
        "operating_revenue": 232167, 
        "short_term_average": 196172
    }, 
    {
        "accumulated_operating_revenue_yoy": -17.057767293659946, 
        "accumulated_operating_revenue": 188463, 
        "long_term_average": 170293, 
        "date": "2014-01-31", 
        "operating_revenue": 188463, 
        "short_term_average": 195521
    }, 
    {
        "accumulated_operating_revenue_yoy": 8.003913196997722, 
        "accumulated_operating_revenue": 333407, 
        "long_term_average": 175582, 
        "date": "2014-02-28", 
        "operating_revenue": 144944, 
        "short_term_average": 188524
    }, 
    {
        "accumulated_operating_revenue_yoy": 10.805220487331207, 
        "accumulated_operating_revenue": 499808, 
        "long_term_average": 177584, 
        "date": "2014-03-31", 
        "operating_revenue": 166401, 
        "short_term_average": 166602
    }, 
    {
        "accumulated_operating_revenue_yoy": 16.7458993275135, 
        "accumulated_operating_revenue": 687122, 
        "long_term_average": 181736, 
        "date": "2014-04-30", 
        "operating_revenue": 187314, 
        "short_term_average": 166219
    }, 
    {
        "accumulated_operating_revenue_yoy": 19.420369700358517, 
        "accumulated_operating_revenue": 871377, 
        "long_term_average": 185332, 
        "date": "2014-05-31", 
        "operating_revenue": 184255, 
        "short_term_average": 179323
    }, 
    {
        "accumulated_operating_revenue_yoy": 15.950371981826544, 
        "accumulated_operating_revenue": 1066515, 
        "long_term_average": 185749, 
        "date": "2014-06-30", 
        "operating_revenue": 195138, 
        "short_term_average": 188902
    }, 
    {
        "accumulated_operating_revenue_yoy": 13.401363603655463, 
        "accumulated_operating_revenue": 1260751, 
        "long_term_average": 185939, 
        "date": "2014-07-31", 
        "operating_revenue": 194236, 
        "short_term_average": 191209
    }, 
    {
        "accumulated_operating_revenue_yoy": 11.233985906376327, 
        "accumulated_operating_revenue": 1457272, 
        "long_term_average": 185787, 
        "date": "2014-08-31", 
        "operating_revenue": 196521, 
        "short_term_average": 195298
    }, 
    {
        "accumulated_operating_revenue_yoy": 10.10469546333048, 
        "accumulated_operating_revenue": 1644701, 
        "long_term_average": 186101, 
        "date": "2014-09-30", 
        "operating_revenue": 187429, 
        "short_term_average": 192728
    }, 
    {
        "accumulated_operating_revenue_yoy": 9.774976279229392, 
        "accumulated_operating_revenue": 1848806, 
        "long_term_average": 187242, 
        "date": "2014-10-31", 
        "operating_revenue": 204105, 
        "short_term_average": 196018
    }, 
    {
        "accumulated_operating_revenue_yoy": 9.446725387436004, 
        "accumulated_operating_revenue": 2024887, 
        "long_term_average": 188087, 
        "date": "2014-11-30", 
        "operating_revenue": 176081, 
        "short_term_average": 189205
    }, 
    {
        "accumulated_operating_revenue_yoy": 6.860992210938112, 
        "accumulated_operating_revenue": 2225144, 
        "long_term_average": 185428, 
        "date": "2014-12-31", 
        "operating_revenue": 200257, 
        "short_term_average": 193481
    }, 
    {
        "accumulated_operating_revenue_yoy": 7.143577253890684, 
        "accumulated_operating_revenue": 201926, 
        "long_term_average": 186550, 
        "date": "2015-01-31", 
        "operating_revenue": 201926, 
        "short_term_average": 192754
    }, 
    {
        "accumulated_operating_revenue_yoy": -10.947880518405432, 
        "accumulated_operating_revenue": 296906, 
        "long_term_average": 182386, 
        "date": "2015-02-28", 
        "operating_revenue": 94980, 
        "short_term_average": 165721
    }, 
    {
        "accumulated_operating_revenue_yoy": -4.905483705743005, 
        "accumulated_operating_revenue": 475290, 
        "long_term_average": 183385, 
        "date": "2015-03-31", 
        "operating_revenue": 178384, 
        "short_term_average": 158430
    }, 
    {
        "accumulated_operating_revenue_yoy": -5.145665544110071, 
        "accumulated_operating_revenue": 651765, 
        "long_term_average": 182482, 
        "date": "2015-04-30", 
        "operating_revenue": 176475, 
        "short_term_average": 149946
    }, 
    {
        "accumulated_operating_revenue_yoy": -10.385286735821579, 
        "accumulated_operating_revenue": 780882, 
        "long_term_average": 177887, 
        "date": "2015-05-31", 
        "operating_revenue": 129117, 
        "short_term_average": 161325
    }, 
    {
        "accumulated_operating_revenue_yoy": -17.84034917464827, 
        "accumulated_operating_revenue": 876245, 
        "long_term_average": 169572, 
        "date": "2015-06-30", 
        "operating_revenue": 95363, 
        "short_term_average": 133651
    }, 
    {
        "accumulated_operating_revenue_yoy": -22.574005493551066, 
        "accumulated_operating_revenue": 976149, 
        "long_term_average": 161711, 
        "date": "2015-07-31", 
        "operating_revenue": 99904, 
        "short_term_average": 108128
    }, 
    {
        "accumulated_operating_revenue_yoy": -24.800037330024868, 
        "accumulated_operating_revenue": 1095868, 
        "long_term_average": 155311, 
        "date": "2015-08-31", 
        "operating_revenue": 119719, 
        "short_term_average": 104995
    }, 
    {
        "accumulated_operating_revenue_yoy": -25.053611568303296, 
        "accumulated_operating_revenue": 1232644, 
        "long_term_average": 151090, 
        "date": "2015-09-30", 
        "operating_revenue": 136776, 
        "short_term_average": 118799
    }
]