[
    {
        "date": "2011-09-30", 
        "operating_revenue": 63321582, 
        "accumulated_operating_revenue": 63321582, 
        "long_term_average": 63321582, 
        "short_term_average": 63321582
    }, 
    {
        "date": "2011-10-31", 
        "operating_revenue": 62768416, 
        "accumulated_operating_revenue": 126089998, 
        "long_term_average": 63044999, 
        "short_term_average": 63044999
    }, 
    {
        "date": "2011-11-30", 
        "operating_revenue": 66097832, 
        "accumulated_operating_revenue": 192187830, 
        "long_term_average": 64062610, 
        "short_term_average": 64062610
    }, 
    {
        "date": "2011-12-31", 
        "operating_revenue": 66265265, 
        "accumulated_operating_revenue": 258453095, 
        "long_term_average": 64613273, 
        "short_term_average": 65043837
    }, 
    {
        "date": "2012-01-31", 
        "operating_revenue": 51483456, 
        "accumulated_operating_revenue": 51483456, 
        "long_term_average": 61987310, 
        "short_term_average": 61282184
    }, 
    {
        "date": "2012-02-29", 
        "operating_revenue": 56943668, 
        "accumulated_operating_revenue": 108427124, 
        "long_term_average": 61146703, 
        "short_term_average": 58230796
    }, 
    {
        "date": "2012-03-31", 
        "operating_revenue": 68543896, 
        "accumulated_operating_revenue": 176971020, 
        "long_term_average": 62203445, 
        "short_term_average": 58990340
    }, 
    {
        "date": "2012-04-30", 
        "operating_revenue": 52140746, 
        "accumulated_operating_revenue": 229111766, 
        "long_term_average": 60945607, 
        "short_term_average": 59209436
    }, 
    {
        "date": "2012-05-31", 
        "operating_revenue": 48328162, 
        "accumulated_operating_revenue": 277439928, 
        "long_term_average": 59543669, 
        "short_term_average": 56337601
    }, 
    {
        "date": "2012-06-30", 
        "operating_revenue": 58364964, 
        "accumulated_operating_revenue": 335804892, 
        "long_term_average": 59425798, 
        "short_term_average": 52944624
    }, 
    {
        "date": "2012-07-31", 
        "operating_revenue": 48837320, 
        "accumulated_operating_revenue": 384642212, 
        "long_term_average": 58463209, 
        "short_term_average": 51843482
    }, 
    {
        "date": "2012-08-31", 
        "operating_revenue": 46062191, 
        "accumulated_operating_revenue": 430704403, 
        "long_term_average": 57429791, 
        "short_term_average": 51088158
    }, 
    {
        "accumulated_operating_revenue_yoy": 672.4414086811665, 
        "accumulated_operating_revenue": 489122120, 
        "long_term_average": 57021136, 
        "date": "2012-09-30", 
        "operating_revenue": 58417717, 
        "short_term_average": 51105742
    }, 
    {
        "accumulated_operating_revenue_yoy": 331.87514841581645, 
        "accumulated_operating_revenue": 544551366, 
        "long_term_average": 56409538, 
        "date": "2012-10-31", 
        "operating_revenue": 55429246, 
        "short_term_average": 53303051
    }, 
    {
        "accumulated_operating_revenue_yoy": 213.45440135309298, 
        "accumulated_operating_revenue": 602421212, 
        "long_term_average": 55723873, 
        "date": "2012-11-30", 
        "operating_revenue": 57869846, 
        "short_term_average": 57238936
    }, 
    {
        "accumulated_operating_revenue_yoy": 154.52587983130942, 
        "accumulated_operating_revenue": 657830014, 
        "long_term_average": 54819167, 
        "date": "2012-12-31", 
        "operating_revenue": 55408802, 
        "short_term_average": 56235964
    }, 
    {
        "accumulated_operating_revenue_yoy": 2.8534078986461204, 
        "accumulated_operating_revenue": 52952489, 
        "long_term_average": 54941587, 
        "date": "2013-01-31", 
        "operating_revenue": 52952489, 
        "short_term_average": 55410379
    }, 
    {
        "accumulated_operating_revenue_yoy": -10.200332344884478, 
        "accumulated_operating_revenue": 97367197, 
        "long_term_average": 53897507, 
        "date": "2013-02-28", 
        "operating_revenue": 44414708, 
        "short_term_average": 50925333
    }, 
    {
        "accumulated_operating_revenue_yoy": -10.579807925614036, 
        "accumulated_operating_revenue": 158247826, 
        "long_term_average": 53258901, 
        "date": "2013-03-31", 
        "operating_revenue": 60880629, 
        "short_term_average": 52749275
    }, 
    {
        "accumulated_operating_revenue_yoy": -8.835361602511501, 
        "accumulated_operating_revenue": 208868913, 
        "long_term_average": 53132263, 
        "date": "2013-04-30", 
        "operating_revenue": 50621087, 
        "short_term_average": 51972141
    }, 
    {
        "accumulated_operating_revenue_yoy": -3.571119727222536, 
        "accumulated_operating_revenue": 267532216, 
        "long_term_average": 53993525, 
        "date": "2013-05-31", 
        "operating_revenue": 58663303, 
        "short_term_average": 56721673
    }, 
    {
        "accumulated_operating_revenue_yoy": -4.417923726971792, 
        "accumulated_operating_revenue": 320969288, 
        "long_term_average": 53582867, 
        "date": "2013-06-30", 
        "operating_revenue": 53437072, 
        "short_term_average": 54240487
    }, 
    {
        "accumulated_operating_revenue_yoy": -3.914355089035314, 
        "accumulated_operating_revenue": 369585950, 
        "long_term_average": 53564479, 
        "date": "2013-07-31", 
        "operating_revenue": 48616662, 
        "short_term_average": 53572345
    }, 
    {
        "accumulated_operating_revenue_yoy": -1.9259991173110902, 
        "accumulated_operating_revenue": 422409040, 
        "long_term_average": 54127887, 
        "date": "2013-08-31", 
        "operating_revenue": 52823090, 
        "short_term_average": 51625608
    }, 
    {
        "accumulated_operating_revenue_yoy": -1.662086351768348, 
        "accumulated_operating_revenue": 480992488, 
        "long_term_average": 54141698, 
        "date": "2013-09-30", 
        "operating_revenue": 58583448, 
        "short_term_average": 53341066
    }, 
    {
        "accumulated_operating_revenue_yoy": -3.2975596281949278, 
        "accumulated_operating_revenue": 526594460, 
        "long_term_average": 53322759, 
        "date": "2013-10-31", 
        "operating_revenue": 45601972, 
        "short_term_average": 52336170
    }, 
    {
        "accumulated_operating_revenue_yoy": -4.399810543191829, 
        "accumulated_operating_revenue": 575915820, 
        "long_term_average": 52610385, 
        "date": "2013-11-30", 
        "operating_revenue": 49321360, 
        "short_term_average": 51168926
    }, 
    {
        "accumulated_operating_revenue_yoy": -5.118656534878021, 
        "accumulated_operating_revenue": 624157955, 
        "long_term_average": 52013162, 
        "date": "2013-12-31", 
        "operating_revenue": 48242135, 
        "short_term_average": 47721822
    }, 
    {
        "accumulated_operating_revenue_yoy": -26.280630547886048, 
        "accumulated_operating_revenue": 39036241, 
        "long_term_average": 50853475, 
        "date": "2014-01-31", 
        "operating_revenue": 39036241, 
        "short_term_average": 45533245
    }, 
    {
        "accumulated_operating_revenue_yoy": -23.334863999422723, 
        "accumulated_operating_revenue": 74646694, 
        "long_term_average": 50119787, 
        "date": "2014-02-28", 
        "operating_revenue": 35610453, 
        "short_term_average": 40962943
    }, 
    {
        "accumulated_operating_revenue_yoy": -20.49374441327238, 
        "accumulated_operating_revenue": 125816921, 
        "long_term_average": 49310587, 
        "date": "2014-03-31", 
        "operating_revenue": 51170227, 
        "short_term_average": 41938973
    }, 
    {
        "accumulated_operating_revenue_yoy": -19.255635710614342, 
        "accumulated_operating_revenue": 168649876, 
        "long_term_average": 48661576, 
        "date": "2014-04-30", 
        "operating_revenue": 42832955, 
        "short_term_average": 43204545
    }, 
    {
        "accumulated_operating_revenue_yoy": -20.577113598909524, 
        "accumulated_operating_revenue": 212481808, 
        "long_term_average": 47425628, 
        "date": "2014-05-31", 
        "operating_revenue": 43831932, 
        "short_term_average": 45945038
    }, 
    {
        "accumulated_operating_revenue_yoy": -18.480960707991475, 
        "accumulated_operating_revenue": 261651080, 
        "long_term_average": 47069978, 
        "date": "2014-06-30", 
        "operating_revenue": 49169272, 
        "short_term_average": 45278053
    }, 
    {
        "accumulated_operating_revenue_yoy": -16.664500909734258, 
        "accumulated_operating_revenue": 307996296, 
        "long_term_average": 46880691, 
        "date": "2014-07-31", 
        "operating_revenue": 46345216, 
        "short_term_average": 46448806
    }, 
    {
        "accumulated_operating_revenue_yoy": -15.71980632800851, 
        "accumulated_operating_revenue": 356007157, 
        "long_term_average": 46479672, 
        "date": "2014-08-31", 
        "operating_revenue": 48010861, 
        "short_term_average": 47841783
    }, 
    {
        "accumulated_operating_revenue_yoy": -13.209339768316713, 
        "accumulated_operating_revenue": 417456556, 
        "long_term_average": 46718501, 
        "date": "2014-09-30", 
        "operating_revenue": 61449399, 
        "short_term_average": 51935158
    }, 
    {
        "accumulated_operating_revenue_yoy": -9.754529890041, 
        "accumulated_operating_revenue": 475227646, 
        "long_term_average": 47732595, 
        "date": "2014-10-31", 
        "operating_revenue": 57771090, 
        "short_term_average": 55743783
    }, 
    {
        "accumulated_operating_revenue_yoy": -7.6973311828801645, 
        "accumulated_operating_revenue": 531585672, 
        "long_term_average": 48318983, 
        "date": "2014-11-30", 
        "operating_revenue": 56358026, 
        "short_term_average": 58526171
    }, 
    {
        "accumulated_operating_revenue_yoy": -5.15386253468483, 
        "accumulated_operating_revenue": 591989712, 
        "long_term_average": 49332476, 
        "date": "2014-12-31", 
        "operating_revenue": 60404040, 
        "short_term_average": 58177718
    }, 
    {
        "accumulated_operating_revenue_yoy": 26.360880905515465, 
        "accumulated_operating_revenue": 49326538, 
        "long_term_average": 50190000, 
        "date": "2015-01-31", 
        "operating_revenue": 49326538, 
        "short_term_average": 55362868
    }, 
    {
        "accumulated_operating_revenue_yoy": 26.23132110847401, 
        "accumulated_operating_revenue": 94227508, 
        "long_term_average": 50964210, 
        "date": "2015-02-28", 
        "operating_revenue": 44900970, 
        "short_term_average": 51543849
    }, 
    {
        "accumulated_operating_revenue_yoy": 19.719086910416443, 
        "accumulated_operating_revenue": 150626869, 
        "long_term_average": 51399971, 
        "date": "2015-03-31", 
        "operating_revenue": 56399361, 
        "short_term_average": 50208956
    }, 
    {
        "accumulated_operating_revenue_yoy": 17.176534419746623, 
        "accumulated_operating_revenue": 197618080, 
        "long_term_average": 51746493, 
        "date": "2015-04-30", 
        "operating_revenue": 46991211, 
        "short_term_average": 49430514
    }, 
    {
        "accumulated_operating_revenue_yoy": 14.125896368502286, 
        "accumulated_operating_revenue": 242496768, 
        "long_term_average": 51833722, 
        "date": "2015-05-31", 
        "operating_revenue": 44878688, 
        "short_term_average": 49423086
    }, 
    {
        "accumulated_operating_revenue_yoy": 13.343654075496266, 
        "accumulated_operating_revenue": 296564895, 
        "long_term_average": 52241960, 
        "date": "2015-06-30", 
        "operating_revenue": 54068127, 
        "short_term_average": 48646008
    }, 
    {
        "accumulated_operating_revenue_yoy": 10.838895608017312, 
        "accumulated_operating_revenue": 341379693, 
        "long_term_average": 52114425, 
        "date": "2015-07-31", 
        "operating_revenue": 44814798, 
        "short_term_average": 47920537
    }, 
    {
        "accumulated_operating_revenue_yoy": 9.104784654652322, 
        "accumulated_operating_revenue": 388420842, 
        "long_term_average": 52033616, 
        "date": "2015-08-31", 
        "operating_revenue": 47041149, 
        "short_term_average": 48641358
    }
]