[
    {
        "date": "2012-01-31", 
        "operating_revenue": 102098, 
        "accumulated_operating_revenue": 102098, 
        "long_term_average": 102098, 
        "short_term_average": 102098
    }, 
    {
        "date": "2012-02-29", 
        "operating_revenue": 133629, 
        "accumulated_operating_revenue": 235727, 
        "long_term_average": 117863, 
        "short_term_average": 117863
    }, 
    {
        "date": "2012-03-31", 
        "operating_revenue": 206532, 
        "accumulated_operating_revenue": 442259, 
        "long_term_average": 147419, 
        "short_term_average": 147419
    }, 
    {
        "date": "2012-04-30", 
        "operating_revenue": 222108, 
        "accumulated_operating_revenue": 664367, 
        "long_term_average": 166091, 
        "short_term_average": 187423
    }, 
    {
        "date": "2012-05-31", 
        "operating_revenue": 255846, 
        "accumulated_operating_revenue": 920213, 
        "long_term_average": 184042, 
        "short_term_average": 228162
    }, 
    {
        "date": "2012-06-30", 
        "operating_revenue": 163920, 
        "accumulated_operating_revenue": 1084133, 
        "long_term_average": 180688, 
        "short_term_average": 213958
    }, 
    {
        "date": "2012-07-31", 
        "operating_revenue": 184126, 
        "accumulated_operating_revenue": 1268259, 
        "long_term_average": 181179, 
        "short_term_average": 201297
    }, 
    {
        "date": "2012-08-31", 
        "operating_revenue": 142510, 
        "accumulated_operating_revenue": 1410769, 
        "long_term_average": 176346, 
        "short_term_average": 163518
    }, 
    {
        "date": "2012-09-30", 
        "operating_revenue": 163695, 
        "accumulated_operating_revenue": 1574464, 
        "long_term_average": 174940, 
        "short_term_average": 163443
    }, 
    {
        "date": "2012-10-31", 
        "operating_revenue": 131992, 
        "accumulated_operating_revenue": 1706456, 
        "long_term_average": 170645, 
        "short_term_average": 146065
    }, 
    {
        "date": "2012-11-30", 
        "operating_revenue": 133851, 
        "accumulated_operating_revenue": 1840307, 
        "long_term_average": 167300, 
        "short_term_average": 143179
    }, 
    {
        "date": "2012-12-31", 
        "operating_revenue": 140370, 
        "accumulated_operating_revenue": 1980677, 
        "long_term_average": 165056, 
        "short_term_average": 135404
    }, 
    {
        "accumulated_operating_revenue_yoy": 62.05410487962546, 
        "accumulated_operating_revenue": 165454, 
        "long_term_average": 170336, 
        "date": "2013-01-31", 
        "operating_revenue": 165454, 
        "short_term_average": 146558
    }, 
    {
        "accumulated_operating_revenue_yoy": -2.942810963529846, 
        "accumulated_operating_revenue": 228790, 
        "long_term_average": 164478, 
        "date": "2013-02-28", 
        "operating_revenue": 63336, 
        "short_term_average": 123053
    }, 
    {
        "accumulated_operating_revenue_yoy": -21.939180434993975, 
        "accumulated_operating_revenue": 345231, 
        "long_term_average": 156970, 
        "date": "2013-03-31", 
        "operating_revenue": 116441, 
        "short_term_average": 115077
    }, 
    {
        "accumulated_operating_revenue_yoy": -30.240063097655362, 
        "accumulated_operating_revenue": 463462, 
        "long_term_average": 148314, 
        "date": "2013-04-30", 
        "operating_revenue": 118231, 
        "short_term_average": 99336
    }, 
    {
        "accumulated_operating_revenue_yoy": -39.439673206094675, 
        "accumulated_operating_revenue": 557284, 
        "long_term_average": 134812, 
        "date": "2013-05-31", 
        "operating_revenue": 93822, 
        "short_term_average": 109498
    }, 
    {
        "accumulated_operating_revenue_yoy": -41.390216882983914, 
        "accumulated_operating_revenue": 635408, 
        "long_term_average": 127662, 
        "date": "2013-06-30", 
        "operating_revenue": 78124, 
        "short_term_average": 96725
    }, 
    {
        "accumulated_operating_revenue_yoy": -45.1510298763896, 
        "accumulated_operating_revenue": 695627, 
        "long_term_average": 117337, 
        "date": "2013-07-31", 
        "operating_revenue": 60219, 
        "short_term_average": 77388
    }, 
    {
        "accumulated_operating_revenue_yoy": -46.39788654272953, 
        "accumulated_operating_revenue": 756202, 
        "long_term_average": 110509, 
        "date": "2013-08-31", 
        "operating_revenue": 60575, 
        "short_term_average": 66306
    }, 
    {
        "accumulated_operating_revenue_yoy": -47.923801369863014, 
        "accumulated_operating_revenue": 819921, 
        "long_term_average": 102177, 
        "date": "2013-09-30", 
        "operating_revenue": 63719, 
        "short_term_average": 61504
    }, 
    {
        "accumulated_operating_revenue_yoy": -46.42205834782731, 
        "accumulated_operating_revenue": 914284, 
        "long_term_average": 99042, 
        "date": "2013-10-31", 
        "operating_revenue": 94363, 
        "short_term_average": 72885
    }, 
    {
        "accumulated_operating_revenue_yoy": -47.560434210161674, 
        "accumulated_operating_revenue": 965049, 
        "long_term_average": 92118, 
        "date": "2013-11-30", 
        "operating_revenue": 50765, 
        "short_term_average": 69615
    }, 
    {
        "accumulated_operating_revenue_yoy": -49.15233528737901, 
        "accumulated_operating_revenue": 1007128, 
        "long_term_average": 83927, 
        "date": "2013-12-31", 
        "operating_revenue": 42079, 
        "short_term_average": 62402
    }, 
    {
        "accumulated_operating_revenue_yoy": -75.16046756198097, 
        "accumulated_operating_revenue": 41098, 
        "long_term_average": 73564, 
        "date": "2014-01-31", 
        "operating_revenue": 41098, 
        "short_term_average": 44647
    }, 
    {
        "accumulated_operating_revenue_yoy": -61.49088683945977, 
        "accumulated_operating_revenue": 88105, 
        "long_term_average": 72203, 
        "date": "2014-02-28", 
        "operating_revenue": 47007, 
        "short_term_average": 43394
    }, 
    {
        "accumulated_operating_revenue_yoy": -54.507271942554404, 
        "accumulated_operating_revenue": 157055, 
        "long_term_average": 68246, 
        "date": "2014-03-31", 
        "operating_revenue": 68950, 
        "short_term_average": 52351
    }, 
    {
        "accumulated_operating_revenue_yoy": -51.63573281088849, 
        "accumulated_operating_revenue": 224150, 
        "long_term_average": 63984, 
        "date": "2014-04-30", 
        "operating_revenue": 67095, 
        "short_term_average": 61017
    }, 
    {
        "accumulated_operating_revenue_yoy": -47.32219119874247, 
        "accumulated_operating_revenue": 293565, 
        "long_term_average": 61950, 
        "date": "2014-05-31", 
        "operating_revenue": 69415, 
        "short_term_average": 68486
    }, 
    {
        "accumulated_operating_revenue_yoy": -43.84364062145897, 
        "accumulated_operating_revenue": 356822, 
        "long_term_average": 60711, 
        "date": "2014-06-30", 
        "operating_revenue": 63257, 
        "short_term_average": 66589
    }, 
    {
        "accumulated_operating_revenue_yoy": -39.19025569737805, 
        "accumulated_operating_revenue": 423009, 
        "long_term_average": 61209, 
        "date": "2014-07-31", 
        "operating_revenue": 66187, 
        "short_term_average": 66286
    }, 
    {
        "accumulated_operating_revenue_yoy": -34.85021198039677, 
        "accumulated_operating_revenue": 492664, 
        "long_term_average": 61965, 
        "date": "2014-08-31", 
        "operating_revenue": 69655, 
        "short_term_average": 66366
    }, 
    {
        "accumulated_operating_revenue_yoy": -20.46721574395582, 
        "accumulated_operating_revenue": 652106, 
        "long_term_average": 69942, 
        "date": "2014-09-30", 
        "operating_revenue": 159442, 
        "short_term_average": 98428
    }, 
    {
        "accumulated_operating_revenue_yoy": -20.293584925471738, 
        "accumulated_operating_revenue": 728743, 
        "long_term_average": 68465, 
        "date": "2014-10-31", 
        "operating_revenue": 76637, 
        "short_term_average": 101911
    }, 
    {
        "accumulated_operating_revenue_yoy": -18.149751981505602, 
        "accumulated_operating_revenue": 789895, 
        "long_term_average": 69331, 
        "date": "2014-11-30", 
        "operating_revenue": 61152, 
        "short_term_average": 99077
    }, 
    {
        "accumulated_operating_revenue_yoy": -14.954305708906912, 
        "accumulated_operating_revenue": 856519, 
        "long_term_average": 71376, 
        "date": "2014-12-31", 
        "operating_revenue": 66624, 
        "short_term_average": 68137
    }, 
    {
        "accumulated_operating_revenue_yoy": 66.27329797070416, 
        "accumulated_operating_revenue": 68335, 
        "long_term_average": 73646, 
        "date": "2015-01-31", 
        "operating_revenue": 68335, 
        "short_term_average": 65370
    }, 
    {
        "accumulated_operating_revenue_yoy": 27.469496623347144, 
        "accumulated_operating_revenue": 112307, 
        "long_term_average": 73393, 
        "date": "2015-02-28", 
        "operating_revenue": 43972, 
        "short_term_average": 59643
    }, 
    {
        "accumulated_operating_revenue_yoy": 15.411161694947632, 
        "accumulated_operating_revenue": 181259, 
        "long_term_average": 73393, 
        "date": "2015-03-31", 
        "operating_revenue": 68952, 
        "short_term_average": 60419
    }, 
    {
        "accumulated_operating_revenue_yoy": 13.365603390586662, 
        "accumulated_operating_revenue": 254109, 
        "long_term_average": 73873, 
        "date": "2015-04-30", 
        "operating_revenue": 72850, 
        "short_term_average": 61924
    }, 
    {
        "accumulated_operating_revenue_yoy": 14.74017679219253, 
        "accumulated_operating_revenue": 336837, 
        "long_term_average": 74982, 
        "date": "2015-05-31", 
        "operating_revenue": 82728, 
        "short_term_average": 74843
    }, 
    {
        "accumulated_operating_revenue_yoy": 16.485250348913464, 
        "accumulated_operating_revenue": 415645, 
        "long_term_average": 76278, 
        "date": "2015-06-30", 
        "operating_revenue": 78808, 
        "short_term_average": 78128
    }, 
    {
        "accumulated_operating_revenue_yoy": 12.678453649922341, 
        "accumulated_operating_revenue": 476640, 
        "long_term_average": 75845, 
        "date": "2015-07-31", 
        "operating_revenue": 60995, 
        "short_term_average": 74177
    }, 
    {
        "accumulated_operating_revenue_yoy": 7.552002987837553, 
        "accumulated_operating_revenue": 529870, 
        "long_term_average": 74477, 
        "date": "2015-08-31", 
        "operating_revenue": 53230, 
        "short_term_average": 64344
    }
]