[
    {
        "date": "2012-01-31", 
        "operating_revenue": 160054, 
        "accumulated_operating_revenue": 160054, 
        "long_term_average": 160054, 
        "short_term_average": 160054
    }, 
    {
        "date": "2012-02-29", 
        "operating_revenue": 158663, 
        "accumulated_operating_revenue": 318717, 
        "long_term_average": 159358, 
        "short_term_average": 159358
    }, 
    {
        "date": "2012-03-31", 
        "operating_revenue": 173867, 
        "accumulated_operating_revenue": 492584, 
        "long_term_average": 164194, 
        "short_term_average": 164194
    }, 
    {
        "date": "2012-04-30", 
        "operating_revenue": 174794, 
        "accumulated_operating_revenue": 667378, 
        "long_term_average": 166844, 
        "short_term_average": 169108
    }, 
    {
        "date": "2012-05-31", 
        "operating_revenue": 159297, 
        "accumulated_operating_revenue": 826675, 
        "long_term_average": 165335, 
        "short_term_average": 169319
    }, 
    {
        "date": "2012-06-30", 
        "operating_revenue": 164575, 
        "accumulated_operating_revenue": 991250, 
        "long_term_average": 165208, 
        "short_term_average": 166222
    }, 
    {
        "date": "2012-07-31", 
        "operating_revenue": 186745, 
        "accumulated_operating_revenue": 1177995, 
        "long_term_average": 168285, 
        "short_term_average": 170205
    }, 
    {
        "date": "2012-08-31", 
        "operating_revenue": 205089, 
        "accumulated_operating_revenue": 1383084, 
        "long_term_average": 172885, 
        "short_term_average": 185469
    }, 
    {
        "date": "2012-09-30", 
        "operating_revenue": 211682, 
        "accumulated_operating_revenue": 1594766, 
        "long_term_average": 177196, 
        "short_term_average": 201172
    }, 
    {
        "date": "2012-10-31", 
        "operating_revenue": 201015, 
        "accumulated_operating_revenue": 1795781, 
        "long_term_average": 179578, 
        "short_term_average": 205928
    }, 
    {
        "date": "2012-11-30", 
        "operating_revenue": 219154, 
        "accumulated_operating_revenue": 2014935, 
        "long_term_average": 183175, 
        "short_term_average": 210617
    }, 
    {
        "date": "2012-12-31", 
        "operating_revenue": 168840, 
        "accumulated_operating_revenue": 2183775, 
        "long_term_average": 181981, 
        "short_term_average": 196336
    }, 
    {
        "accumulated_operating_revenue_yoy": -27.979306983892936, 
        "accumulated_operating_revenue": 115272, 
        "long_term_average": 178249, 
        "date": "2013-01-31", 
        "operating_revenue": 115272, 
        "short_term_average": 167755
    }, 
    {
        "accumulated_operating_revenue_yoy": -19.93210277456176, 
        "accumulated_operating_revenue": 255190, 
        "long_term_average": 176687, 
        "date": "2013-02-28", 
        "operating_revenue": 139918, 
        "short_term_average": 141343
    }, 
    {
        "accumulated_operating_revenue_yoy": -8.69861790070323, 
        "accumulated_operating_revenue": 449736, 
        "long_term_average": 178410, 
        "date": "2013-03-31", 
        "operating_revenue": 194546, 
        "short_term_average": 149912
    }, 
    {
        "accumulated_operating_revenue_yoy": -3.8105841067580895, 
        "accumulated_operating_revenue": 641947, 
        "long_term_average": 179862, 
        "date": "2013-04-30", 
        "operating_revenue": 192211, 
        "short_term_average": 175558
    }, 
    {
        "accumulated_operating_revenue_yoy": -4.081652402697554, 
        "accumulated_operating_revenue": 792933, 
        "long_term_average": 179169, 
        "date": "2013-05-31", 
        "operating_revenue": 150986, 
        "short_term_average": 179247
    }, 
    {
        "accumulated_operating_revenue_yoy": -5.562774274905422, 
        "accumulated_operating_revenue": 936109, 
        "long_term_average": 177386, 
        "date": "2013-06-30", 
        "operating_revenue": 143176, 
        "short_term_average": 162124
    }, 
    {
        "accumulated_operating_revenue_yoy": -6.161995594208804, 
        "accumulated_operating_revenue": 1105407, 
        "long_term_average": 175932, 
        "date": "2013-07-31", 
        "operating_revenue": 169298, 
        "short_term_average": 154486
    }, 
    {
        "accumulated_operating_revenue_yoy": -9.325463963143237, 
        "accumulated_operating_revenue": 1254105, 
        "long_term_average": 171233, 
        "date": "2013-08-31", 
        "operating_revenue": 148698, 
        "short_term_average": 153724
    }, 
    {
        "accumulated_operating_revenue_yoy": -11.16144939132136, 
        "accumulated_operating_revenue": 1416767, 
        "long_term_average": 167148, 
        "date": "2013-09-30", 
        "operating_revenue": 162662, 
        "short_term_average": 160219
    }, 
    {
        "accumulated_operating_revenue_yoy": -10.80621746192882, 
        "accumulated_operating_revenue": 1601725, 
        "long_term_average": 165809, 
        "date": "2013-10-31", 
        "operating_revenue": 184958, 
        "short_term_average": 165439
    }, 
    {
        "accumulated_operating_revenue_yoy": -9.263425371041746, 
        "accumulated_operating_revenue": 1828283, 
        "long_term_average": 166426, 
        "date": "2013-11-30", 
        "operating_revenue": 226558, 
        "short_term_average": 191392
    }, 
    {
        "accumulated_operating_revenue_yoy": -7.784959531087223, 
        "accumulated_operating_revenue": 2013769, 
        "long_term_average": 167814, 
        "date": "2013-12-31", 
        "operating_revenue": 185486, 
        "short_term_average": 199000
    }, 
    {
        "accumulated_operating_revenue_yoy": 47.56315497258658, 
        "accumulated_operating_revenue": 170099, 
        "long_term_average": 172383, 
        "date": "2014-01-31", 
        "operating_revenue": 170099, 
        "short_term_average": 194047
    }, 
    {
        "accumulated_operating_revenue_yoy": 33.880637956032764, 
        "accumulated_operating_revenue": 341650, 
        "long_term_average": 175019, 
        "date": "2014-02-28", 
        "operating_revenue": 171551, 
        "short_term_average": 175712
    }, 
    {
        "accumulated_operating_revenue_yoy": 15.527998648095773, 
        "accumulated_operating_revenue": 519571, 
        "long_term_average": 173633, 
        "date": "2014-03-31", 
        "operating_revenue": 177921, 
        "short_term_average": 173190
    }, 
    {
        "accumulated_operating_revenue_yoy": 13.56965606194904, 
        "accumulated_operating_revenue": 729057, 
        "long_term_average": 175073, 
        "date": "2014-04-30", 
        "operating_revenue": 209486, 
        "short_term_average": 186319
    }, 
    {
        "accumulated_operating_revenue_yoy": 16.738236395761056, 
        "accumulated_operating_revenue": 925656, 
        "long_term_average": 178874, 
        "date": "2014-05-31", 
        "operating_revenue": 196599, 
        "short_term_average": 194668
    }, 
    {
        "accumulated_operating_revenue_yoy": 18.764588311831208, 
        "accumulated_operating_revenue": 1111766, 
        "long_term_average": 182452, 
        "date": "2014-06-30", 
        "operating_revenue": 186110, 
        "short_term_average": 197398
    }, 
    {
        "accumulated_operating_revenue_yoy": 14.76551170745255, 
        "accumulated_operating_revenue": 1268626, 
        "long_term_average": 181415, 
        "date": "2014-07-31", 
        "operating_revenue": 156860, 
        "short_term_average": 179856
    }, 
    {
        "accumulated_operating_revenue_yoy": 15.76486817292013, 
        "accumulated_operating_revenue": 1451813, 
        "long_term_average": 184289, 
        "date": "2014-08-31", 
        "operating_revenue": 183187, 
        "short_term_average": 175385
    }, 
    {
        "accumulated_operating_revenue_yoy": 18.261012572991888, 
        "accumulated_operating_revenue": 1675483, 
        "long_term_average": 189373, 
        "date": "2014-09-30", 
        "operating_revenue": 223670, 
        "short_term_average": 187905
    }, 
    {
        "accumulated_operating_revenue_yoy": 18.400724219201173, 
        "accumulated_operating_revenue": 1896454, 
        "long_term_average": 192374, 
        "date": "2014-10-31", 
        "operating_revenue": 220971, 
        "short_term_average": 209276
    }, 
    {
        "accumulated_operating_revenue_yoy": 17.031225472205342, 
        "accumulated_operating_revenue": 2139662, 
        "long_term_average": 193762, 
        "date": "2014-11-30", 
        "operating_revenue": 243208, 
        "short_term_average": 229283
    }, 
    {
        "accumulated_operating_revenue_yoy": 19.457296244008127, 
        "accumulated_operating_revenue": 2405594, 
        "long_term_average": 200466, 
        "date": "2014-12-31", 
        "operating_revenue": 265932, 
        "short_term_average": 243370
    }, 
    {
        "accumulated_operating_revenue_yoy": 54.008547963244936, 
        "accumulated_operating_revenue": 261967, 
        "long_term_average": 208121, 
        "date": "2015-01-31", 
        "operating_revenue": 261967, 
        "short_term_average": 257035
    }, 
    {
        "accumulated_operating_revenue_yoy": 38.102736718864335, 
        "accumulated_operating_revenue": 471828, 
        "long_term_average": 211314, 
        "date": "2015-02-28", 
        "operating_revenue": 209861, 
        "short_term_average": 245920
    }, 
    {
        "accumulated_operating_revenue_yoy": 40.317685167186006, 
        "accumulated_operating_revenue": 729050, 
        "long_term_average": 217922, 
        "date": "2015-03-31", 
        "operating_revenue": 257222, 
        "short_term_average": 243016
    }, 
    {
        "accumulated_operating_revenue_yoy": 39.64285371376998, 
        "accumulated_operating_revenue": 1018076, 
        "long_term_average": 224551, 
        "date": "2015-04-30", 
        "operating_revenue": 289026, 
        "short_term_average": 252036
    }, 
    {
        "accumulated_operating_revenue_yoy": 44.849166428997385, 
        "accumulated_operating_revenue": 1340805, 
        "long_term_average": 235061, 
        "date": "2015-05-31", 
        "operating_revenue": 322729, 
        "short_term_average": 289659
    }, 
    {
        "accumulated_operating_revenue_yoy": 51.94870143537399, 
        "accumulated_operating_revenue": 1689314, 
        "long_term_average": 248595, 
        "date": "2015-06-30", 
        "operating_revenue": 348509, 
        "short_term_average": 320088
    }, 
    {
        "accumulated_operating_revenue_yoy": 63.00525135067387, 
        "accumulated_operating_revenue": 2067927, 
        "long_term_average": 267074, 
        "date": "2015-07-31", 
        "operating_revenue": 378613, 
        "short_term_average": 349950
    }, 
    {
        "accumulated_operating_revenue_yoy": 72.64985228813904, 
        "accumulated_operating_revenue": 2506553, 
        "long_term_average": 288361, 
        "date": "2015-08-31", 
        "operating_revenue": 438626, 
        "short_term_average": 388582
    }, 
    {
        "accumulated_operating_revenue_yoy": 76.40059612660947, 
        "accumulated_operating_revenue": 2955562, 
        "long_term_average": 307139, 
        "date": "2015-09-30", 
        "operating_revenue": 449009, 
        "short_term_average": 422082
    }
]