[
    {
        "date": "2012-01-31", 
        "operating_revenue": 79497, 
        "accumulated_operating_revenue": 79497, 
        "long_term_average": 79497, 
        "short_term_average": 79497
    }, 
    {
        "date": "2012-02-29", 
        "operating_revenue": 81175, 
        "accumulated_operating_revenue": 160672, 
        "long_term_average": 80336, 
        "short_term_average": 80336
    }, 
    {
        "date": "2012-03-31", 
        "operating_revenue": 94363, 
        "accumulated_operating_revenue": 255035, 
        "long_term_average": 85011, 
        "short_term_average": 85011
    }, 
    {
        "date": "2012-04-30", 
        "operating_revenue": 103112, 
        "accumulated_operating_revenue": 358147, 
        "long_term_average": 89536, 
        "short_term_average": 92883
    }, 
    {
        "date": "2012-05-31", 
        "operating_revenue": 141507, 
        "accumulated_operating_revenue": 499654, 
        "long_term_average": 99930, 
        "short_term_average": 112994
    }, 
    {
        "date": "2012-06-30", 
        "operating_revenue": 140509, 
        "accumulated_operating_revenue": 640163, 
        "long_term_average": 106693, 
        "short_term_average": 128376
    }, 
    {
        "date": "2012-07-31", 
        "operating_revenue": 136360, 
        "accumulated_operating_revenue": 776523, 
        "long_term_average": 110931, 
        "short_term_average": 139458
    }, 
    {
        "date": "2012-08-31", 
        "operating_revenue": 149846, 
        "accumulated_operating_revenue": 926369, 
        "long_term_average": 115796, 
        "short_term_average": 142238
    }, 
    {
        "date": "2012-09-30", 
        "operating_revenue": 135611, 
        "accumulated_operating_revenue": 1061980, 
        "long_term_average": 117997, 
        "short_term_average": 140605
    }, 
    {
        "date": "2012-10-31", 
        "operating_revenue": 132491, 
        "accumulated_operating_revenue": 1194471, 
        "long_term_average": 119447, 
        "short_term_average": 139316
    }, 
    {
        "date": "2012-11-30", 
        "operating_revenue": 135506, 
        "accumulated_operating_revenue": 1329977, 
        "long_term_average": 120907, 
        "short_term_average": 134536
    }, 
    {
        "date": "2012-12-31", 
        "operating_revenue": 141510, 
        "accumulated_operating_revenue": 1471487, 
        "long_term_average": 122623, 
        "short_term_average": 136502
    }, 
    {
        "accumulated_operating_revenue_yoy": 71.03538498308112, 
        "accumulated_operating_revenue": 135968, 
        "long_term_average": 127329, 
        "date": "2013-01-31", 
        "operating_revenue": 135968, 
        "short_term_average": 137661
    }, 
    {
        "accumulated_operating_revenue_yoy": 37.79314379605656, 
        "accumulated_operating_revenue": 221395, 
        "long_term_average": 127684, 
        "date": "2013-02-28", 
        "operating_revenue": 85427, 
        "short_term_average": 120968
    }, 
    {
        "accumulated_operating_revenue_yoy": 34.694453702432995, 
        "accumulated_operating_revenue": 343518, 
        "long_term_average": 129997, 
        "date": "2013-03-31", 
        "operating_revenue": 122123, 
        "short_term_average": 114506
    }, 
    {
        "accumulated_operating_revenue_yoy": 33.296383887063136, 
        "accumulated_operating_revenue": 477397, 
        "long_term_average": 132561, 
        "date": "2013-04-30", 
        "operating_revenue": 133879, 
        "short_term_average": 113809
    }, 
    {
        "accumulated_operating_revenue_yoy": 24.648256593562746, 
        "accumulated_operating_revenue": 622810, 
        "long_term_average": 132886, 
        "date": "2013-05-31", 
        "operating_revenue": 145413, 
        "short_term_average": 133805
    }, 
    {
        "accumulated_operating_revenue_yoy": 16.96130516759013, 
        "accumulated_operating_revenue": 748743, 
        "long_term_average": 131672, 
        "date": "2013-06-30", 
        "operating_revenue": 125933, 
        "short_term_average": 135075
    }, 
    {
        "accumulated_operating_revenue_yoy": 15.448995071620544, 
        "accumulated_operating_revenue": 896488, 
        "long_term_average": 132621, 
        "date": "2013-07-31", 
        "operating_revenue": 147745, 
        "short_term_average": 139697
    }, 
    {
        "accumulated_operating_revenue_yoy": 12.041206042084742, 
        "accumulated_operating_revenue": 1037915, 
        "long_term_average": 131919, 
        "date": "2013-08-31", 
        "operating_revenue": 141427, 
        "short_term_average": 138368
    }, 
    {
        "accumulated_operating_revenue_yoy": 10.357822181208686, 
        "accumulated_operating_revenue": 1171978, 
        "long_term_average": 131790, 
        "date": "2013-09-30", 
        "operating_revenue": 134063, 
        "short_term_average": 141078
    }, 
    {
        "accumulated_operating_revenue_yoy": 9.739709042747794, 
        "accumulated_operating_revenue": 1310809, 
        "long_term_average": 132318, 
        "date": "2013-10-31", 
        "operating_revenue": 138831, 
        "short_term_average": 138107
    }, 
    {
        "accumulated_operating_revenue_yoy": 8.14405061140155, 
        "accumulated_operating_revenue": 1438291, 
        "long_term_average": 131650, 
        "date": "2013-11-30", 
        "operating_revenue": 127482, 
        "short_term_average": 133458
    }, 
    {
        "accumulated_operating_revenue_yoy": 6.464141375357037, 
        "accumulated_operating_revenue": 1566606, 
        "long_term_average": 130550, 
        "date": "2013-12-31", 
        "operating_revenue": 128315, 
        "short_term_average": 131542
    }, 
    {
        "accumulated_operating_revenue_yoy": 14.38794422216992, 
        "accumulated_operating_revenue": 155531, 
        "long_term_average": 132180, 
        "date": "2014-01-31", 
        "operating_revenue": 155531, 
        "short_term_average": 137109
    }, 
    {
        "accumulated_operating_revenue_yoy": 22.54567627995212, 
        "accumulated_operating_revenue": 271310, 
        "long_term_average": 134710, 
        "date": "2014-02-28", 
        "operating_revenue": 115779, 
        "short_term_average": 133208
    }, 
    {
        "accumulated_operating_revenue_yoy": 20.599793897263023, 
        "accumulated_operating_revenue": 414282, 
        "long_term_average": 136447, 
        "date": "2014-03-31", 
        "operating_revenue": 142972, 
        "short_term_average": 138094
    }, 
    {
        "accumulated_operating_revenue_yoy": 22.44777407482661, 
        "accumulated_operating_revenue": 584562, 
        "long_term_average": 139480, 
        "date": "2014-04-30", 
        "operating_revenue": 170280, 
        "short_term_average": 143010
    }, 
    {
        "accumulated_operating_revenue_yoy": 19.000979431929483, 
        "accumulated_operating_revenue": 741150, 
        "long_term_average": 140412, 
        "date": "2014-05-31", 
        "operating_revenue": 156588, 
        "short_term_average": 156613
    }, 
    {
        "accumulated_operating_revenue_yoy": 19.84392508510931, 
        "accumulated_operating_revenue": 897323, 
        "long_term_average": 142932, 
        "date": "2014-06-30", 
        "operating_revenue": 156173, 
        "short_term_average": 161013
    }, 
    {
        "accumulated_operating_revenue_yoy": 18.516589179107807, 
        "accumulated_operating_revenue": 1062487, 
        "long_term_average": 144383, 
        "date": "2014-07-31", 
        "operating_revenue": 165164, 
        "short_term_average": 159308
    }, 
    {
        "accumulated_operating_revenue_yoy": 17.558952322685386, 
        "accumulated_operating_revenue": 1220162, 
        "long_term_average": 145737, 
        "date": "2014-08-31", 
        "operating_revenue": 157675, 
        "short_term_average": 159670
    }, 
    {
        "accumulated_operating_revenue_yoy": 17.438296623315455, 
        "accumulated_operating_revenue": 1376351, 
        "long_term_average": 147581, 
        "date": "2014-09-30", 
        "operating_revenue": 156189, 
        "short_term_average": 159676
    }, 
    {
        "accumulated_operating_revenue_yoy": 16.419478352681434, 
        "accumulated_operating_revenue": 1526037, 
        "long_term_average": 148486, 
        "date": "2014-10-31", 
        "operating_revenue": 149686, 
        "short_term_average": 154516
    }, 
    {
        "accumulated_operating_revenue_yoy": 16.292947671924527, 
        "accumulated_operating_revenue": 1672631, 
        "long_term_average": 150078, 
        "date": "2014-11-30", 
        "operating_revenue": 146594, 
        "short_term_average": 150823
    }, 
    {
        "accumulated_operating_revenue_yoy": 15.405851886179423, 
        "accumulated_operating_revenue": 1807955, 
        "long_term_average": 150662, 
        "date": "2014-12-31", 
        "operating_revenue": 135324, 
        "short_term_average": 143868
    }, 
    {
        "accumulated_operating_revenue_yoy": 1.6466170731236858, 
        "accumulated_operating_revenue": 158092, 
        "long_term_average": 150876, 
        "date": "2015-01-31", 
        "operating_revenue": 158092, 
        "short_term_average": 146670
    }, 
    {
        "accumulated_operating_revenue_yoy": 0.44893295492241353, 
        "accumulated_operating_revenue": 272528, 
        "long_term_average": 150764, 
        "date": "2015-02-28", 
        "operating_revenue": 114436, 
        "short_term_average": 135950
    }, 
    {
        "accumulated_operating_revenue_yoy": 0.8576283787371887, 
        "accumulated_operating_revenue": 417835, 
        "long_term_average": 150959, 
        "date": "2015-03-31", 
        "operating_revenue": 145307, 
        "short_term_average": 139278
    }, 
    {
        "accumulated_operating_revenue_yoy": -2.7571070305630543, 
        "accumulated_operating_revenue": 568445, 
        "long_term_average": 149319, 
        "date": "2015-04-30", 
        "operating_revenue": 150610, 
        "short_term_average": 136784
    }, 
    {
        "accumulated_operating_revenue_yoy": -3.02880658436214, 
        "accumulated_operating_revenue": 718702, 
        "long_term_average": 148792, 
        "date": "2015-05-31", 
        "operating_revenue": 150257, 
        "short_term_average": 148724
    }, 
    {
        "accumulated_operating_revenue_yoy": -2.0079726029534517, 
        "accumulated_operating_revenue": 879305, 
        "long_term_average": 149161, 
        "date": "2015-06-30", 
        "operating_revenue": 160603, 
        "short_term_average": 153823
    }, 
    {
        "accumulated_operating_revenue_yoy": -2.1515557366819547, 
        "accumulated_operating_revenue": 1039627, 
        "long_term_average": 148757, 
        "date": "2015-07-31", 
        "operating_revenue": 160322, 
        "short_term_average": 157060
    }, 
    {
        "accumulated_operating_revenue_yoy": -1.6495350617377038, 
        "accumulated_operating_revenue": 1200035, 
        "long_term_average": 148985, 
        "date": "2015-08-31", 
        "operating_revenue": 160408, 
        "short_term_average": 160444
    }, 
    {
        "accumulated_operating_revenue_yoy": 0.12743842232105035, 
        "accumulated_operating_revenue": 1378105, 
        "long_term_average": 150809, 
        "date": "2015-09-30", 
        "operating_revenue": 178070, 
        "short_term_average": 166266
    }, 
    {
        "accumulated_operating_revenue_yoy": 1.4959008202291295, 
        "accumulated_operating_revenue": 1548865, 
        "long_term_average": 152565, 
        "date": "2015-10-31", 
        "operating_revenue": 170760, 
        "short_term_average": 169746
    }
]