[
    {
        "date": "2012-01-31", 
        "operating_revenue": 6291, 
        "accumulated_operating_revenue": 6291, 
        "long_term_average": 6291, 
        "short_term_average": 6291
    }, 
    {
        "date": "2012-02-29", 
        "operating_revenue": 18096, 
        "accumulated_operating_revenue": 24387, 
        "long_term_average": 12193, 
        "short_term_average": 12193
    }, 
    {
        "date": "2012-03-31", 
        "operating_revenue": 66616, 
        "accumulated_operating_revenue": 91003, 
        "long_term_average": 30334, 
        "short_term_average": 30334
    }, 
    {
        "date": "2012-04-30", 
        "operating_revenue": 31216, 
        "accumulated_operating_revenue": 122219, 
        "long_term_average": 30554, 
        "short_term_average": 38642
    }, 
    {
        "date": "2012-05-31", 
        "operating_revenue": 47919, 
        "accumulated_operating_revenue": 170138, 
        "long_term_average": 34027, 
        "short_term_average": 48583
    }, 
    {
        "date": "2012-06-30", 
        "operating_revenue": 837, 
        "accumulated_operating_revenue": 170975, 
        "long_term_average": 28495, 
        "short_term_average": 26657
    }, 
    {
        "date": "2012-07-31", 
        "operating_revenue": 92668, 
        "accumulated_operating_revenue": 263643, 
        "long_term_average": 37663, 
        "short_term_average": 47141
    }, 
    {
        "date": "2012-08-31", 
        "operating_revenue": 580, 
        "accumulated_operating_revenue": 264223, 
        "long_term_average": 33027, 
        "short_term_average": 31361
    }, 
    {
        "date": "2012-09-30", 
        "operating_revenue": 540, 
        "accumulated_operating_revenue": 264763, 
        "long_term_average": 29418, 
        "short_term_average": 31262
    }, 
    {
        "date": "2012-10-31", 
        "operating_revenue": 3706, 
        "accumulated_operating_revenue": 268469, 
        "long_term_average": 26846, 
        "short_term_average": 1608
    }, 
    {
        "date": "2012-11-30", 
        "operating_revenue": 7913, 
        "accumulated_operating_revenue": 276382, 
        "long_term_average": 25125, 
        "short_term_average": 4053
    }, 
    {
        "date": "2012-12-31", 
        "operating_revenue": 13096, 
        "accumulated_operating_revenue": 289478, 
        "long_term_average": 24123, 
        "short_term_average": 8238
    }, 
    {
        "accumulated_operating_revenue_yoy": -21.999682085518995, 
        "accumulated_operating_revenue": 4907, 
        "long_term_average": 24007, 
        "date": "2013-01-31", 
        "operating_revenue": 4907, 
        "short_term_average": 8638
    }, 
    {
        "accumulated_operating_revenue_yoy": -60.179603887317015, 
        "accumulated_operating_revenue": 9711, 
        "long_term_average": 22900, 
        "date": "2013-02-28", 
        "operating_revenue": 4804, 
        "short_term_average": 7602
    }, 
    {
        "accumulated_operating_revenue_yoy": -61.07710734810941, 
        "accumulated_operating_revenue": 35421, 
        "long_term_average": 19491, 
        "date": "2013-03-31", 
        "operating_revenue": 25710, 
        "short_term_average": 11807
    }, 
    {
        "accumulated_operating_revenue_yoy": -50.14359469476922, 
        "accumulated_operating_revenue": 60934, 
        "long_term_average": 19016, 
        "date": "2013-04-30", 
        "operating_revenue": 25513, 
        "short_term_average": 18675
    }, 
    {
        "accumulated_operating_revenue_yoy": -59.52873549706709, 
        "accumulated_operating_revenue": 68857, 
        "long_term_average": 15683, 
        "date": "2013-05-31", 
        "operating_revenue": 7923, 
        "short_term_average": 19715
    }, 
    {
        "accumulated_operating_revenue_yoy": 42.47170638982307, 
        "accumulated_operating_revenue": 243591, 
        "long_term_average": 30174, 
        "date": "2013-06-30", 
        "operating_revenue": 174734, 
        "short_term_average": 69390
    }, 
    {
        "accumulated_operating_revenue_yoy": 0.012896227094973126, 
        "accumulated_operating_revenue": 263677, 
        "long_term_average": 24126, 
        "date": "2013-07-31", 
        "operating_revenue": 20086, 
        "short_term_average": 67581
    }, 
    {
        "accumulated_operating_revenue_yoy": 9.384118717901167, 
        "accumulated_operating_revenue": 289018, 
        "long_term_average": 26189, 
        "date": "2013-08-31", 
        "operating_revenue": 25341, 
        "short_term_average": 73387
    }, 
    {
        "accumulated_operating_revenue_yoy": 10.83157389816553, 
        "accumulated_operating_revenue": 293441, 
        "long_term_average": 26513, 
        "date": "2013-09-30", 
        "operating_revenue": 4423, 
        "short_term_average": 16616
    }, 
    {
        "accumulated_operating_revenue_yoy": 10.96104205699727, 
        "accumulated_operating_revenue": 297896, 
        "long_term_average": 26575, 
        "date": "2013-10-31", 
        "operating_revenue": 4455, 
        "short_term_average": 11406
    }, 
    {
        "accumulated_operating_revenue_yoy": 9.365298753174955, 
        "accumulated_operating_revenue": 302266, 
        "long_term_average": 26280, 
        "date": "2013-11-30", 
        "operating_revenue": 4370, 
        "short_term_average": 4416
    }, 
    {
        "accumulated_operating_revenue_yoy": 8.911903495256981, 
        "accumulated_operating_revenue": 315276, 
        "long_term_average": 26273, 
        "date": "2013-12-31", 
        "operating_revenue": 13010, 
        "short_term_average": 7278
    }, 
    {
        "accumulated_operating_revenue_yoy": -8.66109639290809, 
        "accumulated_operating_revenue": 4482, 
        "long_term_average": 26237, 
        "date": "2014-01-31", 
        "operating_revenue": 4482, 
        "short_term_average": 7287
    }, 
    {
        "accumulated_operating_revenue_yoy": 292.5239419215323, 
        "accumulated_operating_revenue": 38118, 
        "long_term_average": 28640, 
        "date": "2014-02-28", 
        "operating_revenue": 33636, 
        "short_term_average": 17042
    }, 
    {
        "accumulated_operating_revenue_yoy": 52.9318765703961, 
        "accumulated_operating_revenue": 54170, 
        "long_term_average": 27835, 
        "date": "2014-03-31", 
        "operating_revenue": 16052, 
        "short_term_average": 18056
    }, 
    {
        "accumulated_operating_revenue_yoy": 14.840647257688646, 
        "accumulated_operating_revenue": 69977, 
        "long_term_average": 27026, 
        "date": "2014-04-30", 
        "operating_revenue": 15807, 
        "short_term_average": 21831
    }, 
    {
        "accumulated_operating_revenue_yoy": 23.361459256139536, 
        "accumulated_operating_revenue": 84943, 
        "long_term_average": 27613, 
        "date": "2014-05-31", 
        "operating_revenue": 14966, 
        "short_term_average": 15608
    }, 
    {
        "accumulated_operating_revenue_yoy": -59.12656871559294, 
        "accumulated_operating_revenue": 99564, 
        "long_term_average": 14270, 
        "date": "2014-06-30", 
        "operating_revenue": 14621, 
        "short_term_average": 15131
    }, 
    {
        "accumulated_operating_revenue_yoy": -55.69124345316428, 
        "accumulated_operating_revenue": 116832, 
        "long_term_average": 14035, 
        "date": "2014-07-31", 
        "operating_revenue": 17268, 
        "short_term_average": 15618
    }, 
    {
        "accumulated_operating_revenue_yoy": -53.952002989433176, 
        "accumulated_operating_revenue": 133087, 
        "long_term_average": 13278, 
        "date": "2014-08-31", 
        "operating_revenue": 16255, 
        "short_term_average": 16048
    }, 
    {
        "accumulated_operating_revenue_yoy": -49.301903960250954, 
        "accumulated_operating_revenue": 148769, 
        "long_term_average": 14217, 
        "date": "2014-09-30", 
        "operating_revenue": 15682, 
        "short_term_average": 16401
    }, 
    {
        "accumulated_operating_revenue_yoy": -44.371525633106856, 
        "accumulated_operating_revenue": 165715, 
        "long_term_average": 15257, 
        "date": "2014-10-31", 
        "operating_revenue": 16946, 
        "short_term_average": 16294
    }, 
    {
        "accumulated_operating_revenue_yoy": -39.50328518589586, 
        "accumulated_operating_revenue": 182861, 
        "long_term_average": 16322, 
        "date": "2014-11-30", 
        "operating_revenue": 17146, 
        "short_term_average": 16591
    }, 
    {
        "accumulated_operating_revenue_yoy": -36.2035169185095, 
        "accumulated_operating_revenue": 201135, 
        "long_term_average": 16761, 
        "date": "2014-12-31", 
        "operating_revenue": 18274, 
        "short_term_average": 17455
    }, 
    {
        "accumulated_operating_revenue_yoy": 308.79071842927266, 
        "accumulated_operating_revenue": 18322, 
        "long_term_average": 17914, 
        "date": "2015-01-31", 
        "operating_revenue": 18322, 
        "short_term_average": 17914
    }, 
    {
        "accumulated_operating_revenue_yoy": 0.7293142347447401, 
        "accumulated_operating_revenue": 38396, 
        "long_term_average": 16784, 
        "date": "2015-02-28", 
        "operating_revenue": 20074, 
        "short_term_average": 18890
    }, 
    {
        "accumulated_operating_revenue_yoy": 6.0956248846224845, 
        "accumulated_operating_revenue": 57472, 
        "long_term_average": 17036, 
        "date": "2015-03-31", 
        "operating_revenue": 19076, 
        "short_term_average": 19157
    }, 
    {
        "accumulated_operating_revenue_yoy": 9.087271532074825, 
        "accumulated_operating_revenue": 76336, 
        "long_term_average": 17291, 
        "date": "2015-04-30", 
        "operating_revenue": 18864, 
        "short_term_average": 19338
    }, 
    {
        "accumulated_operating_revenue_yoy": -1.8365256701552806, 
        "accumulated_operating_revenue": 83383, 
        "long_term_average": 16631, 
        "date": "2015-05-31", 
        "operating_revenue": 7047, 
        "short_term_average": 14995
    }, 
    {
        "accumulated_operating_revenue_yoy": -9.289502229721586, 
        "accumulated_operating_revenue": 90315, 
        "long_term_average": 15990, 
        "date": "2015-06-30", 
        "operating_revenue": 6932, 
        "short_term_average": 10947
    }, 
    {
        "accumulated_operating_revenue_yoy": -16.659819227608875, 
        "accumulated_operating_revenue": 97368, 
        "long_term_average": 15139, 
        "date": "2015-07-31", 
        "operating_revenue": 7053, 
        "short_term_average": 7010
    }, 
    {
        "accumulated_operating_revenue_yoy": -21.19666083088506, 
        "accumulated_operating_revenue": 104877, 
        "long_term_average": 14410, 
        "date": "2015-08-31", 
        "operating_revenue": 7509, 
        "short_term_average": 7164
    }, 
    {
        "accumulated_operating_revenue_yoy": -24.454019318540826, 
        "accumulated_operating_revenue": 112389, 
        "long_term_average": 13729, 
        "date": "2015-09-30", 
        "operating_revenue": 7512, 
        "short_term_average": 7358
    }
]