[
    {
        "date": "2012-01-31", 
        "operating_revenue": 34033, 
        "accumulated_operating_revenue": 34033, 
        "long_term_average": 34033, 
        "short_term_average": 34033
    }, 
    {
        "date": "2012-02-29", 
        "operating_revenue": 34063, 
        "accumulated_operating_revenue": 68096, 
        "long_term_average": 34048, 
        "short_term_average": 34048
    }, 
    {
        "date": "2012-03-31", 
        "operating_revenue": 40775, 
        "accumulated_operating_revenue": 108871, 
        "long_term_average": 36290, 
        "short_term_average": 36290
    }, 
    {
        "date": "2012-04-30", 
        "operating_revenue": 50972, 
        "accumulated_operating_revenue": 159843, 
        "long_term_average": 39960, 
        "short_term_average": 41936
    }, 
    {
        "date": "2012-05-31", 
        "operating_revenue": 51753, 
        "accumulated_operating_revenue": 211596, 
        "long_term_average": 42319, 
        "short_term_average": 47833
    }, 
    {
        "date": "2012-06-30", 
        "operating_revenue": 51490, 
        "accumulated_operating_revenue": 263086, 
        "long_term_average": 43847, 
        "short_term_average": 51405
    }, 
    {
        "date": "2012-07-31", 
        "operating_revenue": 51948, 
        "accumulated_operating_revenue": 315034, 
        "long_term_average": 45004, 
        "short_term_average": 51730
    }, 
    {
        "date": "2012-08-31", 
        "operating_revenue": 50248, 
        "accumulated_operating_revenue": 365282, 
        "long_term_average": 45660, 
        "short_term_average": 51228
    }, 
    {
        "date": "2012-09-30", 
        "operating_revenue": 50242, 
        "accumulated_operating_revenue": 415524, 
        "long_term_average": 46169, 
        "short_term_average": 50812
    }, 
    {
        "date": "2012-10-31", 
        "operating_revenue": 44794, 
        "accumulated_operating_revenue": 460318, 
        "long_term_average": 46031, 
        "short_term_average": 48428
    }, 
    {
        "date": "2012-11-30", 
        "operating_revenue": 46287, 
        "accumulated_operating_revenue": 506605, 
        "long_term_average": 46055, 
        "short_term_average": 47107
    }, 
    {
        "date": "2012-12-31", 
        "operating_revenue": 43119, 
        "accumulated_operating_revenue": 549724, 
        "long_term_average": 45810, 
        "short_term_average": 44733
    }, 
    {
        "accumulated_operating_revenue_yoy": 52.572503158698915, 
        "accumulated_operating_revenue": 51925, 
        "long_term_average": 47301, 
        "date": "2013-01-31", 
        "operating_revenue": 51925, 
        "short_term_average": 47110
    }, 
    {
        "accumulated_operating_revenue_yoy": 44.19349154135339, 
        "accumulated_operating_revenue": 98190, 
        "long_term_average": 48318, 
        "date": "2013-02-28", 
        "operating_revenue": 46265, 
        "short_term_average": 47103
    }, 
    {
        "accumulated_operating_revenue_yoy": 36.24381148331511, 
        "accumulated_operating_revenue": 148330, 
        "long_term_average": 49098, 
        "date": "2013-03-31", 
        "operating_revenue": 50140, 
        "short_term_average": 49443
    }, 
    {
        "accumulated_operating_revenue_yoy": 30.849646215348812, 
        "accumulated_operating_revenue": 209154, 
        "long_term_average": 49919, 
        "date": "2013-04-30", 
        "operating_revenue": 60824, 
        "short_term_average": 52409
    }, 
    {
        "accumulated_operating_revenue_yoy": 26.52649388457249, 
        "accumulated_operating_revenue": 267725, 
        "long_term_average": 50487, 
        "date": "2013-05-31", 
        "operating_revenue": 58571, 
        "short_term_average": 56511
    }, 
    {
        "accumulated_operating_revenue_yoy": 25.544118653216056, 
        "accumulated_operating_revenue": 330289, 
        "long_term_average": 51410, 
        "date": "2013-06-30", 
        "operating_revenue": 62564, 
        "short_term_average": 60653
    }, 
    {
        "accumulated_operating_revenue_yoy": 22.31886082137166, 
        "accumulated_operating_revenue": 385346, 
        "long_term_average": 51669, 
        "date": "2013-07-31", 
        "operating_revenue": 55057, 
        "short_term_average": 58730
    }, 
    {
        "accumulated_operating_revenue_yoy": 22.411999496279584, 
        "accumulated_operating_revenue": 447149, 
        "long_term_average": 52632, 
        "date": "2013-08-31", 
        "operating_revenue": 61803, 
        "short_term_average": 59808
    }, 
    {
        "accumulated_operating_revenue_yoy": 23.330541677496367, 
        "accumulated_operating_revenue": 512468, 
        "long_term_average": 53889, 
        "date": "2013-09-30", 
        "operating_revenue": 65319, 
        "short_term_average": 60726
    }, 
    {
        "accumulated_operating_revenue_yoy": 26.150400375392664, 
        "accumulated_operating_revenue": 580693, 
        "long_term_average": 55841, 
        "date": "2013-10-31", 
        "operating_revenue": 68225, 
        "short_term_average": 65115
    }, 
    {
        "accumulated_operating_revenue_yoy": 28.602560180021914, 
        "accumulated_operating_revenue": 651507, 
        "long_term_average": 57885, 
        "date": "2013-11-30", 
        "operating_revenue": 70814, 
        "short_term_average": 68119
    }, 
    {
        "accumulated_operating_revenue_yoy": 33.680537869912904, 
        "accumulated_operating_revenue": 734874, 
        "long_term_average": 61239, 
        "date": "2013-12-31", 
        "operating_revenue": 83367, 
        "short_term_average": 74135
    }, 
    {
        "accumulated_operating_revenue_yoy": 59.05055368319692, 
        "accumulated_operating_revenue": 82587, 
        "long_term_average": 63794, 
        "date": "2014-01-31", 
        "operating_revenue": 82587, 
        "short_term_average": 78922
    }, 
    {
        "accumulated_operating_revenue_yoy": 49.76576026071902, 
        "accumulated_operating_revenue": 147055, 
        "long_term_average": 65311, 
        "date": "2014-02-28", 
        "operating_revenue": 64468, 
        "short_term_average": 76807
    }, 
    {
        "accumulated_operating_revenue_yoy": 48.727162408144004, 
        "accumulated_operating_revenue": 220607, 
        "long_term_average": 67262, 
        "date": "2014-03-31", 
        "operating_revenue": 73552, 
        "short_term_average": 73535
    }, 
    {
        "accumulated_operating_revenue_yoy": 44.644615928932744, 
        "accumulated_operating_revenue": 302530, 
        "long_term_average": 69020, 
        "date": "2014-04-30", 
        "operating_revenue": 81923, 
        "short_term_average": 73314
    }, 
    {
        "accumulated_operating_revenue_yoy": 45.47277990475301, 
        "accumulated_operating_revenue": 389467, 
        "long_term_average": 71384, 
        "date": "2014-05-31", 
        "operating_revenue": 86937, 
        "short_term_average": 80804
    }, 
    {
        "accumulated_operating_revenue_yoy": 45.378441304433395, 
        "accumulated_operating_revenue": 480169, 
        "long_term_average": 73729, 
        "date": "2014-06-30", 
        "operating_revenue": 90702, 
        "short_term_average": 86520
    }, 
    {
        "accumulated_operating_revenue_yoy": 48.293222195118155, 
        "accumulated_operating_revenue": 571442, 
        "long_term_average": 76747, 
        "date": "2014-07-31", 
        "operating_revenue": 91273, 
        "short_term_average": 89637
    }, 
    {
        "accumulated_operating_revenue_yoy": 48.802748077262834, 
        "accumulated_operating_revenue": 665370, 
        "long_term_average": 79424, 
        "date": "2014-08-31", 
        "operating_revenue": 93928, 
        "short_term_average": 91967
    }, 
    {
        "accumulated_operating_revenue_yoy": 49.67393086007321, 
        "accumulated_operating_revenue": 767031, 
        "long_term_average": 82453, 
        "date": "2014-09-30", 
        "operating_revenue": 101661, 
        "short_term_average": 95620
    }, 
    {
        "accumulated_operating_revenue_yoy": 49.64568196964661, 
        "accumulated_operating_revenue": 868982, 
        "long_term_average": 85263, 
        "date": "2014-10-31", 
        "operating_revenue": 101951, 
        "short_term_average": 99180
    }, 
    {
        "accumulated_operating_revenue_yoy": 44.861528732615305, 
        "accumulated_operating_revenue": 943783, 
        "long_term_average": 85595, 
        "date": "2014-11-30", 
        "operating_revenue": 74801, 
        "short_term_average": 92804
    }, 
    {
        "accumulated_operating_revenue_yoy": 36.70915014002401, 
        "accumulated_operating_revenue": 1004640, 
        "long_term_average": 83720, 
        "date": "2014-12-31", 
        "operating_revenue": 60857, 
        "short_term_average": 79203
    }, 
    {
        "accumulated_operating_revenue_yoy": -7.9225543971811545, 
        "accumulated_operating_revenue": 76044, 
        "long_term_average": 83174, 
        "date": "2015-01-31", 
        "operating_revenue": 76044, 
        "short_term_average": 70567
    }, 
    {
        "accumulated_operating_revenue_yoy": -7.327870524633641, 
        "accumulated_operating_revenue": 136279, 
        "long_term_average": 82822, 
        "date": "2015-02-28", 
        "operating_revenue": 60235, 
        "short_term_average": 65712
    }, 
    {
        "accumulated_operating_revenue_yoy": -9.312941112476032, 
        "accumulated_operating_revenue": 200062, 
        "long_term_average": 82007, 
        "date": "2015-03-31", 
        "operating_revenue": 63783, 
        "short_term_average": 66687
    }, 
    {
        "accumulated_operating_revenue_yoy": -10.707367864344032, 
        "accumulated_operating_revenue": 270137, 
        "long_term_average": 81020, 
        "date": "2015-04-30", 
        "operating_revenue": 70075, 
        "short_term_average": 64697
    }, 
    {
        "accumulated_operating_revenue_yoy": -11.765823548593334, 
        "accumulated_operating_revenue": 343643, 
        "long_term_average": 79901, 
        "date": "2015-05-31", 
        "operating_revenue": 73506, 
        "short_term_average": 69121
    }, 
    {
        "accumulated_operating_revenue_yoy": -13.941966266043831, 
        "accumulated_operating_revenue": 413224, 
        "long_term_average": 78141, 
        "date": "2015-06-30", 
        "operating_revenue": 69581, 
        "short_term_average": 71054
    }, 
    {
        "accumulated_operating_revenue_yoy": -15.834152897406911, 
        "accumulated_operating_revenue": 480959, 
        "long_term_average": 76179, 
        "date": "2015-07-31", 
        "operating_revenue": 67735, 
        "short_term_average": 70274
    }, 
    {
        "accumulated_operating_revenue_yoy": -17.357259870448022, 
        "accumulated_operating_revenue": 549880, 
        "long_term_average": 74095, 
        "date": "2015-08-31", 
        "operating_revenue": 68921, 
        "short_term_average": 68745
    }, 
    {
        "accumulated_operating_revenue_yoy": -19.43637219356193, 
        "accumulated_operating_revenue": 617948, 
        "long_term_average": 71296, 
        "date": "2015-09-30", 
        "operating_revenue": 68068, 
        "short_term_average": 68241
    }, 
    {
        "accumulated_operating_revenue_yoy": -20.43862818792564, 
        "accumulated_operating_revenue": 691374, 
        "long_term_average": 68919, 
        "date": "2015-10-31", 
        "operating_revenue": 73426, 
        "short_term_average": 70138
    }
]