[
    {
        "date": "2011-09-30", 
        "operating_revenue": 54706, 
        "accumulated_operating_revenue": 54706, 
        "long_term_average": 54706, 
        "short_term_average": 54706
    }, 
    {
        "date": "2011-10-31", 
        "operating_revenue": 54776, 
        "accumulated_operating_revenue": 109482, 
        "long_term_average": 54741, 
        "short_term_average": 54741
    }, 
    {
        "date": "2011-11-30", 
        "operating_revenue": 71839, 
        "accumulated_operating_revenue": 181321, 
        "long_term_average": 60440, 
        "short_term_average": 60440
    }, 
    {
        "date": "2011-12-31", 
        "operating_revenue": 53788, 
        "accumulated_operating_revenue": 235109, 
        "long_term_average": 58777, 
        "short_term_average": 60134
    }, 
    {
        "date": "2012-01-31", 
        "operating_revenue": 44133, 
        "accumulated_operating_revenue": 44133, 
        "long_term_average": 55848, 
        "short_term_average": 56586
    }, 
    {
        "date": "2012-02-29", 
        "operating_revenue": 56798, 
        "accumulated_operating_revenue": 100931, 
        "long_term_average": 56006, 
        "short_term_average": 51573
    }, 
    {
        "date": "2012-03-31", 
        "operating_revenue": 58981, 
        "accumulated_operating_revenue": 159912, 
        "long_term_average": 56431, 
        "short_term_average": 53304
    }, 
    {
        "date": "2012-04-30", 
        "operating_revenue": 47371, 
        "accumulated_operating_revenue": 207283, 
        "long_term_average": 55299, 
        "short_term_average": 54383
    }, 
    {
        "date": "2012-05-31", 
        "operating_revenue": 60438, 
        "accumulated_operating_revenue": 267721, 
        "long_term_average": 55870, 
        "short_term_average": 55596
    }, 
    {
        "date": "2012-06-30", 
        "operating_revenue": 37549, 
        "accumulated_operating_revenue": 305270, 
        "long_term_average": 54037, 
        "short_term_average": 48452
    }, 
    {
        "date": "2012-07-31", 
        "operating_revenue": 47858, 
        "accumulated_operating_revenue": 353128, 
        "long_term_average": 53476, 
        "short_term_average": 48615
    }, 
    {
        "date": "2012-08-31", 
        "operating_revenue": 42880, 
        "accumulated_operating_revenue": 396008, 
        "long_term_average": 52593, 
        "short_term_average": 42762
    }, 
    {
        "accumulated_operating_revenue_yoy": 713.9436259276862, 
        "accumulated_operating_revenue": 445276, 
        "long_term_average": 52139, 
        "date": "2012-09-30", 
        "operating_revenue": 49268, 
        "short_term_average": 46668
    }, 
    {
        "accumulated_operating_revenue_yoy": 353.1000529767451, 
        "accumulated_operating_revenue": 496063, 
        "long_term_average": 51807, 
        "date": "2012-10-31", 
        "operating_revenue": 50787, 
        "short_term_average": 47645
    }, 
    {
        "accumulated_operating_revenue_yoy": 205.35569514838326, 
        "accumulated_operating_revenue": 553674, 
        "long_term_average": 50621, 
        "date": "2012-11-30", 
        "operating_revenue": 57611, 
        "short_term_average": 52555
    }, 
    {
        "accumulated_operating_revenue_yoy": 163.38932154872847, 
        "accumulated_operating_revenue": 619252, 
        "long_term_average": 51604, 
        "date": "2012-12-31", 
        "operating_revenue": 65578, 
        "short_term_average": 57992
    }, 
    {
        "accumulated_operating_revenue_yoy": 3.271928035710239, 
        "accumulated_operating_revenue": 45577, 
        "long_term_average": 51724, 
        "date": "2013-01-31", 
        "operating_revenue": 45577, 
        "short_term_average": 56255
    }, 
    {
        "accumulated_operating_revenue_yoy": -21.869395923948044, 
        "accumulated_operating_revenue": 78858, 
        "long_term_average": 49764, 
        "date": "2013-02-28", 
        "operating_revenue": 33281, 
        "short_term_average": 48145
    }, 
    {
        "accumulated_operating_revenue_yoy": -26.78160488268548, 
        "accumulated_operating_revenue": 117085, 
        "long_term_average": 48035, 
        "date": "2013-03-31", 
        "operating_revenue": 38227, 
        "short_term_average": 39028
    }, 
    {
        "accumulated_operating_revenue_yoy": -14.988204531968371, 
        "accumulated_operating_revenue": 176215, 
        "long_term_average": 49015, 
        "date": "2013-04-30", 
        "operating_revenue": 59130, 
        "short_term_average": 43546
    }, 
    {
        "accumulated_operating_revenue_yoy": -20.768262482210957, 
        "accumulated_operating_revenue": 212120, 
        "long_term_average": 46970, 
        "date": "2013-05-31", 
        "operating_revenue": 35905, 
        "short_term_average": 44420
    }, 
    {
        "accumulated_operating_revenue_yoy": -16.56173223703607, 
        "accumulated_operating_revenue": 254712, 
        "long_term_average": 47391, 
        "date": "2013-06-30", 
        "operating_revenue": 42592, 
        "short_term_average": 45875
    }, 
    {
        "accumulated_operating_revenue_yoy": -17.315534310504972, 
        "accumulated_operating_revenue": 291982, 
        "long_term_average": 46508, 
        "date": "2013-07-31", 
        "operating_revenue": 37270, 
        "short_term_average": 38589
    }, 
    {
        "accumulated_operating_revenue_yoy": -14.56031191289065, 
        "accumulated_operating_revenue": 338348, 
        "long_term_average": 46799, 
        "date": "2013-08-31", 
        "operating_revenue": 46366, 
        "short_term_average": 42076
    }, 
    {
        "accumulated_operating_revenue_yoy": -13.831645990352051, 
        "accumulated_operating_revenue": 383687, 
        "long_term_average": 46471, 
        "date": "2013-09-30", 
        "operating_revenue": 45339, 
        "short_term_average": 42991
    }, 
    {
        "accumulated_operating_revenue_yoy": -14.986806111320538, 
        "accumulated_operating_revenue": 421719, 
        "long_term_average": 45409, 
        "date": "2013-10-31", 
        "operating_revenue": 38032, 
        "short_term_average": 43245
    }, 
    {
        "accumulated_operating_revenue_yoy": -10.41804383084631, 
        "accumulated_operating_revenue": 495992, 
        "long_term_average": 46797, 
        "date": "2013-11-30", 
        "operating_revenue": 74273, 
        "short_term_average": 52548
    }, 
    {
        "accumulated_operating_revenue_yoy": -7.06174546065253, 
        "accumulated_operating_revenue": 575522, 
        "long_term_average": 47960, 
        "date": "2013-12-31", 
        "operating_revenue": 79530, 
        "short_term_average": 63945
    }, 
    {
        "accumulated_operating_revenue_yoy": 21.754393663470612, 
        "accumulated_operating_revenue": 55492, 
        "long_term_average": 48786, 
        "date": "2014-01-31", 
        "operating_revenue": 55492, 
        "short_term_average": 69765
    }, 
    {
        "accumulated_operating_revenue_yoy": 26.725252986380582, 
        "accumulated_operating_revenue": 99933, 
        "long_term_average": 49716, 
        "date": "2014-02-28", 
        "operating_revenue": 44441, 
        "short_term_average": 59821
    }, 
    {
        "accumulated_operating_revenue_yoy": 45.3585002348721, 
        "accumulated_operating_revenue": 170193, 
        "long_term_average": 52385, 
        "date": "2014-03-31", 
        "operating_revenue": 70260, 
        "short_term_average": 56731
    }, 
    {
        "accumulated_operating_revenue_yoy": 31.653945464347533, 
        "accumulated_operating_revenue": 231994, 
        "long_term_average": 52608, 
        "date": "2014-04-30", 
        "operating_revenue": 61801, 
        "short_term_average": 58834
    }, 
    {
        "accumulated_operating_revenue_yoy": 26.484537054497455, 
        "accumulated_operating_revenue": 268299, 
        "long_term_average": 52641, 
        "date": "2014-05-31", 
        "operating_revenue": 36305, 
        "short_term_average": 56122
    }, 
    {
        "accumulated_operating_revenue_yoy": 19.26175445208706, 
        "accumulated_operating_revenue": 303774, 
        "long_term_average": 52048, 
        "date": "2014-06-30", 
        "operating_revenue": 35475, 
        "short_term_average": 44527
    }, 
    {
        "accumulated_operating_revenue_yoy": 13.94401024720702, 
        "accumulated_operating_revenue": 332696, 
        "long_term_average": 51353, 
        "date": "2014-07-31", 
        "operating_revenue": 28922, 
        "short_term_average": 33567
    }, 
    {
        "accumulated_operating_revenue_yoy": 7.564992256493315, 
        "accumulated_operating_revenue": 363944, 
        "long_term_average": 50093, 
        "date": "2014-08-31", 
        "operating_revenue": 31248, 
        "short_term_average": 31881
    }, 
    {
        "accumulated_operating_revenue_yoy": 8.167334311561246, 
        "accumulated_operating_revenue": 415024, 
        "long_term_average": 50571, 
        "date": "2014-09-30", 
        "operating_revenue": 51080, 
        "short_term_average": 37083
    }, 
    {
        "accumulated_operating_revenue_yoy": 10.842053594929325, 
        "accumulated_operating_revenue": 467442, 
        "long_term_average": 51770, 
        "date": "2014-10-31", 
        "operating_revenue": 52418, 
        "short_term_average": 44915
    }, 
    {
        "accumulated_operating_revenue_yoy": 5.493838610300166, 
        "accumulated_operating_revenue": 523241, 
        "long_term_average": 50230, 
        "date": "2014-11-30", 
        "operating_revenue": 55799, 
        "short_term_average": 53099
    }, 
    {
        "accumulated_operating_revenue_yoy": 0.4932913077171681, 
        "accumulated_operating_revenue": 578361, 
        "long_term_average": 48196, 
        "date": "2014-12-31", 
        "operating_revenue": 55120, 
        "short_term_average": 54445
    }, 
    {
        "accumulated_operating_revenue_yoy": 6.988394723563757, 
        "accumulated_operating_revenue": 59370, 
        "long_term_average": 48519, 
        "date": "2015-01-31", 
        "operating_revenue": 59370, 
        "short_term_average": 56763
    }, 
    {
        "accumulated_operating_revenue_yoy": -10.015710526052455, 
        "accumulated_operating_revenue": 89924, 
        "long_term_average": 47362, 
        "date": "2015-02-28", 
        "operating_revenue": 30554, 
        "short_term_average": 48348
    }, 
    {
        "accumulated_operating_revenue_yoy": -16.075866810033315, 
        "accumulated_operating_revenue": 142833, 
        "long_term_average": 45916, 
        "date": "2015-03-31", 
        "operating_revenue": 52909, 
        "short_term_average": 47611
    }, 
    {
        "accumulated_operating_revenue_yoy": -22.26350681483142, 
        "accumulated_operating_revenue": 180344, 
        "long_term_average": 43892, 
        "date": "2015-04-30", 
        "operating_revenue": 37511, 
        "short_term_average": 40324
    }, 
    {
        "accumulated_operating_revenue_yoy": -17.597531112676528, 
        "accumulated_operating_revenue": 221085, 
        "long_term_average": 44262, 
        "date": "2015-05-31", 
        "operating_revenue": 40741, 
        "short_term_average": 43720
    }, 
    {
        "accumulated_operating_revenue_yoy": -13.522552950548764, 
        "accumulated_operating_revenue": 262696, 
        "long_term_average": 44773, 
        "date": "2015-06-30", 
        "operating_revenue": 41611, 
        "short_term_average": 39954
    }, 
    {
        "accumulated_operating_revenue_yoy": -11.364428787842355, 
        "accumulated_operating_revenue": 294887, 
        "long_term_average": 45046, 
        "date": "2015-07-31", 
        "operating_revenue": 32191, 
        "short_term_average": 38181
    }, 
    {
        "accumulated_operating_revenue_yoy": -8.352933418328094, 
        "accumulated_operating_revenue": 333544, 
        "long_term_average": 45663, 
        "date": "2015-08-31", 
        "operating_revenue": 38657, 
        "short_term_average": 37486
    }, 
    {
        "accumulated_operating_revenue_yoy": -11.85714561085624, 
        "accumulated_operating_revenue": 365814, 
        "long_term_average": 44095, 
        "date": "2015-09-30", 
        "operating_revenue": 32270, 
        "short_term_average": 34372
    }, 
    {
        "accumulated_operating_revenue_yoy": -14.843338852734671, 
        "accumulated_operating_revenue": 398058, 
        "long_term_average": 42414, 
        "date": "2015-10-31", 
        "operating_revenue": 32244, 
        "short_term_average": 34390
    }
]