[
    {
        "date": "2012-01-31", 
        "operating_revenue": 1991055, 
        "accumulated_operating_revenue": 1991055, 
        "long_term_average": 1991055, 
        "short_term_average": 1991055
    }, 
    {
        "date": "2012-02-29", 
        "operating_revenue": 2432772, 
        "accumulated_operating_revenue": 4423827, 
        "long_term_average": 2211913, 
        "short_term_average": 2211913
    }, 
    {
        "date": "2012-03-31", 
        "operating_revenue": 2652594, 
        "accumulated_operating_revenue": 7076421, 
        "long_term_average": 2358807, 
        "short_term_average": 2358807
    }, 
    {
        "date": "2012-04-30", 
        "operating_revenue": 2369710, 
        "accumulated_operating_revenue": 9446131, 
        "long_term_average": 2361532, 
        "short_term_average": 2485025
    }, 
    {
        "date": "2012-05-31", 
        "operating_revenue": 2173934, 
        "accumulated_operating_revenue": 11620065, 
        "long_term_average": 2324013, 
        "short_term_average": 2398746
    }, 
    {
        "date": "2012-06-30", 
        "operating_revenue": 2275573, 
        "accumulated_operating_revenue": 13895638, 
        "long_term_average": 2315939, 
        "short_term_average": 2273072
    }, 
    {
        "date": "2012-07-31", 
        "operating_revenue": 2534005, 
        "accumulated_operating_revenue": 16429643, 
        "long_term_average": 2347091, 
        "short_term_average": 2327837
    }, 
    {
        "date": "2012-08-31", 
        "operating_revenue": 2196023, 
        "accumulated_operating_revenue": 18625666, 
        "long_term_average": 2328208, 
        "short_term_average": 2335200
    }, 
    {
        "date": "2012-09-30", 
        "operating_revenue": 2374058, 
        "accumulated_operating_revenue": 20999724, 
        "long_term_average": 2333302, 
        "short_term_average": 2368028
    }, 
    {
        "date": "2012-10-31", 
        "operating_revenue": 2336097, 
        "accumulated_operating_revenue": 23335821, 
        "long_term_average": 2333582, 
        "short_term_average": 2302059
    }, 
    {
        "date": "2012-11-30", 
        "operating_revenue": 2249838, 
        "accumulated_operating_revenue": 25585659, 
        "long_term_average": 2325969, 
        "short_term_average": 2319997
    }, 
    {
        "date": "2012-12-31", 
        "operating_revenue": 2612924, 
        "accumulated_operating_revenue": 28198583, 
        "long_term_average": 2349881, 
        "short_term_average": 2399619
    }, 
    {
        "accumulated_operating_revenue_yoy": 33.07010604930552, 
        "accumulated_operating_revenue": 2649499, 
        "long_term_average": 2404752, 
        "date": "2013-01-31", 
        "operating_revenue": 2649499, 
        "short_term_average": 2504087
    }, 
    {
        "accumulated_operating_revenue_yoy": -1.9690191320772716, 
        "accumulated_operating_revenue": 4336721, 
        "long_term_average": 2342623, 
        "date": "2013-02-28", 
        "operating_revenue": 1687222, 
        "short_term_average": 2316548
    }, 
    {
        "accumulated_operating_revenue_yoy": 7.978100794172647, 
        "accumulated_operating_revenue": 7640985, 
        "long_term_average": 2396928, 
        "date": "2013-03-31", 
        "operating_revenue": 3304264, 
        "short_term_average": 2546995
    }, 
    {
        "accumulated_operating_revenue_yoy": 4.805343055267812, 
        "accumulated_operating_revenue": 9900050, 
        "long_term_average": 2387708, 
        "date": "2013-04-30", 
        "operating_revenue": 2259065, 
        "short_term_average": 2416850
    }, 
    {
        "accumulated_operating_revenue_yoy": 15.72748517327571, 
        "accumulated_operating_revenue": 13447609, 
        "long_term_average": 2502177, 
        "date": "2013-05-31", 
        "operating_revenue": 3547559, 
        "short_term_average": 3036962
    }, 
    {
        "accumulated_operating_revenue_yoy": 20.582898028863447, 
        "accumulated_operating_revenue": 16755763, 
        "long_term_average": 2588225, 
        "date": "2013-06-30", 
        "operating_revenue": 3308154, 
        "short_term_average": 3038259
    }, 
    {
        "accumulated_operating_revenue_yoy": 19.49876208509217, 
        "accumulated_operating_revenue": 19633220, 
        "long_term_average": 2616846, 
        "date": "2013-07-31", 
        "operating_revenue": 2877457, 
        "short_term_average": 3244390
    }, 
    {
        "accumulated_operating_revenue_yoy": 19.75232993010827, 
        "accumulated_operating_revenue": 22304669, 
        "long_term_average": 2656465, 
        "date": "2013-08-31", 
        "operating_revenue": 2671449, 
        "short_term_average": 2952353
    }, 
    {
        "accumulated_operating_revenue_yoy": 19.19857613366728, 
        "accumulated_operating_revenue": 25031372, 
        "long_term_average": 2685852, 
        "date": "2013-09-30", 
        "operating_revenue": 2726703, 
        "short_term_average": 2758536
    }, 
    {
        "accumulated_operating_revenue_yoy": 20.114231249888313, 
        "accumulated_operating_revenue": 28029642, 
        "long_term_average": 2741033, 
        "date": "2013-10-31", 
        "operating_revenue": 2998270, 
        "short_term_average": 2798807
    }, 
    {
        "accumulated_operating_revenue_yoy": 19.72274780962257, 
        "accumulated_operating_revenue": 30631854, 
        "long_term_average": 2770398, 
        "date": "2013-11-30", 
        "operating_revenue": 2602212, 
        "short_term_average": 2775728
    }, 
    {
        "accumulated_operating_revenue_yoy": 18.887424236884527, 
        "accumulated_operating_revenue": 33524569, 
        "long_term_average": 2793714, 
        "date": "2013-12-31", 
        "operating_revenue": 2892715, 
        "short_term_average": 2831065
    }, 
    {
        "accumulated_operating_revenue_yoy": 4.738631718675871, 
        "accumulated_operating_revenue": 2775049, 
        "long_term_average": 2804176, 
        "date": "2014-01-31", 
        "operating_revenue": 2775049, 
        "short_term_average": 2756658
    }, 
    {
        "accumulated_operating_revenue_yoy": 11.881672812246856, 
        "accumulated_operating_revenue": 4851996, 
        "long_term_average": 2836653, 
        "date": "2014-02-28", 
        "operating_revenue": 2076947, 
        "short_term_average": 2581570
    }, 
    {
        "accumulated_operating_revenue_yoy": -5.339939811424836, 
        "accumulated_operating_revenue": 7232961, 
        "long_term_average": 2759712, 
        "date": "2014-03-31", 
        "operating_revenue": 2380965, 
        "short_term_average": 2410987
    }, 
    {
        "accumulated_operating_revenue_yoy": -1.5519315559012328, 
        "accumulated_operating_revenue": 9746408, 
        "long_term_average": 2780910, 
        "date": "2014-04-30", 
        "operating_revenue": 2513447, 
        "short_term_average": 2323786
    }, 
    {
        "accumulated_operating_revenue_yoy": -9.583153406676235, 
        "accumulated_operating_revenue": 12158904, 
        "long_term_average": 2686322, 
        "date": "2014-05-31", 
        "operating_revenue": 2412496, 
        "short_term_average": 2435636
    }, 
    {
        "accumulated_operating_revenue_yoy": -11.635483266264867, 
        "accumulated_operating_revenue": 14806149, 
        "long_term_average": 2631246, 
        "date": "2014-06-30", 
        "operating_revenue": 2647245, 
        "short_term_average": 2524396
    }, 
    {
        "accumulated_operating_revenue_yoy": -11.0023623226348, 
        "accumulated_operating_revenue": 17473102, 
        "long_term_average": 2613704, 
        "date": "2014-07-31", 
        "operating_revenue": 2666953, 
        "short_term_average": 2575564
    }, 
    {
        "accumulated_operating_revenue_yoy": -11.233083082290978, 
        "accumulated_operating_revenue": 19799167, 
        "long_term_average": 2584922, 
        "date": "2014-08-31", 
        "operating_revenue": 2326065, 
        "short_term_average": 2546754
    }, 
    {
        "accumulated_operating_revenue_yoy": -11.123769004751317, 
        "accumulated_operating_revenue": 22246940, 
        "long_term_average": 2561678, 
        "date": "2014-09-30", 
        "operating_revenue": 2447773, 
        "short_term_average": 2480263
    }, 
    {
        "accumulated_operating_revenue_yoy": -12.519806710339004, 
        "accumulated_operating_revenue": 24520385, 
        "long_term_average": 2501276, 
        "date": "2014-10-31", 
        "operating_revenue": 2273445, 
        "short_term_average": 2349094
    }, 
    {
        "accumulated_operating_revenue_yoy": -12.768172634930943, 
        "accumulated_operating_revenue": 26720726, 
        "long_term_average": 2467786, 
        "date": "2014-11-30", 
        "operating_revenue": 2200341, 
        "short_term_average": 2307186
    }, 
    {
        "accumulated_operating_revenue_yoy": -13.212503940020826, 
        "accumulated_operating_revenue": 29095134, 
        "long_term_average": 2424594, 
        "date": "2014-12-31", 
        "operating_revenue": 2374408, 
        "short_term_average": 2282731
    }, 
    {
        "accumulated_operating_revenue_yoy": -27.709060272449243, 
        "accumulated_operating_revenue": 2006109, 
        "long_term_average": 2360516, 
        "date": "2015-01-31", 
        "operating_revenue": 2006109, 
        "short_term_average": 2193619
    }, 
    {
        "accumulated_operating_revenue_yoy": -30.346480087782428, 
        "accumulated_operating_revenue": 3379586, 
        "long_term_average": 2301893, 
        "date": "2015-02-28", 
        "operating_revenue": 1373477, 
        "short_term_average": 1917998
    }, 
    {
        "accumulated_operating_revenue_yoy": -24.62188030600469, 
        "accumulated_operating_revenue": 5452070, 
        "long_term_average": 2276186, 
        "date": "2015-03-31", 
        "operating_revenue": 2072484, 
        "short_term_average": 1817356
    }, 
    {
        "accumulated_operating_revenue_yoy": -26.460394434544497, 
        "accumulated_operating_revenue": 7167470, 
        "long_term_average": 2209683, 
        "date": "2015-04-30", 
        "operating_revenue": 1715400, 
        "short_term_average": 1720453
    }, 
    {
        "accumulated_operating_revenue_yoy": -29.08977651275148, 
        "accumulated_operating_revenue": 8621906, 
        "long_term_average": 2129844, 
        "date": "2015-05-31", 
        "operating_revenue": 1454436, 
        "short_term_average": 1747440
    }, 
    {
        "accumulated_operating_revenue_yoy": -31.662047977499082, 
        "accumulated_operating_revenue": 10118219, 
        "long_term_average": 2033933, 
        "date": "2015-06-30", 
        "operating_revenue": 1496313, 
        "short_term_average": 1555383
    }, 
    {
        "accumulated_operating_revenue_yoy": -33.19877603873657, 
        "accumulated_operating_revenue": 11672246, 
        "long_term_average": 1941189, 
        "date": "2015-07-31", 
        "operating_revenue": 1554027, 
        "short_term_average": 1501592
    }, 
    {
        "accumulated_operating_revenue_yoy": -32.65583344996282, 
        "accumulated_operating_revenue": 13333584, 
        "long_term_average": 1885795, 
        "date": "2015-08-31", 
        "operating_revenue": 1661338, 
        "short_term_average": 1570559
    }
]