[
    {
        "date": "2011-09-30", 
        "operating_revenue": 400117, 
        "accumulated_operating_revenue": 400117, 
        "long_term_average": 400117, 
        "short_term_average": 400117
    }, 
    {
        "date": "2011-10-31", 
        "operating_revenue": 432649, 
        "accumulated_operating_revenue": 832766, 
        "long_term_average": 416383, 
        "short_term_average": 416383
    }, 
    {
        "date": "2011-11-30", 
        "operating_revenue": 448053, 
        "accumulated_operating_revenue": 1280819, 
        "long_term_average": 426939, 
        "short_term_average": 426939
    }, 
    {
        "date": "2011-12-31", 
        "operating_revenue": 438382, 
        "accumulated_operating_revenue": 1719201, 
        "long_term_average": 429800, 
        "short_term_average": 439694
    }, 
    {
        "date": "2012-01-31", 
        "operating_revenue": 408803, 
        "accumulated_operating_revenue": 408803, 
        "long_term_average": 425600, 
        "short_term_average": 431746
    }, 
    {
        "date": "2012-02-29", 
        "operating_revenue": 412508, 
        "accumulated_operating_revenue": 821311, 
        "long_term_average": 423418, 
        "short_term_average": 419897
    }, 
    {
        "date": "2012-03-31", 
        "operating_revenue": 410256, 
        "accumulated_operating_revenue": 1231567, 
        "long_term_average": 421538, 
        "short_term_average": 410522
    }, 
    {
        "date": "2012-04-30", 
        "operating_revenue": 409625, 
        "accumulated_operating_revenue": 1641192, 
        "long_term_average": 420049, 
        "short_term_average": 410796
    }, 
    {
        "date": "2012-05-31", 
        "operating_revenue": 447277, 
        "accumulated_operating_revenue": 2088469, 
        "long_term_average": 423074, 
        "short_term_average": 422386
    }, 
    {
        "date": "2012-06-30", 
        "operating_revenue": 466207, 
        "accumulated_operating_revenue": 2554676, 
        "long_term_average": 427387, 
        "short_term_average": 441036
    }, 
    {
        "date": "2012-07-31", 
        "operating_revenue": 458303, 
        "accumulated_operating_revenue": 3012979, 
        "long_term_average": 430198, 
        "short_term_average": 457262
    }, 
    {
        "date": "2012-08-31", 
        "operating_revenue": 466247, 
        "accumulated_operating_revenue": 3479226, 
        "long_term_average": 433202, 
        "short_term_average": 463585
    }, 
    {
        "accumulated_operating_revenue_yoy": 883.765498591662, 
        "accumulated_operating_revenue": 3936213, 
        "long_term_average": 437941, 
        "date": "2012-09-30", 
        "operating_revenue": 456987, 
        "short_term_average": 460512
    }, 
    {
        "accumulated_operating_revenue_yoy": 424.7492092616653, 
        "accumulated_operating_revenue": 4369933, 
        "long_term_average": 438030, 
        "date": "2012-10-31", 
        "operating_revenue": 433720, 
        "short_term_average": 452318
    }, 
    {
        "accumulated_operating_revenue_yoy": 273.6291388556853, 
        "accumulated_operating_revenue": 4785513, 
        "long_term_average": 435324, 
        "date": "2012-11-30", 
        "operating_revenue": 415580, 
        "short_term_average": 435429
    }, 
    {
        "accumulated_operating_revenue_yoy": 200.07090503088355, 
        "accumulated_operating_revenue": 5158822, 
        "long_term_average": 429901, 
        "date": "2012-12-31", 
        "operating_revenue": 373309, 
        "short_term_average": 407536
    }, 
    {
        "accumulated_operating_revenue_yoy": -8.547637859800442, 
        "accumulated_operating_revenue": 373860, 
        "long_term_average": 426989, 
        "date": "2013-01-31", 
        "operating_revenue": 373860, 
        "short_term_average": 387583
    }, 
    {
        "accumulated_operating_revenue_yoy": -11.180174136228542, 
        "accumulated_operating_revenue": 729487, 
        "long_term_average": 422249, 
        "date": "2013-02-28", 
        "operating_revenue": 355627, 
        "short_term_average": 367598
    }, 
    {
        "accumulated_operating_revenue_yoy": -10.086255964961712, 
        "accumulated_operating_revenue": 1107348, 
        "long_term_average": 419550, 
        "date": "2013-03-31", 
        "operating_revenue": 377861, 
        "short_term_average": 369116
    }, 
    {
        "accumulated_operating_revenue_yoy": -9.16839711624234, 
        "accumulated_operating_revenue": 1490721, 
        "long_term_average": 417362, 
        "date": "2013-04-30", 
        "operating_revenue": 383373, 
        "short_term_average": 372287
    }, 
    {
        "accumulated_operating_revenue_yoy": -9.761073781799013, 
        "accumulated_operating_revenue": 1884612, 
        "long_term_average": 412913, 
        "date": "2013-05-31", 
        "operating_revenue": 393891, 
        "short_term_average": 385041
    }, 
    {
        "accumulated_operating_revenue_yoy": -9.579492663648931, 
        "accumulated_operating_revenue": 2309951, 
        "long_term_average": 409508, 
        "date": "2013-06-30", 
        "operating_revenue": 425339, 
        "short_term_average": 400867
    }, 
    {
        "accumulated_operating_revenue_yoy": -8.143634588890263, 
        "accumulated_operating_revenue": 2767613, 
        "long_term_average": 409454, 
        "date": "2013-07-31", 
        "operating_revenue": 457662, 
        "short_term_average": 425630
    }, 
    {
        "accumulated_operating_revenue_yoy": -7.697689083721494, 
        "accumulated_operating_revenue": 3211406, 
        "long_term_average": 407583, 
        "date": "2013-08-31", 
        "operating_revenue": 443793, 
        "short_term_average": 442264
    }, 
    {
        "accumulated_operating_revenue_yoy": -6.722044767394447, 
        "accumulated_operating_revenue": 3671619, 
        "long_term_average": 407852, 
        "date": "2013-09-30", 
        "operating_revenue": 460213, 
        "short_term_average": 453889
    }, 
    {
        "accumulated_operating_revenue_yoy": -5.466285181031379, 
        "accumulated_operating_revenue": 4131060, 
        "long_term_average": 409995, 
        "date": "2013-10-31", 
        "operating_revenue": 459441, 
        "short_term_average": 454482
    }, 
    {
        "accumulated_operating_revenue_yoy": -4.589372132099526, 
        "accumulated_operating_revenue": 4565888, 
        "long_term_average": 411599, 
        "date": "2013-11-30", 
        "operating_revenue": 434828, 
        "short_term_average": 451494
    }, 
    {
        "accumulated_operating_revenue_yoy": -3.0556588306400183, 
        "accumulated_operating_revenue": 5001186, 
        "long_term_average": 416765, 
        "date": "2013-12-31", 
        "operating_revenue": 435298, 
        "short_term_average": 443189
    }, 
    {
        "accumulated_operating_revenue_yoy": 10.471834376504574, 
        "accumulated_operating_revenue": 413010, 
        "long_term_average": 420028, 
        "date": "2014-01-31", 
        "operating_revenue": 413010, 
        "short_term_average": 427712
    }, 
    {
        "accumulated_operating_revenue_yoy": 10.694775917871052, 
        "accumulated_operating_revenue": 807504, 
        "long_term_average": 423266, 
        "date": "2014-02-28", 
        "operating_revenue": 394494, 
        "short_term_average": 414267
    }, 
    {
        "accumulated_operating_revenue_yoy": 11.169117567377192, 
        "accumulated_operating_revenue": 1231029, 
        "long_term_average": 427072, 
        "date": "2014-03-31", 
        "operating_revenue": 423525, 
        "short_term_average": 410343
    }, 
    {
        "accumulated_operating_revenue_yoy": 13.066831419158916, 
        "accumulated_operating_revenue": 1685511, 
        "long_term_average": 432998, 
        "date": "2014-04-30", 
        "operating_revenue": 454482, 
        "short_term_average": 424167
    }, 
    {
        "accumulated_operating_revenue_yoy": 16.40486211485441, 
        "accumulated_operating_revenue": 2193780, 
        "long_term_average": 442529, 
        "date": "2014-05-31", 
        "operating_revenue": 508269, 
        "short_term_average": 462092
    }, 
    {
        "accumulated_operating_revenue_yoy": 17.14651090001476, 
        "accumulated_operating_revenue": 2706027, 
        "long_term_average": 449771, 
        "date": "2014-06-30", 
        "operating_revenue": 512247, 
        "short_term_average": 491666
    }, 
    {
        "accumulated_operating_revenue_yoy": 17.362362440124397, 
        "accumulated_operating_revenue": 3248136, 
        "long_term_average": 456809, 
        "date": "2014-07-31", 
        "operating_revenue": 542109, 
        "short_term_average": 520875
    }, 
    {
        "accumulated_operating_revenue_yoy": 17.035311013306945, 
        "accumulated_operating_revenue": 3758479, 
        "long_term_average": 462354, 
        "date": "2014-08-31", 
        "operating_revenue": 510343, 
        "short_term_average": 521566
    }, 
    {
        "accumulated_operating_revenue_yoy": 16.643774857903285, 
        "accumulated_operating_revenue": 4282715, 
        "long_term_average": 467690, 
        "date": "2014-09-30", 
        "operating_revenue": 524236, 
        "short_term_average": 525562
    }, 
    {
        "accumulated_operating_revenue_yoy": 16.38238127744453, 
        "accumulated_operating_revenue": 4807826, 
        "long_term_average": 473162, 
        "date": "2014-10-31", 
        "operating_revenue": 525111, 
        "short_term_average": 519896
    }, 
    {
        "accumulated_operating_revenue_yoy": 16.512932424098008, 
        "accumulated_operating_revenue": 5319850, 
        "long_term_average": 479595, 
        "date": "2014-11-30", 
        "operating_revenue": 512024, 
        "short_term_average": 520457
    }, 
    {
        "accumulated_operating_revenue_yoy": 16.652290076793786, 
        "accumulated_operating_revenue": 5833998, 
        "long_term_average": 486166, 
        "date": "2014-12-31", 
        "operating_revenue": 514148, 
        "short_term_average": 517094
    }, 
    {
        "accumulated_operating_revenue_yoy": 21.46291857340016, 
        "accumulated_operating_revenue": 501654, 
        "long_term_average": 493553, 
        "date": "2015-01-31", 
        "operating_revenue": 501654, 
        "short_term_average": 509275
    }, 
    {
        "accumulated_operating_revenue_yoy": 20.982434761933067, 
        "accumulated_operating_revenue": 976938, 
        "long_term_average": 500286, 
        "date": "2015-02-28", 
        "operating_revenue": 475284, 
        "short_term_average": 497028
    }, 
    {
        "accumulated_operating_revenue_yoy": 23.15030758820466, 
        "accumulated_operating_revenue": 1516016, 
        "long_term_average": 509915, 
        "date": "2015-03-31", 
        "operating_revenue": 539078, 
        "short_term_average": 505338
    }, 
    {
        "accumulated_operating_revenue_yoy": 20.2333891620998, 
        "accumulated_operating_revenue": 2026547, 
        "long_term_average": 514586, 
        "date": "2015-04-30", 
        "operating_revenue": 510531, 
        "short_term_average": 508297
    }, 
    {
        "accumulated_operating_revenue_yoy": 15.236669128171467, 
        "accumulated_operating_revenue": 2528039, 
        "long_term_average": 514021, 
        "date": "2015-05-31", 
        "operating_revenue": 501492, 
        "short_term_average": 517033
    }, 
    {
        "accumulated_operating_revenue_yoy": 11.094604747107105, 
        "accumulated_operating_revenue": 3006250, 
        "long_term_average": 511185, 
        "date": "2015-06-30", 
        "operating_revenue": 478211, 
        "short_term_average": 496744
    }, 
    {
        "accumulated_operating_revenue_yoy": 8.722541174384324, 
        "accumulated_operating_revenue": 3531456, 
        "long_term_average": 509776, 
        "date": "2015-07-31", 
        "operating_revenue": 525206, 
        "short_term_average": 501636
    }, 
    {
        "accumulated_operating_revenue_yoy": 8.715679933292165, 
        "accumulated_operating_revenue": 4086056, 
        "long_term_average": 513464, 
        "date": "2015-08-31", 
        "operating_revenue": 554600, 
        "short_term_average": 519339
    }, 
    {
        "accumulated_operating_revenue_yoy": 7.230133221566226, 
        "accumulated_operating_revenue": 4592361, 
        "long_term_average": 511970, 
        "date": "2015-09-30", 
        "operating_revenue": 506305, 
        "short_term_average": 528703
    }
]