[
    {
        "date": "2012-01-31", 
        "operating_revenue": 102151, 
        "accumulated_operating_revenue": 102151, 
        "long_term_average": 102151, 
        "short_term_average": 102151
    }, 
    {
        "date": "2012-02-29", 
        "operating_revenue": 107675, 
        "accumulated_operating_revenue": 209826, 
        "long_term_average": 104913, 
        "short_term_average": 104913
    }, 
    {
        "date": "2012-03-31", 
        "operating_revenue": 119817, 
        "accumulated_operating_revenue": 329643, 
        "long_term_average": 109881, 
        "short_term_average": 109881
    }, 
    {
        "date": "2012-04-30", 
        "operating_revenue": 110039, 
        "accumulated_operating_revenue": 439682, 
        "long_term_average": 109920, 
        "short_term_average": 112510
    }, 
    {
        "date": "2012-05-31", 
        "operating_revenue": 115469, 
        "accumulated_operating_revenue": 555151, 
        "long_term_average": 111030, 
        "short_term_average": 115108
    }, 
    {
        "date": "2012-06-30", 
        "operating_revenue": 115610, 
        "accumulated_operating_revenue": 670761, 
        "long_term_average": 111793, 
        "short_term_average": 113706
    }, 
    {
        "date": "2012-07-31", 
        "operating_revenue": 106142, 
        "accumulated_operating_revenue": 776903, 
        "long_term_average": 110986, 
        "short_term_average": 112407
    }, 
    {
        "date": "2012-08-31", 
        "operating_revenue": 106228, 
        "accumulated_operating_revenue": 883131, 
        "long_term_average": 110391, 
        "short_term_average": 109326
    }, 
    {
        "date": "2012-09-30", 
        "operating_revenue": 87598, 
        "accumulated_operating_revenue": 970729, 
        "long_term_average": 107858, 
        "short_term_average": 99989
    }, 
    {
        "date": "2012-10-31", 
        "operating_revenue": 101281, 
        "accumulated_operating_revenue": 1072010, 
        "long_term_average": 107201, 
        "short_term_average": 98369
    }, 
    {
        "date": "2012-11-30", 
        "operating_revenue": 100546, 
        "accumulated_operating_revenue": 1172556, 
        "long_term_average": 106596, 
        "short_term_average": 96475
    }, 
    {
        "date": "2012-12-31", 
        "operating_revenue": 98148, 
        "accumulated_operating_revenue": 1270704, 
        "long_term_average": 105892, 
        "short_term_average": 99991
    }, 
    {
        "accumulated_operating_revenue_yoy": -8.702802713629824, 
        "accumulated_operating_revenue": 93261, 
        "long_term_average": 105151, 
        "date": "2013-01-31", 
        "operating_revenue": 93261, 
        "short_term_average": 97318
    }, 
    {
        "accumulated_operating_revenue_yoy": -12.530382316776759, 
        "accumulated_operating_revenue": 183534, 
        "long_term_average": 103701, 
        "date": "2013-02-28", 
        "operating_revenue": 90273, 
        "short_term_average": 93894
    }, 
    {
        "accumulated_operating_revenue_yoy": -14.62005866953037, 
        "accumulated_operating_revenue": 281449, 
        "long_term_average": 101875, 
        "date": "2013-03-31", 
        "operating_revenue": 97915, 
        "short_term_average": 93816
    }, 
    {
        "accumulated_operating_revenue_yoy": -14.807974854553974, 
        "accumulated_operating_revenue": 374574, 
        "long_term_average": 100466, 
        "date": "2013-04-30", 
        "operating_revenue": 93125, 
        "short_term_average": 93771
    }, 
    {
        "accumulated_operating_revenue_yoy": -12.36366321955648, 
        "accumulated_operating_revenue": 486514, 
        "long_term_average": 100172, 
        "date": "2013-05-31", 
        "operating_revenue": 111940, 
        "short_term_average": 100993
    }, 
    {
        "accumulated_operating_revenue_yoy": -9.103838774168445, 
        "accumulated_operating_revenue": 609696, 
        "long_term_average": 100803, 
        "date": "2013-06-30", 
        "operating_revenue": 123182, 
        "short_term_average": 109415
    }, 
    {
        "accumulated_operating_revenue_yoy": -4.035252792176115, 
        "accumulated_operating_revenue": 745553, 
        "long_term_average": 103279, 
        "date": "2013-07-31", 
        "operating_revenue": 135857, 
        "short_term_average": 123659
    }, 
    {
        "accumulated_operating_revenue_yoy": 0.9156059520048554, 
        "accumulated_operating_revenue": 891217, 
        "long_term_average": 106565, 
        "date": "2013-08-31", 
        "operating_revenue": 145664, 
        "short_term_average": 134901
    }, 
    {
        "accumulated_operating_revenue_yoy": 7.52084258325444, 
        "accumulated_operating_revenue": 1043736, 
        "long_term_average": 111975, 
        "date": "2013-09-30", 
        "operating_revenue": 152519, 
        "short_term_average": 144680
    }, 
    {
        "accumulated_operating_revenue_yoy": 10.875738099458028, 
        "accumulated_operating_revenue": 1188599, 
        "long_term_average": 115607, 
        "date": "2013-10-31", 
        "operating_revenue": 144863, 
        "short_term_average": 147682
    }, 
    {
        "accumulated_operating_revenue_yoy": 12.820539061673813, 
        "accumulated_operating_revenue": 1322884, 
        "long_term_average": 118419, 
        "date": "2013-11-30", 
        "operating_revenue": 134285, 
        "short_term_average": 143889
    }, 
    {
        "accumulated_operating_revenue_yoy": 15.371085634419975, 
        "accumulated_operating_revenue": 1466025, 
        "long_term_average": 122168, 
        "date": "2013-12-31", 
        "operating_revenue": 143141, 
        "short_term_average": 140763
    }, 
    {
        "accumulated_operating_revenue_yoy": -3.974866235618318, 
        "accumulated_operating_revenue": 89554, 
        "long_term_average": 121859, 
        "date": "2014-01-31", 
        "operating_revenue": 89554, 
        "short_term_average": 122326
    }, 
    {
        "accumulated_operating_revenue_yoy": 7.596412653786219, 
        "accumulated_operating_revenue": 197476, 
        "long_term_average": 123330, 
        "date": "2014-02-28", 
        "operating_revenue": 107922, 
        "short_term_average": 113539
    }, 
    {
        "accumulated_operating_revenue_yoy": 13.184626699686266, 
        "accumulated_operating_revenue": 318557, 
        "long_term_average": 125261, 
        "date": "2014-03-31", 
        "operating_revenue": 121081, 
        "short_term_average": 106185
    }, 
    {
        "accumulated_operating_revenue_yoy": 20.880520271027887, 
        "accumulated_operating_revenue": 452787, 
        "long_term_average": 128686, 
        "date": "2014-04-30", 
        "operating_revenue": 134230, 
        "short_term_average": 121077
    }, 
    {
        "accumulated_operating_revenue_yoy": 23.613092326222883, 
        "accumulated_operating_revenue": 601395, 
        "long_term_average": 131742, 
        "date": "2014-05-31", 
        "operating_revenue": 148608, 
        "short_term_average": 134639
    }, 
    {
        "accumulated_operating_revenue_yoy": 23.807274444969295, 
        "accumulated_operating_revenue": 754848, 
        "long_term_average": 134264, 
        "date": "2014-06-30", 
        "operating_revenue": 153453, 
        "short_term_average": 145430
    }, 
    {
        "accumulated_operating_revenue_yoy": 49.5719284879814, 
        "accumulated_operating_revenue": 1115138, 
        "long_term_average": 152967, 
        "date": "2014-07-31", 
        "operating_revenue": 360290, 
        "short_term_average": 220783
    }, 
    {
        "accumulated_operating_revenue_yoy": 71.32135046795561, 
        "accumulated_operating_revenue": 1526845, 
        "long_term_average": 175137, 
        "date": "2014-08-31", 
        "operating_revenue": 411707, 
        "short_term_average": 308483
    }, 
    {
        "accumulated_operating_revenue_yoy": 82.10160423708678, 
        "accumulated_operating_revenue": 1900660, 
        "long_term_average": 193579, 
        "date": "2014-09-30", 
        "operating_revenue": 373815, 
        "short_term_average": 381937
    }, 
    {
        "accumulated_operating_revenue_yoy": 71.68809665833473, 
        "accumulated_operating_revenue": 2040683, 
        "long_term_average": 193175, 
        "date": "2014-10-31", 
        "operating_revenue": 140023, 
        "short_term_average": 308515
    }, 
    {
        "accumulated_operating_revenue_yoy": 64.56847312387178, 
        "accumulated_operating_revenue": 2177050, 
        "long_term_average": 193349, 
        "date": "2014-11-30", 
        "operating_revenue": 136367, 
        "short_term_average": 216735
    }, 
    {
        "accumulated_operating_revenue_yoy": 57.800583209699695, 
        "accumulated_operating_revenue": 2313396, 
        "long_term_average": 192783, 
        "date": "2014-12-31", 
        "operating_revenue": 136346, 
        "short_term_average": 137578
    }, 
    {
        "accumulated_operating_revenue_yoy": 39.52252272371977, 
        "accumulated_operating_revenue": 124948, 
        "long_term_average": 195732, 
        "date": "2015-01-31", 
        "operating_revenue": 124948, 
        "short_term_average": 132553
    }, 
    {
        "accumulated_operating_revenue_yoy": 21.408677510178453, 
        "accumulated_operating_revenue": 239753, 
        "long_term_average": 196306, 
        "date": "2015-02-28", 
        "operating_revenue": 114805, 
        "short_term_average": 125366
    }, 
    {
        "accumulated_operating_revenue_yoy": 11.054850466321568, 
        "accumulated_operating_revenue": 353773, 
        "long_term_average": 195717, 
        "date": "2015-03-31", 
        "operating_revenue": 114020, 
        "short_term_average": 117924
    }, 
    {
        "accumulated_operating_revenue_yoy": 2.8874503905810016, 
        "accumulated_operating_revenue": 465861, 
        "long_term_average": 193872, 
        "date": "2015-04-30", 
        "operating_revenue": 112088, 
        "short_term_average": 113637
    }, 
    {
        "accumulated_operating_revenue_yoy": -2.413388870875215, 
        "accumulated_operating_revenue": 586881, 
        "long_term_average": 191573, 
        "date": "2015-05-31", 
        "operating_revenue": 121020, 
        "short_term_average": 115709
    }, 
    {
        "accumulated_operating_revenue_yoy": -9.77773008605706, 
        "accumulated_operating_revenue": 681041, 
        "long_term_average": 186632, 
        "date": "2015-06-30", 
        "operating_revenue": 94160, 
        "short_term_average": 109089
    }, 
    {
        "accumulated_operating_revenue_yoy": -19.301826321047262, 
        "accumulated_operating_revenue": 899896, 
        "long_term_average": 174846, 
        "date": "2015-07-31", 
        "operating_revenue": 218855, 
        "short_term_average": 144678
    }, 
    {
        "accumulated_operating_revenue_yoy": -28.101018767458385, 
        "accumulated_operating_revenue": 1097786, 
        "long_term_average": 157028, 
        "date": "2015-08-31", 
        "operating_revenue": 197890, 
        "short_term_average": 170301
    }, 
    {
        "accumulated_operating_revenue_yoy": -34.54873570233497, 
        "accumulated_operating_revenue": 1244006, 
        "long_term_average": 138061, 
        "date": "2015-09-30", 
        "operating_revenue": 146220, 
        "short_term_average": 187655
    }
]