[
    {
        "date": "2012-01-31", 
        "operating_revenue": 186, 
        "accumulated_operating_revenue": 186, 
        "long_term_average": 186, 
        "short_term_average": 186
    }, 
    {
        "date": "2012-02-29", 
        "operating_revenue": 1026, 
        "accumulated_operating_revenue": 1212, 
        "long_term_average": 606, 
        "short_term_average": 606
    }, 
    {
        "date": "2012-03-31", 
        "operating_revenue": 209255, 
        "accumulated_operating_revenue": 210467, 
        "long_term_average": 70155, 
        "short_term_average": 70155
    }, 
    {
        "date": "2012-04-30", 
        "operating_revenue": 77811, 
        "accumulated_operating_revenue": 288278, 
        "long_term_average": 72069, 
        "short_term_average": 96030
    }, 
    {
        "date": "2012-05-31", 
        "operating_revenue": 81149, 
        "accumulated_operating_revenue": 369427, 
        "long_term_average": 73885, 
        "short_term_average": 122738
    }, 
    {
        "date": "2012-06-30", 
        "operating_revenue": 102854, 
        "accumulated_operating_revenue": 472281, 
        "long_term_average": 78713, 
        "short_term_average": 87271
    }, 
    {
        "date": "2012-07-31", 
        "operating_revenue": 98048, 
        "accumulated_operating_revenue": 570329, 
        "long_term_average": 81475, 
        "short_term_average": 94017
    }, 
    {
        "date": "2012-08-31", 
        "operating_revenue": 99401, 
        "accumulated_operating_revenue": 669730, 
        "long_term_average": 83716, 
        "short_term_average": 100101
    }, 
    {
        "date": "2012-09-30", 
        "operating_revenue": 147487, 
        "accumulated_operating_revenue": 817217, 
        "long_term_average": 90801, 
        "short_term_average": 114978
    }, 
    {
        "date": "2012-10-31", 
        "operating_revenue": 64100, 
        "accumulated_operating_revenue": 881317, 
        "long_term_average": 88131, 
        "short_term_average": 103662
    }, 
    {
        "date": "2012-11-30", 
        "operating_revenue": 44549, 
        "accumulated_operating_revenue": 925866, 
        "long_term_average": 84169, 
        "short_term_average": 85378
    }, 
    {
        "date": "2012-12-31", 
        "operating_revenue": 484203, 
        "accumulated_operating_revenue": 1410069, 
        "long_term_average": 117505, 
        "short_term_average": 197617
    }, 
    {
        "accumulated_operating_revenue_yoy": 370513.9784946236, 
        "accumulated_operating_revenue": 689342, 
        "long_term_average": 174935, 
        "date": "2013-01-31", 
        "operating_revenue": 689342, 
        "short_term_average": 406031
    }, 
    {
        "accumulated_operating_revenue_yoy": 102538.11881188118, 
        "accumulated_operating_revenue": 1243974, 
        "long_term_average": 221069, 
        "date": "2013-02-28", 
        "operating_revenue": 554632, 
        "short_term_average": 576059
    }, 
    {
        "accumulated_operating_revenue_yoy": 967.9850047750954, 
        "accumulated_operating_revenue": 2247756, 
        "long_term_average": 287279, 
        "date": "2013-03-31", 
        "operating_revenue": 1003782, 
        "short_term_average": 749252
    }, 
    {
        "accumulated_operating_revenue_yoy": 756.9956777832509, 
        "accumulated_operating_revenue": 2470530, 
        "long_term_average": 299360, 
        "date": "2013-04-30", 
        "operating_revenue": 222774, 
        "short_term_average": 593729
    }, 
    {
        "accumulated_operating_revenue_yoy": 664.7843823001567, 
        "accumulated_operating_revenue": 2825320, 
        "long_term_average": 322163, 
        "date": "2013-05-31", 
        "operating_revenue": 354790, 
        "short_term_average": 527115
    }, 
    {
        "accumulated_operating_revenue_yoy": 632.0959344119285, 
        "accumulated_operating_revenue": 3457550, 
        "long_term_average": 366278, 
        "date": "2013-06-30", 
        "operating_revenue": 632230, 
        "short_term_average": 403264
    }, 
    {
        "accumulated_operating_revenue_yoy": 644.9210894062901, 
        "accumulated_operating_revenue": 4248501, 
        "long_term_average": 424020, 
        "date": "2013-07-31", 
        "operating_revenue": 790951, 
        "short_term_average": 592657
    }, 
    {
        "accumulated_operating_revenue_yoy": 603.9956400340435, 
        "accumulated_operating_revenue": 4714870, 
        "long_term_average": 454600, 
        "date": "2013-08-31", 
        "operating_revenue": 466369, 
        "short_term_average": 629850
    }, 
    {
        "accumulated_operating_revenue_yoy": 498.9547451900781, 
        "accumulated_operating_revenue": 4894760, 
        "long_term_average": 457301, 
        "date": "2013-09-30", 
        "operating_revenue": 179890, 
        "short_term_average": 479070
    }, 
    {
        "accumulated_operating_revenue_yoy": 490.0008736924399, 
        "accumulated_operating_revenue": 5199778, 
        "long_term_average": 477377, 
        "date": "2013-10-31", 
        "operating_revenue": 305018, 
        "short_term_average": 317092
    }, 
    {
        "accumulated_operating_revenue_yoy": 492.0403168493065, 
        "accumulated_operating_revenue": 5481500, 
        "long_term_average": 497141, 
        "date": "2013-11-30", 
        "operating_revenue": 281722, 
        "short_term_average": 255543
    }, 
    {
        "accumulated_operating_revenue_yoy": 368.54281598985585, 
        "accumulated_operating_revenue": 6606777, 
        "long_term_average": 550564, 
        "date": "2013-12-31", 
        "operating_revenue": 1125277, 
        "short_term_average": 570672
    }, 
    {
        "accumulated_operating_revenue_yoy": -10.752282611533898, 
        "accumulated_operating_revenue": 615222, 
        "long_term_average": 544388, 
        "date": "2014-01-31", 
        "operating_revenue": 615222, 
        "short_term_average": 674073
    }, 
    {
        "accumulated_operating_revenue_yoy": 162.25893788776935, 
        "accumulated_operating_revenue": 3262433, 
        "long_term_average": 718769, 
        "date": "2014-02-28", 
        "operating_revenue": 2647211, 
        "short_term_average": 1462570
    }, 
    {
        "accumulated_operating_revenue_yoy": 79.29708562673173, 
        "accumulated_operating_revenue": 4030161, 
        "long_term_average": 699098, 
        "date": "2014-03-31", 
        "operating_revenue": 767728, 
        "short_term_average": 1343387
    }, 
    {
        "accumulated_operating_revenue_yoy": 71.0913447721744, 
        "accumulated_operating_revenue": 4226863, 
        "long_term_average": 696925, 
        "date": "2014-04-30", 
        "operating_revenue": 196702, 
        "short_term_average": 1203880
    }, 
    {
        "accumulated_operating_revenue_yoy": 54.048603344045986, 
        "accumulated_operating_revenue": 4352366, 
        "long_term_average": 677818, 
        "date": "2014-05-31", 
        "operating_revenue": 125503, 
        "short_term_average": 363311
    }, 
    {
        "accumulated_operating_revenue_yoy": 29.128805078740726, 
        "accumulated_operating_revenue": 4464693, 
        "long_term_average": 634493, 
        "date": "2014-06-30", 
        "operating_revenue": 112327, 
        "short_term_average": 144844
    }, 
    {
        "accumulated_operating_revenue_yoy": 7.377331439959647, 
        "accumulated_operating_revenue": 4561927, 
        "long_term_average": 576683, 
        "date": "2014-07-31", 
        "operating_revenue": 97234, 
        "short_term_average": 111688
    }, 
    {
        "accumulated_operating_revenue_yoy": -0.6948866034482393, 
        "accumulated_operating_revenue": 4682107, 
        "long_term_average": 547834, 
        "date": "2014-08-31", 
        "operating_revenue": 120180, 
        "short_term_average": 109913
    }, 
    {
        "accumulated_operating_revenue_yoy": -3.2289632178084315, 
        "accumulated_operating_revenue": 4736710, 
        "long_term_average": 537393, 
        "date": "2014-09-30", 
        "operating_revenue": 54603, 
        "short_term_average": 90672
    }, 
    {
        "accumulated_operating_revenue_yoy": -7.993072011920509, 
        "accumulated_operating_revenue": 4784156, 
        "long_term_average": 515929, 
        "date": "2014-10-31", 
        "operating_revenue": 47446, 
        "short_term_average": 74076
    }, 
    {
        "accumulated_operating_revenue_yoy": -11.0894280762565, 
        "accumulated_operating_revenue": 4873633, 
        "long_term_average": 499909, 
        "date": "2014-11-30", 
        "operating_revenue": 89477, 
        "short_term_average": 63842
    }, 
    {
        "accumulated_operating_revenue_yoy": -21.808167583074166, 
        "accumulated_operating_revenue": 5165960, 
        "long_term_average": 430496, 
        "date": "2014-12-31", 
        "operating_revenue": 292327, 
        "short_term_average": 143083
    }, 
    {
        "accumulated_operating_revenue_yoy": -98.69445500973633, 
        "accumulated_operating_revenue": 8032, 
        "long_term_average": 379897, 
        "date": "2015-01-31", 
        "operating_revenue": 8032, 
        "short_term_average": 129945
    }, 
    {
        "accumulated_operating_revenue_yoy": -96.96707947718774, 
        "accumulated_operating_revenue": 98947, 
        "long_term_average": 166872, 
        "date": "2015-02-28", 
        "operating_revenue": 90915, 
        "short_term_average": 130424
    }, 
    {
        "accumulated_operating_revenue_yoy": -96.2659308151709, 
        "accumulated_operating_revenue": 150489, 
        "long_term_average": 107190, 
        "date": "2015-03-31", 
        "operating_revenue": 51542, 
        "short_term_average": 50163
    }, 
    {
        "accumulated_operating_revenue_yoy": -93.48062617596075, 
        "accumulated_operating_revenue": 275565, 
        "long_term_average": 101221, 
        "date": "2015-04-30", 
        "operating_revenue": 125076, 
        "short_term_average": 89177
    }, 
    {
        "accumulated_operating_revenue_yoy": -90.82781641066032, 
        "accumulated_operating_revenue": 399207, 
        "long_term_average": 101066, 
        "date": "2015-05-31", 
        "operating_revenue": 123642, 
        "short_term_average": 100086
    }, 
    {
        "accumulated_operating_revenue_yoy": -89.10567871071986, 
        "accumulated_operating_revenue": 486398, 
        "long_term_average": 98972, 
        "date": "2015-06-30", 
        "operating_revenue": 87191, 
        "short_term_average": 111969
    }, 
    {
        "accumulated_operating_revenue_yoy": -85.4193414318116, 
        "accumulated_operating_revenue": 665159, 
        "long_term_average": 105766, 
        "date": "2015-07-31", 
        "operating_revenue": 178761, 
        "short_term_average": 129864
    }, 
    {
        "accumulated_operating_revenue_yoy": -80.72948781392651, 
        "accumulated_operating_revenue": 902266, 
        "long_term_average": 115509, 
        "date": "2015-08-31", 
        "operating_revenue": 237107, 
        "short_term_average": 167686
    }, 
    {
        "accumulated_operating_revenue_yoy": -76.2579089705724, 
        "accumulated_operating_revenue": 1124594, 
        "long_term_average": 129487, 
        "date": "2015-09-30", 
        "operating_revenue": 222328, 
        "short_term_average": 212732
    }
]