[
    {
        "date": "2012-01-31", 
        "operating_revenue": 33562, 
        "accumulated_operating_revenue": 33562, 
        "long_term_average": 33562, 
        "short_term_average": 33562
    }, 
    {
        "date": "2012-02-29", 
        "operating_revenue": 50684, 
        "accumulated_operating_revenue": 84246, 
        "long_term_average": 42123, 
        "short_term_average": 42123
    }, 
    {
        "date": "2012-03-31", 
        "operating_revenue": 55618, 
        "accumulated_operating_revenue": 139864, 
        "long_term_average": 46621, 
        "short_term_average": 46621
    }, 
    {
        "date": "2012-04-30", 
        "operating_revenue": 65495, 
        "accumulated_operating_revenue": 205359, 
        "long_term_average": 51339, 
        "short_term_average": 57265
    }, 
    {
        "date": "2012-05-31", 
        "operating_revenue": 87172, 
        "accumulated_operating_revenue": 292531, 
        "long_term_average": 58506, 
        "short_term_average": 69428
    }, 
    {
        "date": "2012-06-30", 
        "operating_revenue": 92397, 
        "accumulated_operating_revenue": 384928, 
        "long_term_average": 64154, 
        "short_term_average": 81688
    }, 
    {
        "date": "2012-07-31", 
        "operating_revenue": 89856, 
        "accumulated_operating_revenue": 474784, 
        "long_term_average": 67826, 
        "short_term_average": 89808
    }, 
    {
        "date": "2012-08-31", 
        "operating_revenue": 89586, 
        "accumulated_operating_revenue": 564370, 
        "long_term_average": 70546, 
        "short_term_average": 90613
    }, 
    {
        "date": "2012-09-30", 
        "operating_revenue": 55768, 
        "accumulated_operating_revenue": 620138, 
        "long_term_average": 68904, 
        "short_term_average": 78403
    }, 
    {
        "date": "2012-10-31", 
        "operating_revenue": 51759, 
        "accumulated_operating_revenue": 671897, 
        "long_term_average": 67189, 
        "short_term_average": 65704
    }, 
    {
        "date": "2012-11-30", 
        "operating_revenue": 41043, 
        "accumulated_operating_revenue": 712940, 
        "long_term_average": 64812, 
        "short_term_average": 49523
    }, 
    {
        "date": "2012-12-31", 
        "operating_revenue": 46409, 
        "accumulated_operating_revenue": 759349, 
        "long_term_average": 63279, 
        "short_term_average": 46403
    }, 
    {
        "accumulated_operating_revenue_yoy": 53.46820809248555, 
        "accumulated_operating_revenue": 51507, 
        "long_term_average": 64774, 
        "date": "2013-01-31", 
        "operating_revenue": 51507, 
        "short_term_average": 46319
    }, 
    {
        "accumulated_operating_revenue_yoy": -4.607933907841321, 
        "accumulated_operating_revenue": 80364, 
        "long_term_average": 62955, 
        "date": "2013-02-28", 
        "operating_revenue": 28857, 
        "short_term_average": 42257
    }, 
    {
        "accumulated_operating_revenue_yoy": 1.4878739346794028, 
        "accumulated_operating_revenue": 141945, 
        "long_term_average": 63452, 
        "date": "2013-03-31", 
        "operating_revenue": 61581, 
        "short_term_average": 47315
    }, 
    {
        "accumulated_operating_revenue_yoy": 13.46471301476926, 
        "accumulated_operating_revenue": 233010, 
        "long_term_average": 65583, 
        "date": "2013-04-30", 
        "operating_revenue": 91065, 
        "short_term_average": 60501
    }, 
    {
        "accumulated_operating_revenue_yoy": 7.881216007876088, 
        "accumulated_operating_revenue": 315586, 
        "long_term_average": 65200, 
        "date": "2013-05-31", 
        "operating_revenue": 82576, 
        "short_term_average": 78407
    }, 
    {
        "accumulated_operating_revenue_yoy": 3.473376839305013, 
        "accumulated_operating_revenue": 398298, 
        "long_term_average": 64393, 
        "date": "2013-06-30", 
        "operating_revenue": 82712, 
        "short_term_average": 85451
    }, 
    {
        "accumulated_operating_revenue_yoy": 0.29318595403383435, 
        "accumulated_operating_revenue": 476176, 
        "long_term_average": 63395, 
        "date": "2013-07-31", 
        "operating_revenue": 77878, 
        "short_term_average": 81055
    }, 
    {
        "accumulated_operating_revenue_yoy": -2.8373230327621948, 
        "accumulated_operating_revenue": 548357, 
        "long_term_average": 61944, 
        "date": "2013-08-31", 
        "operating_revenue": 72181, 
        "short_term_average": 77590
    }, 
    {
        "accumulated_operating_revenue_yoy": -3.5251831044057935, 
        "accumulated_operating_revenue": 598277, 
        "long_term_average": 61457, 
        "date": "2013-09-30", 
        "operating_revenue": 49920, 
        "short_term_average": 66659
    }, 
    {
        "accumulated_operating_revenue_yoy": -2.1013637506939307, 
        "accumulated_operating_revenue": 657778, 
        "long_term_average": 62102, 
        "date": "2013-10-31", 
        "operating_revenue": 59501, 
        "short_term_average": 60534
    }, 
    {
        "accumulated_operating_revenue_yoy": -1.486380340561618, 
        "accumulated_operating_revenue": 702343, 
        "long_term_average": 62396, 
        "date": "2013-11-30", 
        "operating_revenue": 44565, 
        "short_term_average": 51328
    }, 
    {
        "accumulated_operating_revenue_yoy": -0.9405424910021611, 
        "accumulated_operating_revenue": 752207, 
        "long_term_average": 62683, 
        "date": "2013-12-31", 
        "operating_revenue": 49864, 
        "short_term_average": 51310
    }, 
    {
        "accumulated_operating_revenue_yoy": -56.60201526006175, 
        "accumulated_operating_revenue": 22353, 
        "long_term_average": 60254, 
        "date": "2014-01-31", 
        "operating_revenue": 22353, 
        "short_term_average": 38927
    }, 
    {
        "accumulated_operating_revenue_yoy": -38.753670797869695, 
        "accumulated_operating_revenue": 49220, 
        "long_term_average": 60088, 
        "date": "2014-02-28", 
        "operating_revenue": 26867, 
        "short_term_average": 33028
    }, 
    {
        "accumulated_operating_revenue_yoy": -12.209658670611857, 
        "accumulated_operating_revenue": 124614, 
        "long_term_average": 61239, 
        "date": "2014-03-31", 
        "operating_revenue": 75394, 
        "short_term_average": 41538
    }, 
    {
        "accumulated_operating_revenue_yoy": -1.5063731170336037, 
        "accumulated_operating_revenue": 229500, 
        "long_term_average": 62391, 
        "date": "2014-04-30", 
        "operating_revenue": 104886, 
        "short_term_average": 69049
    }, 
    {
        "accumulated_operating_revenue_yoy": 2.6693199318093956, 
        "accumulated_operating_revenue": 324010, 
        "long_term_average": 63385, 
        "date": "2014-05-31", 
        "operating_revenue": 94510, 
        "short_term_average": 91596
    }, 
    {
        "accumulated_operating_revenue_yoy": 5.089656488357964, 
        "accumulated_operating_revenue": 418570, 
        "long_term_average": 64373, 
        "date": "2014-06-30", 
        "operating_revenue": 94560, 
        "short_term_average": 97985
    }, 
    {
        "accumulated_operating_revenue_yoy": 7.832818117670777, 
        "accumulated_operating_revenue": 513474, 
        "long_term_average": 65792, 
        "date": "2014-07-31", 
        "operating_revenue": 94904, 
        "short_term_average": 94658
    }, 
    {
        "accumulated_operating_revenue_yoy": 8.373377197701497, 
        "accumulated_operating_revenue": 594273, 
        "long_term_average": 66510, 
        "date": "2014-08-31", 
        "operating_revenue": 80799, 
        "short_term_average": 90087
    }, 
    {
        "accumulated_operating_revenue_yoy": 11.60749953616803, 
        "accumulated_operating_revenue": 667722, 
        "long_term_average": 68471, 
        "date": "2014-09-30", 
        "operating_revenue": 73449, 
        "short_term_average": 83050
    }, 
    {
        "accumulated_operating_revenue_yoy": 12.993441556269744, 
        "accumulated_operating_revenue": 743246, 
        "long_term_average": 69806, 
        "date": "2014-10-31", 
        "operating_revenue": 75524, 
        "short_term_average": 76590
    }, 
    {
        "accumulated_operating_revenue_yoy": 15.00534639058124, 
        "accumulated_operating_revenue": 807732, 
        "long_term_average": 71466, 
        "date": "2014-11-30", 
        "operating_revenue": 64486, 
        "short_term_average": 71153
    }, 
    {
        "accumulated_operating_revenue_yoy": 15.46475903574415, 
        "accumulated_operating_revenue": 868534, 
        "long_term_average": 72377, 
        "date": "2014-12-31", 
        "operating_revenue": 60802, 
        "short_term_average": 66937
    }, 
    {
        "accumulated_operating_revenue_yoy": 138.14253120386525, 
        "accumulated_operating_revenue": 53232, 
        "long_term_average": 74951, 
        "date": "2015-01-31", 
        "operating_revenue": 53232, 
        "short_term_average": 59506
    }, 
    {
        "accumulated_operating_revenue_yoy": 69.71759447379114, 
        "accumulated_operating_revenue": 83535, 
        "long_term_average": 75237, 
        "date": "2015-02-28", 
        "operating_revenue": 30303, 
        "short_term_average": 48112
    }, 
    {
        "accumulated_operating_revenue_yoy": 18.368722615436468, 
        "accumulated_operating_revenue": 147504, 
        "long_term_average": 74285, 
        "date": "2015-03-31", 
        "operating_revenue": 63969, 
        "short_term_average": 49168
    }, 
    {
        "accumulated_operating_revenue_yoy": 1.516339869281046, 
        "accumulated_operating_revenue": 232980, 
        "long_term_average": 72667, 
        "date": "2015-04-30", 
        "operating_revenue": 85476, 
        "short_term_average": 59916
    }, 
    {
        "accumulated_operating_revenue_yoy": -1.6348260856146415, 
        "accumulated_operating_revenue": 318713, 
        "long_term_average": 71936, 
        "date": "2015-05-31", 
        "operating_revenue": 85733, 
        "short_term_average": 78392
    }, 
    {
        "accumulated_operating_revenue_yoy": -7.845043839740068, 
        "accumulated_operating_revenue": 385733, 
        "long_term_average": 69641, 
        "date": "2015-06-30", 
        "operating_revenue": 67020, 
        "short_term_average": 79409
    }, 
    {
        "accumulated_operating_revenue_yoy": -11.771774228101131, 
        "accumulated_operating_revenue": 453029, 
        "long_term_average": 67340, 
        "date": "2015-07-31", 
        "operating_revenue": 67296, 
        "short_term_average": 73349
    }, 
    {
        "accumulated_operating_revenue_yoy": -11.799627443952527, 
        "accumulated_operating_revenue": 524151, 
        "long_term_average": 66534, 
        "date": "2015-08-31", 
        "operating_revenue": 71122, 
        "short_term_average": 68479
    }, 
    {
        "accumulated_operating_revenue_yoy": -15.04353608238159, 
        "accumulated_operating_revenue": 567273, 
        "long_term_average": 64007, 
        "date": "2015-09-30", 
        "operating_revenue": 43122, 
        "short_term_average": 60513
    }
]