[
    {
        "date": "2012-01-31", 
        "operating_revenue": 104968, 
        "accumulated_operating_revenue": 104968, 
        "long_term_average": 104968, 
        "short_term_average": 104968
    }, 
    {
        "date": "2012-02-29", 
        "operating_revenue": 91033, 
        "accumulated_operating_revenue": 196001, 
        "long_term_average": 98000, 
        "short_term_average": 98000
    }, 
    {
        "date": "2012-03-31", 
        "operating_revenue": 98397, 
        "accumulated_operating_revenue": 294398, 
        "long_term_average": 98132, 
        "short_term_average": 98132
    }, 
    {
        "date": "2012-04-30", 
        "operating_revenue": 97993, 
        "accumulated_operating_revenue": 392391, 
        "long_term_average": 98097, 
        "short_term_average": 95807
    }, 
    {
        "date": "2012-05-31", 
        "operating_revenue": 110087, 
        "accumulated_operating_revenue": 502478, 
        "long_term_average": 100495, 
        "short_term_average": 102159
    }, 
    {
        "date": "2012-06-30", 
        "operating_revenue": 131036, 
        "accumulated_operating_revenue": 633514, 
        "long_term_average": 105585, 
        "short_term_average": 113038
    }, 
    {
        "date": "2012-07-31", 
        "operating_revenue": 141027, 
        "accumulated_operating_revenue": 774541, 
        "long_term_average": 110648, 
        "short_term_average": 127383
    }, 
    {
        "date": "2012-08-31", 
        "operating_revenue": 98290, 
        "accumulated_operating_revenue": 872831, 
        "long_term_average": 109103, 
        "short_term_average": 123451
    }, 
    {
        "date": "2012-09-30", 
        "operating_revenue": 161002, 
        "accumulated_operating_revenue": 1033833, 
        "long_term_average": 114870, 
        "short_term_average": 133439
    }, 
    {
        "date": "2012-10-31", 
        "operating_revenue": 139207, 
        "accumulated_operating_revenue": 1173040, 
        "long_term_average": 117304, 
        "short_term_average": 132833
    }, 
    {
        "date": "2012-11-30", 
        "operating_revenue": 169539, 
        "accumulated_operating_revenue": 1342579, 
        "long_term_average": 122052, 
        "short_term_average": 156582
    }, 
    {
        "date": "2012-12-31", 
        "operating_revenue": 161812, 
        "accumulated_operating_revenue": 1504391, 
        "long_term_average": 125365, 
        "short_term_average": 156852
    }, 
    {
        "accumulated_operating_revenue_yoy": 61.95602469323984, 
        "accumulated_operating_revenue": 170002, 
        "long_term_average": 130785, 
        "date": "2013-01-31", 
        "operating_revenue": 170002, 
        "short_term_average": 167117
    }, 
    {
        "accumulated_operating_revenue_yoy": 53.830337600318366, 
        "accumulated_operating_revenue": 301509, 
        "long_term_average": 134158, 
        "date": "2013-02-28", 
        "operating_revenue": 131507, 
        "short_term_average": 154440
    }, 
    {
        "accumulated_operating_revenue_yoy": 52.91815841140225, 
        "accumulated_operating_revenue": 450188, 
        "long_term_average": 138348, 
        "date": "2013-03-31", 
        "operating_revenue": 148679, 
        "short_term_average": 150062
    }, 
    {
        "accumulated_operating_revenue_yoy": 60.39639033515039, 
        "accumulated_operating_revenue": 629381, 
        "long_term_average": 145115, 
        "date": "2013-04-30", 
        "operating_revenue": 179193, 
        "short_term_average": 153126
    }, 
    {
        "accumulated_operating_revenue_yoy": 69.24840490528939, 
        "accumulated_operating_revenue": 850436, 
        "long_term_average": 154362, 
        "date": "2013-05-31", 
        "operating_revenue": 221055, 
        "short_term_average": 182975
    }, 
    {
        "accumulated_operating_revenue_yoy": 72.20661263997323, 
        "accumulated_operating_revenue": 1090953, 
        "long_term_average": 163485, 
        "date": "2013-06-30", 
        "operating_revenue": 240517, 
        "short_term_average": 213588
    }, 
    {
        "accumulated_operating_revenue_yoy": 75.31634865036196, 
        "accumulated_operating_revenue": 1357897, 
        "long_term_average": 173978, 
        "date": "2013-07-31", 
        "operating_revenue": 266944, 
        "short_term_average": 242838
    }, 
    {
        "accumulated_operating_revenue_yoy": 81.92032592792877, 
        "accumulated_operating_revenue": 1587857, 
        "long_term_average": 184951, 
        "date": "2013-08-31", 
        "operating_revenue": 229960, 
        "short_term_average": 245807
    }, 
    {
        "accumulated_operating_revenue_yoy": 73.43478105264583, 
        "accumulated_operating_revenue": 1793026, 
        "long_term_average": 188632, 
        "date": "2013-09-30", 
        "operating_revenue": 205169, 
        "short_term_average": 234024
    }, 
    {
        "accumulated_operating_revenue_yoy": 67.0465627770579, 
        "accumulated_operating_revenue": 1959523, 
        "long_term_average": 190906, 
        "date": "2013-10-31", 
        "operating_revenue": 166497, 
        "short_term_average": 200542
    }, 
    {
        "accumulated_operating_revenue_yoy": 60.64879608574244, 
        "accumulated_operating_revenue": 2156837, 
        "long_term_average": 193220, 
        "date": "2013-11-30", 
        "operating_revenue": 197314, 
        "short_term_average": 189660
    }, 
    {
        "accumulated_operating_revenue_yoy": 60.92598267338744, 
        "accumulated_operating_revenue": 2420956, 
        "long_term_average": 201746, 
        "date": "2013-12-31", 
        "operating_revenue": 264119, 
        "short_term_average": 209310
    }, 
    {
        "accumulated_operating_revenue_yoy": 12.157504029364361, 
        "accumulated_operating_revenue": 190670, 
        "long_term_average": 203468, 
        "date": "2014-01-31", 
        "operating_revenue": 190670, 
        "short_term_average": 217367
    }, 
    {
        "accumulated_operating_revenue_yoy": 5.321897522130351, 
        "accumulated_operating_revenue": 317555, 
        "long_term_average": 203083, 
        "date": "2014-02-28", 
        "operating_revenue": 126885, 
        "short_term_average": 193891
    }, 
    {
        "accumulated_operating_revenue_yoy": 32.84294561383244, 
        "accumulated_operating_revenue": 598043, 
        "long_term_average": 214067, 
        "date": "2014-03-31", 
        "operating_revenue": 280488, 
        "short_term_average": 199347
    }, 
    {
        "accumulated_operating_revenue_yoy": 45.122429815962036, 
        "accumulated_operating_revenue": 913373, 
        "long_term_average": 225412, 
        "date": "2014-04-30", 
        "operating_revenue": 315330, 
        "short_term_average": 240901
    }, 
    {
        "accumulated_operating_revenue_yoy": 46.608327963538706, 
        "accumulated_operating_revenue": 1246810, 
        "long_term_average": 234777, 
        "date": "2014-05-31", 
        "operating_revenue": 333437, 
        "short_term_average": 309751
    }, 
    {
        "accumulated_operating_revenue_yoy": 39.38657302376913, 
        "accumulated_operating_revenue": 1520642, 
        "long_term_average": 237553, 
        "date": "2014-06-30", 
        "operating_revenue": 273832, 
        "short_term_average": 307533
    }, 
    {
        "accumulated_operating_revenue_yoy": 35.89845179715398, 
        "accumulated_operating_revenue": 1845361, 
        "long_term_average": 242368, 
        "date": "2014-07-31", 
        "operating_revenue": 324719, 
        "short_term_average": 310662
    }, 
    {
        "accumulated_operating_revenue_yoy": 33.3280641770638, 
        "accumulated_operating_revenue": 2117059, 
        "long_term_average": 245846, 
        "date": "2014-08-31", 
        "operating_revenue": 271698, 
        "short_term_average": 290083
    }, 
    {
        "accumulated_operating_revenue_yoy": 32.281461618515294, 
        "accumulated_operating_revenue": 2371841, 
        "long_term_average": 249980, 
        "date": "2014-09-30", 
        "operating_revenue": 254782, 
        "short_term_average": 283733
    }, 
    {
        "accumulated_operating_revenue_yoy": 31.858161399483446, 
        "accumulated_operating_revenue": 2583791, 
        "long_term_average": 253768, 
        "date": "2014-10-31", 
        "operating_revenue": 211950, 
        "short_term_average": 246143
    }, 
    {
        "accumulated_operating_revenue_yoy": 32.64391328598313, 
        "accumulated_operating_revenue": 2860913, 
        "long_term_average": 260419, 
        "date": "2014-11-30", 
        "operating_revenue": 277122, 
        "short_term_average": 247951
    }, 
    {
        "accumulated_operating_revenue_yoy": 30.716254240060536, 
        "accumulated_operating_revenue": 3164583, 
        "long_term_average": 263715, 
        "date": "2014-12-31", 
        "operating_revenue": 303670, 
        "short_term_average": 264247
    }, 
    {
        "accumulated_operating_revenue_yoy": 18.544605863533857, 
        "accumulated_operating_revenue": 226029, 
        "long_term_average": 266661, 
        "date": "2015-01-31", 
        "operating_revenue": 226029, 
        "short_term_average": 268940
    }, 
    {
        "accumulated_operating_revenue_yoy": 31.785674922454376, 
        "accumulated_operating_revenue": 418492, 
        "long_term_average": 272126, 
        "date": "2015-02-28", 
        "operating_revenue": 192463, 
        "short_term_average": 240720
    }, 
    {
        "accumulated_operating_revenue_yoy": 9.172919004151876, 
        "accumulated_operating_revenue": 652901, 
        "long_term_average": 268286, 
        "date": "2015-03-31", 
        "operating_revenue": 234409, 
        "short_term_average": 217633
    }, 
    {
        "accumulated_operating_revenue_yoy": -2.3882904355613754, 
        "accumulated_operating_revenue": 891559, 
        "long_term_average": 261897, 
        "date": "2015-04-30", 
        "operating_revenue": 238658, 
        "short_term_average": 221843
    }, 
    {
        "accumulated_operating_revenue_yoy": -7.808086236074462, 
        "accumulated_operating_revenue": 1149458, 
        "long_term_average": 255602, 
        "date": "2015-05-31", 
        "operating_revenue": 257899, 
        "short_term_average": 243655
    }, 
    {
        "accumulated_operating_revenue_yoy": -8.809108258222514, 
        "accumulated_operating_revenue": 1386687, 
        "long_term_average": 252552, 
        "date": "2015-06-30", 
        "operating_revenue": 237229, 
        "short_term_average": 244595
    }, 
    {
        "accumulated_operating_revenue_yoy": -7.8873998095765545, 
        "accumulated_operating_revenue": 1699810, 
        "long_term_average": 251586, 
        "date": "2015-07-31", 
        "operating_revenue": 313123, 
        "short_term_average": 269417
    }, 
    {
        "accumulated_operating_revenue_yoy": -9.676820532635132, 
        "accumulated_operating_revenue": 1912195, 
        "long_term_average": 246643, 
        "date": "2015-08-31", 
        "operating_revenue": 212385, 
        "short_term_average": 254245
    }
]