[
    {
        "date": "2012-01-31", 
        "operating_revenue": 42526, 
        "accumulated_operating_revenue": 42526, 
        "long_term_average": 42526, 
        "short_term_average": 42526
    }, 
    {
        "date": "2012-02-29", 
        "operating_revenue": 67307, 
        "accumulated_operating_revenue": 109833, 
        "long_term_average": 54916, 
        "short_term_average": 54916
    }, 
    {
        "date": "2012-03-31", 
        "operating_revenue": 84100, 
        "accumulated_operating_revenue": 193933, 
        "long_term_average": 64644, 
        "short_term_average": 64644
    }, 
    {
        "date": "2012-04-30", 
        "operating_revenue": 69828, 
        "accumulated_operating_revenue": 263761, 
        "long_term_average": 65940, 
        "short_term_average": 73745
    }, 
    {
        "date": "2012-05-31", 
        "operating_revenue": 72280, 
        "accumulated_operating_revenue": 336041, 
        "long_term_average": 67208, 
        "short_term_average": 75402
    }, 
    {
        "date": "2012-06-30", 
        "operating_revenue": 42035, 
        "accumulated_operating_revenue": 378076, 
        "long_term_average": 63012, 
        "short_term_average": 61381
    }, 
    {
        "date": "2012-07-31", 
        "operating_revenue": 51734, 
        "accumulated_operating_revenue": 429810, 
        "long_term_average": 61401, 
        "short_term_average": 55349
    }, 
    {
        "date": "2012-08-31", 
        "operating_revenue": 56623, 
        "accumulated_operating_revenue": 486433, 
        "long_term_average": 60804, 
        "short_term_average": 50130
    }, 
    {
        "date": "2012-09-30", 
        "operating_revenue": 47519, 
        "accumulated_operating_revenue": 533952, 
        "long_term_average": 59328, 
        "short_term_average": 51958
    }, 
    {
        "date": "2012-10-31", 
        "operating_revenue": 82921, 
        "accumulated_operating_revenue": 616873, 
        "long_term_average": 61687, 
        "short_term_average": 62354
    }, 
    {
        "date": "2012-11-30", 
        "operating_revenue": 65594, 
        "accumulated_operating_revenue": 682467, 
        "long_term_average": 62042, 
        "short_term_average": 65344
    }, 
    {
        "date": "2012-12-31", 
        "operating_revenue": 58268, 
        "accumulated_operating_revenue": 740735, 
        "long_term_average": 61727, 
        "short_term_average": 68927
    }, 
    {
        "accumulated_operating_revenue_yoy": 62.40182476602549, 
        "accumulated_operating_revenue": 69063, 
        "long_term_average": 63939, 
        "date": "2013-01-31", 
        "operating_revenue": 69063, 
        "short_term_average": 64308
    }, 
    {
        "accumulated_operating_revenue_yoy": 0.9377873680951991, 
        "accumulated_operating_revenue": 110863, 
        "long_term_average": 61813, 
        "date": "2013-02-28", 
        "operating_revenue": 41800, 
        "short_term_average": 56377
    }, 
    {
        "accumulated_operating_revenue_yoy": -5.398771740755828, 
        "accumulated_operating_revenue": 183463, 
        "long_term_average": 60855, 
        "date": "2013-03-31", 
        "operating_revenue": 72600, 
        "short_term_average": 61154
    }, 
    {
        "accumulated_operating_revenue_yoy": -3.2908580116089943, 
        "accumulated_operating_revenue": 255081, 
        "long_term_average": 61004, 
        "date": "2013-04-30", 
        "operating_revenue": 71618, 
        "short_term_average": 62006
    }, 
    {
        "accumulated_operating_revenue_yoy": -3.7477569701316207, 
        "accumulated_operating_revenue": 323447, 
        "long_term_average": 60678, 
        "date": "2013-05-31", 
        "operating_revenue": 68366, 
        "short_term_average": 70861
    }, 
    {
        "accumulated_operating_revenue_yoy": 3.3390112040965305, 
        "accumulated_operating_revenue": 390700, 
        "long_term_average": 62779, 
        "date": "2013-06-30", 
        "operating_revenue": 67253, 
        "short_term_average": 69079
    }, 
    {
        "accumulated_operating_revenue_yoy": 11.332216560805938, 
        "accumulated_operating_revenue": 478517, 
        "long_term_average": 65786, 
        "date": "2013-07-31", 
        "operating_revenue": 87817, 
        "short_term_average": 74478
    }, 
    {
        "accumulated_operating_revenue_yoy": 15.524440159281957, 
        "accumulated_operating_revenue": 561949, 
        "long_term_average": 68020, 
        "date": "2013-08-31", 
        "operating_revenue": 83432, 
        "short_term_average": 79500
    }, 
    {
        "accumulated_operating_revenue_yoy": 17.0288715090495, 
        "accumulated_operating_revenue": 624878, 
        "long_term_average": 69305, 
        "date": "2013-09-30", 
        "operating_revenue": 62929, 
        "short_term_average": 78059
    }, 
    {
        "accumulated_operating_revenue_yoy": 12.26994859557802, 
        "accumulated_operating_revenue": 692563, 
        "long_term_average": 68035, 
        "date": "2013-10-31", 
        "operating_revenue": 67685, 
        "short_term_average": 71348
    }, 
    {
        "accumulated_operating_revenue_yoy": 11.851708580781196, 
        "accumulated_operating_revenue": 763351, 
        "long_term_average": 68468, 
        "date": "2013-11-30", 
        "operating_revenue": 70788, 
        "short_term_average": 67134
    }, 
    {
        "accumulated_operating_revenue_yoy": 11.687850580842001, 
        "accumulated_operating_revenue": 827311, 
        "long_term_average": 68942, 
        "date": "2013-12-31", 
        "operating_revenue": 63960, 
        "short_term_average": 67477
    }, 
    {
        "accumulated_operating_revenue_yoy": -0.2114011844258141, 
        "accumulated_operating_revenue": 68917, 
        "long_term_average": 68930, 
        "date": "2014-01-31", 
        "operating_revenue": 68917, 
        "short_term_average": 67888
    }, 
    {
        "accumulated_operating_revenue_yoy": 34.270225413348, 
        "accumulated_operating_revenue": 148856, 
        "long_term_average": 72108, 
        "date": "2014-02-28", 
        "operating_revenue": 79939, 
        "short_term_average": 70938
    }, 
    {
        "accumulated_operating_revenue_yoy": 33.1276606182173, 
        "accumulated_operating_revenue": 244240, 
        "long_term_average": 74007, 
        "date": "2014-03-31", 
        "operating_revenue": 95384, 
        "short_term_average": 81413
    }, 
    {
        "accumulated_operating_revenue_yoy": 33.115363355169535, 
        "accumulated_operating_revenue": 339552, 
        "long_term_average": 75981, 
        "date": "2014-04-30", 
        "operating_revenue": 95312, 
        "short_term_average": 90211
    }, 
    {
        "accumulated_operating_revenue_yoy": 35.55605709745337, 
        "accumulated_operating_revenue": 438452, 
        "long_term_average": 78526, 
        "date": "2014-05-31", 
        "operating_revenue": 98900, 
        "short_term_average": 96532
    }, 
    {
        "accumulated_operating_revenue_yoy": 31.815459431789094, 
        "accumulated_operating_revenue": 515003, 
        "long_term_average": 79301, 
        "date": "2014-06-30", 
        "operating_revenue": 76551, 
        "short_term_average": 90254
    }, 
    {
        "accumulated_operating_revenue_yoy": 21.017644096239003, 
        "accumulated_operating_revenue": 579090, 
        "long_term_average": 77323, 
        "date": "2014-07-31", 
        "operating_revenue": 64087, 
        "short_term_average": 79846
    }, 
    {
        "accumulated_operating_revenue_yoy": 15.480942220735333, 
        "accumulated_operating_revenue": 648944, 
        "long_term_average": 76192, 
        "date": "2014-08-31", 
        "operating_revenue": 69854, 
        "short_term_average": 70164
    }, 
    {
        "accumulated_operating_revenue_yoy": 14.78368577546337, 
        "accumulated_operating_revenue": 717258, 
        "long_term_average": 76640, 
        "date": "2014-09-30", 
        "operating_revenue": 68314, 
        "short_term_average": 67418
    }, 
    {
        "accumulated_operating_revenue_yoy": 14.146438663341817, 
        "accumulated_operating_revenue": 790536, 
        "long_term_average": 77107, 
        "date": "2014-10-31", 
        "operating_revenue": 73278, 
        "short_term_average": 70482
    }, 
    {
        "accumulated_operating_revenue_yoy": 14.039937066958712, 
        "accumulated_operating_revenue": 870525, 
        "long_term_average": 77873, 
        "date": "2014-11-30", 
        "operating_revenue": 79989, 
        "short_term_average": 73860
    }, 
    {
        "accumulated_operating_revenue_yoy": 14.818732012507994, 
        "accumulated_operating_revenue": 949908, 
        "long_term_average": 79159, 
        "date": "2014-12-31", 
        "operating_revenue": 79383, 
        "short_term_average": 77550
    }, 
    {
        "accumulated_operating_revenue_yoy": 15.842245019371129, 
        "accumulated_operating_revenue": 79835, 
        "long_term_average": 80068, 
        "date": "2015-01-31", 
        "operating_revenue": 79835, 
        "short_term_average": 79735
    }, 
    {
        "accumulated_operating_revenue_yoy": -11.041543505132477, 
        "accumulated_operating_revenue": 132420, 
        "long_term_average": 77789, 
        "date": "2015-02-28", 
        "operating_revenue": 52585, 
        "short_term_average": 70601
    }, 
    {
        "accumulated_operating_revenue_yoy": -17.576564035375043, 
        "accumulated_operating_revenue": 201311, 
        "long_term_average": 75581, 
        "date": "2015-03-31", 
        "operating_revenue": 68891, 
        "short_term_average": 67103
    }, 
    {
        "accumulated_operating_revenue_yoy": -18.25905899538215, 
        "accumulated_operating_revenue": 277553, 
        "long_term_average": 73992, 
        "date": "2015-04-30", 
        "operating_revenue": 76242, 
        "short_term_average": 65906
    }, 
    {
        "accumulated_operating_revenue_yoy": -18.09342869915065, 
        "accumulated_operating_revenue": 359121, 
        "long_term_average": 72548, 
        "date": "2015-05-31", 
        "operating_revenue": 81568, 
        "short_term_average": 75567
    }, 
    {
        "accumulated_operating_revenue_yoy": -20.219493867026017, 
        "accumulated_operating_revenue": 410872, 
        "long_term_average": 70481, 
        "date": "2015-06-30", 
        "operating_revenue": 51751, 
        "short_term_average": 69853
    }, 
    {
        "accumulated_operating_revenue_yoy": -16.81897459807629, 
        "accumulated_operating_revenue": 481693, 
        "long_term_average": 71042, 
        "date": "2015-07-31", 
        "operating_revenue": 70821, 
        "short_term_average": 68046
    }, 
    {
        "accumulated_operating_revenue_yoy": -15.660827436573879, 
        "accumulated_operating_revenue": 547314, 
        "long_term_average": 70689, 
        "date": "2015-08-31", 
        "operating_revenue": 65621, 
        "short_term_average": 62731
    }
]