[
    {
        "date": "2012-01-31", 
        "operating_revenue": 84299, 
        "accumulated_operating_revenue": 84299, 
        "long_term_average": 84299, 
        "short_term_average": 84299
    }, 
    {
        "date": "2012-02-29", 
        "operating_revenue": 94143, 
        "accumulated_operating_revenue": 178442, 
        "long_term_average": 89221, 
        "short_term_average": 89221
    }, 
    {
        "date": "2012-03-31", 
        "operating_revenue": 110356, 
        "accumulated_operating_revenue": 288798, 
        "long_term_average": 96266, 
        "short_term_average": 96266
    }, 
    {
        "date": "2012-04-30", 
        "operating_revenue": 103369, 
        "accumulated_operating_revenue": 392167, 
        "long_term_average": 98041, 
        "short_term_average": 102622
    }, 
    {
        "date": "2012-05-31", 
        "operating_revenue": 110632, 
        "accumulated_operating_revenue": 502799, 
        "long_term_average": 100559, 
        "short_term_average": 108119
    }, 
    {
        "date": "2012-06-30", 
        "operating_revenue": 111071, 
        "accumulated_operating_revenue": 613870, 
        "long_term_average": 102311, 
        "short_term_average": 108357
    }, 
    {
        "date": "2012-07-31", 
        "operating_revenue": 111771, 
        "accumulated_operating_revenue": 725641, 
        "long_term_average": 103663, 
        "short_term_average": 111158
    }, 
    {
        "date": "2012-08-31", 
        "operating_revenue": 114467, 
        "accumulated_operating_revenue": 840108, 
        "long_term_average": 105013, 
        "short_term_average": 112436
    }, 
    {
        "date": "2012-09-30", 
        "operating_revenue": 120787, 
        "accumulated_operating_revenue": 960895, 
        "long_term_average": 106766, 
        "short_term_average": 115675
    }, 
    {
        "date": "2012-10-31", 
        "operating_revenue": 111710, 
        "accumulated_operating_revenue": 1072605, 
        "long_term_average": 107260, 
        "short_term_average": 115654
    }, 
    {
        "date": "2012-11-30", 
        "operating_revenue": 117037, 
        "accumulated_operating_revenue": 1189642, 
        "long_term_average": 108149, 
        "short_term_average": 116511
    }, 
    {
        "date": "2012-12-31", 
        "operating_revenue": 112442, 
        "accumulated_operating_revenue": 1302084, 
        "long_term_average": 108507, 
        "short_term_average": 113729
    }, 
    {
        "accumulated_operating_revenue_yoy": 24.849642344511796, 
        "accumulated_operating_revenue": 105247, 
        "long_term_average": 110252, 
        "date": "2013-01-31", 
        "operating_revenue": 105247, 
        "short_term_average": 111575
    }, 
    {
        "accumulated_operating_revenue_yoy": 1.1269768328084195, 
        "accumulated_operating_revenue": 180453, 
        "long_term_average": 108674, 
        "date": "2013-02-28", 
        "operating_revenue": 75206, 
        "short_term_average": 97631
    }, 
    {
        "accumulated_operating_revenue_yoy": -2.8358922153200505, 
        "accumulated_operating_revenue": 280608, 
        "long_term_average": 107824, 
        "date": "2013-03-31", 
        "operating_revenue": 100155, 
        "short_term_average": 93536
    }, 
    {
        "accumulated_operating_revenue_yoy": -2.8554161874915533, 
        "accumulated_operating_revenue": 380969, 
        "long_term_average": 107573, 
        "date": "2013-04-30", 
        "operating_revenue": 100361, 
        "short_term_average": 91907
    }, 
    {
        "accumulated_operating_revenue_yoy": -6.1871642545032906, 
        "accumulated_operating_revenue": 471690, 
        "long_term_average": 105914, 
        "date": "2013-05-31", 
        "operating_revenue": 90721, 
        "short_term_average": 97079
    }, 
    {
        "accumulated_operating_revenue_yoy": -8.315930082916578, 
        "accumulated_operating_revenue": 562821, 
        "long_term_average": 104252, 
        "date": "2013-06-30", 
        "operating_revenue": 91131, 
        "short_term_average": 94071
    }, 
    {
        "accumulated_operating_revenue_yoy": -11.009989788338862, 
        "accumulated_operating_revenue": 645748, 
        "long_term_average": 101849, 
        "date": "2013-07-31", 
        "operating_revenue": 82927, 
        "short_term_average": 88259
    }, 
    {
        "accumulated_operating_revenue_yoy": -12.787522556623673, 
        "accumulated_operating_revenue": 732679, 
        "long_term_average": 99554, 
        "date": "2013-08-31", 
        "operating_revenue": 86931, 
        "short_term_average": 86996
    }, 
    {
        "accumulated_operating_revenue_yoy": -14.258789982256125, 
        "accumulated_operating_revenue": 823883, 
        "long_term_average": 97089, 
        "date": "2013-09-30", 
        "operating_revenue": 91204, 
        "short_term_average": 87020
    }, 
    {
        "accumulated_operating_revenue_yoy": -14.589900289482149, 
        "accumulated_operating_revenue": 916113, 
        "long_term_average": 95466, 
        "date": "2013-10-31", 
        "operating_revenue": 92230, 
        "short_term_average": 90121
    }, 
    {
        "accumulated_operating_revenue_yoy": -15.370338303455997, 
        "accumulated_operating_revenue": 1006790, 
        "long_term_average": 93269, 
        "date": "2013-11-30", 
        "operating_revenue": 90677, 
        "short_term_average": 91370
    }, 
    {
        "accumulated_operating_revenue_yoy": -14.872696385179452, 
        "accumulated_operating_revenue": 1108429, 
        "long_term_average": 92369, 
        "date": "2013-12-31", 
        "operating_revenue": 101639, 
        "short_term_average": 94848
    }, 
    {
        "accumulated_operating_revenue_yoy": -4.583503567797656, 
        "accumulated_operating_revenue": 100423, 
        "long_term_average": 91967, 
        "date": "2014-01-31", 
        "operating_revenue": 100423, 
        "short_term_average": 97579
    }, 
    {
        "accumulated_operating_revenue_yoy": 1.5001136029880358, 
        "accumulated_operating_revenue": 183160, 
        "long_term_average": 92594, 
        "date": "2014-02-28", 
        "operating_revenue": 82737, 
        "short_term_average": 94933
    }, 
    {
        "accumulated_operating_revenue_yoy": -6.126696316569735, 
        "accumulated_operating_revenue": 263416, 
        "long_term_average": 90936, 
        "date": "2014-03-31", 
        "operating_revenue": 80256, 
        "short_term_average": 87805
    }, 
    {
        "accumulated_operating_revenue_yoy": -10.346511133451804, 
        "accumulated_operating_revenue": 341552, 
        "long_term_average": 89084, 
        "date": "2014-04-30", 
        "operating_revenue": 78136, 
        "short_term_average": 80376
    }, 
    {
        "accumulated_operating_revenue_yoy": -9.538468061650661, 
        "accumulated_operating_revenue": 426698, 
        "long_term_average": 88619, 
        "date": "2014-05-31", 
        "operating_revenue": 85146, 
        "short_term_average": 81179
    }, 
    {
        "accumulated_operating_revenue_yoy": -8.876179104901913, 
        "accumulated_operating_revenue": 512864, 
        "long_term_average": 88206, 
        "date": "2014-06-30", 
        "operating_revenue": 86166, 
        "short_term_average": 83149
    }, 
    {
        "accumulated_operating_revenue_yoy": -7.908348148194031, 
        "accumulated_operating_revenue": 594680, 
        "long_term_average": 88113, 
        "date": "2014-07-31", 
        "operating_revenue": 81816, 
        "short_term_average": 84376
    }, 
    {
        "accumulated_operating_revenue_yoy": -7.62789707361614, 
        "accumulated_operating_revenue": 676791, 
        "long_term_average": 87711, 
        "date": "2014-08-31", 
        "operating_revenue": 82111, 
        "short_term_average": 83364
    }, 
    {
        "accumulated_operating_revenue_yoy": -7.567700753626425, 
        "accumulated_operating_revenue": 761534, 
        "long_term_average": 87173, 
        "date": "2014-09-30", 
        "operating_revenue": 84743, 
        "short_term_average": 82890
    }, 
    {
        "accumulated_operating_revenue_yoy": -7.009069841820824, 
        "accumulated_operating_revenue": 851902, 
        "long_term_average": 87018, 
        "date": "2014-10-31", 
        "operating_revenue": 90368, 
        "short_term_average": 85740
    }, 
    {
        "accumulated_operating_revenue_yoy": -6.325251542029618, 
        "accumulated_operating_revenue": 943108, 
        "long_term_average": 87062, 
        "date": "2014-11-30", 
        "operating_revenue": 91206, 
        "short_term_average": 88772
    }, 
    {
        "accumulated_operating_revenue_yoy": -7.3667325557162435, 
        "accumulated_operating_revenue": 1026774, 
        "long_term_average": 85564, 
        "date": "2014-12-31", 
        "operating_revenue": 83666, 
        "short_term_average": 88413
    }, 
    {
        "accumulated_operating_revenue_yoy": -19.93368053135238, 
        "accumulated_operating_revenue": 80405, 
        "long_term_average": 83896, 
        "date": "2015-01-31", 
        "operating_revenue": 80405, 
        "short_term_average": 85092
    }, 
    {
        "accumulated_operating_revenue_yoy": -22.31273203756279, 
        "accumulated_operating_revenue": 142292, 
        "long_term_average": 82158, 
        "date": "2015-02-28", 
        "operating_revenue": 61887, 
        "short_term_average": 75319
    }, 
    {
        "accumulated_operating_revenue_yoy": -22.45193913809336, 
        "accumulated_operating_revenue": 204274, 
        "long_term_average": 80636, 
        "date": "2015-03-31", 
        "operating_revenue": 61982, 
        "short_term_average": 68091
    }, 
    {
        "accumulated_operating_revenue_yoy": -19.33556237410409, 
        "accumulated_operating_revenue": 275511, 
        "long_term_average": 80061, 
        "date": "2015-04-30", 
        "operating_revenue": 71237, 
        "short_term_average": 65035
    }, 
    {
        "accumulated_operating_revenue_yoy": -15.809542111751169, 
        "accumulated_operating_revenue": 359239, 
        "long_term_average": 79942, 
        "date": "2015-05-31", 
        "operating_revenue": 83728, 
        "short_term_average": 72315
    }, 
    {
        "accumulated_operating_revenue_yoy": -14.281368939913897, 
        "accumulated_operating_revenue": 439620, 
        "long_term_average": 79460, 
        "date": "2015-06-30", 
        "operating_revenue": 80381, 
        "short_term_average": 78448
    }, 
    {
        "accumulated_operating_revenue_yoy": -11.988296226542005, 
        "accumulated_operating_revenue": 523388, 
        "long_term_average": 79623, 
        "date": "2015-07-31", 
        "operating_revenue": 83768, 
        "short_term_average": 82625
    }, 
    {
        "accumulated_operating_revenue_yoy": -11.492026341957857, 
        "accumulated_operating_revenue": 599014, 
        "long_term_average": 79083, 
        "date": "2015-08-31", 
        "operating_revenue": 75626, 
        "short_term_average": 79925
    }, 
    {
        "accumulated_operating_revenue_yoy": -10.70733545711682, 
        "accumulated_operating_revenue": 679994, 
        "long_term_average": 78769, 
        "date": "2015-09-30", 
        "operating_revenue": 80980, 
        "short_term_average": 80124
    }
]