[
    {
        "date": "2012-01-31", 
        "operating_revenue": 84769, 
        "accumulated_operating_revenue": 84769, 
        "long_term_average": 84769, 
        "short_term_average": 84769
    }, 
    {
        "date": "2012-02-29", 
        "operating_revenue": 98020, 
        "accumulated_operating_revenue": 182789, 
        "long_term_average": 91394, 
        "short_term_average": 91394
    }, 
    {
        "date": "2012-03-31", 
        "operating_revenue": 113836, 
        "accumulated_operating_revenue": 296625, 
        "long_term_average": 98875, 
        "short_term_average": 98875
    }, 
    {
        "date": "2012-04-30", 
        "operating_revenue": 107287, 
        "accumulated_operating_revenue": 403912, 
        "long_term_average": 100978, 
        "short_term_average": 106381
    }, 
    {
        "date": "2012-05-31", 
        "operating_revenue": 110341, 
        "accumulated_operating_revenue": 514253, 
        "long_term_average": 102850, 
        "short_term_average": 110488
    }, 
    {
        "date": "2012-06-30", 
        "operating_revenue": 98132, 
        "accumulated_operating_revenue": 612385, 
        "long_term_average": 102064, 
        "short_term_average": 105253
    }, 
    {
        "date": "2012-07-31", 
        "operating_revenue": 127443, 
        "accumulated_operating_revenue": 739828, 
        "long_term_average": 105689, 
        "short_term_average": 111972
    }, 
    {
        "date": "2012-08-31", 
        "operating_revenue": 131859, 
        "accumulated_operating_revenue": 871687, 
        "long_term_average": 108960, 
        "short_term_average": 119144
    }, 
    {
        "date": "2012-09-30", 
        "operating_revenue": 138964, 
        "accumulated_operating_revenue": 1010651, 
        "long_term_average": 112294, 
        "short_term_average": 132755
    }, 
    {
        "date": "2012-10-31", 
        "operating_revenue": 116909, 
        "accumulated_operating_revenue": 1127560, 
        "long_term_average": 112756, 
        "short_term_average": 129244
    }, 
    {
        "date": "2012-11-30", 
        "operating_revenue": 118819, 
        "accumulated_operating_revenue": 1246379, 
        "long_term_average": 113307, 
        "short_term_average": 124897
    }, 
    {
        "date": "2012-12-31", 
        "operating_revenue": 130051, 
        "accumulated_operating_revenue": 1376430, 
        "long_term_average": 114702, 
        "short_term_average": 121926
    }, 
    {
        "accumulated_operating_revenue_yoy": 38.03159173754557, 
        "accumulated_operating_revenue": 117008, 
        "long_term_average": 117389, 
        "date": "2013-01-31", 
        "operating_revenue": 117008, 
        "short_term_average": 121959
    }, 
    {
        "accumulated_operating_revenue_yoy": 4.679165595303875, 
        "accumulated_operating_revenue": 191342, 
        "long_term_average": 115415, 
        "date": "2013-02-28", 
        "operating_revenue": 74334, 
        "short_term_average": 107131
    }, 
    {
        "accumulated_operating_revenue_yoy": -5.818457648546144, 
        "accumulated_operating_revenue": 279366, 
        "long_term_average": 113264, 
        "date": "2013-03-31", 
        "operating_revenue": 88024, 
        "short_term_average": 93122
    }, 
    {
        "accumulated_operating_revenue_yoy": -6.647487571550238, 
        "accumulated_operating_revenue": 377062, 
        "long_term_average": 112465, 
        "date": "2013-04-30", 
        "operating_revenue": 97696, 
        "short_term_average": 86684
    }, 
    {
        "accumulated_operating_revenue_yoy": -3.5305579160452147, 
        "accumulated_operating_revenue": 496097, 
        "long_term_average": 113189, 
        "date": "2013-05-31", 
        "operating_revenue": 119035, 
        "short_term_average": 101585
    }, 
    {
        "accumulated_operating_revenue_yoy": -1.7500428651910156, 
        "accumulated_operating_revenue": 601668, 
        "long_term_average": 113809, 
        "date": "2013-06-30", 
        "operating_revenue": 105571, 
        "short_term_average": 107434
    }, 
    {
        "accumulated_operating_revenue_yoy": -4.075406716155647, 
        "accumulated_operating_revenue": 709677, 
        "long_term_average": 112189, 
        "date": "2013-07-31", 
        "operating_revenue": 108009, 
        "short_term_average": 110871
    }, 
    {
        "accumulated_operating_revenue_yoy": -6.8499358141167646, 
        "accumulated_operating_revenue": 811977, 
        "long_term_average": 109726, 
        "date": "2013-08-31", 
        "operating_revenue": 102300, 
        "short_term_average": 105293
    }, 
    {
        "accumulated_operating_revenue_yoy": -9.803779939860545, 
        "accumulated_operating_revenue": 911569, 
        "long_term_average": 106445, 
        "date": "2013-09-30", 
        "operating_revenue": 99592, 
        "short_term_average": 103300
    }, 
    {
        "accumulated_operating_revenue_yoy": -10.896360282379652, 
        "accumulated_operating_revenue": 1004697, 
        "long_term_average": 104463, 
        "date": "2013-10-31", 
        "operating_revenue": 93128, 
        "short_term_average": 98340
    }, 
    {
        "accumulated_operating_revenue_yoy": -12.22517388370632, 
        "accumulated_operating_revenue": 1094007, 
        "long_term_average": 102004, 
        "date": "2013-11-30", 
        "operating_revenue": 89310, 
        "short_term_average": 94010
    }, 
    {
        "accumulated_operating_revenue_yoy": -13.967510153077164, 
        "accumulated_operating_revenue": 1184177, 
        "long_term_average": 98681, 
        "date": "2013-12-31", 
        "operating_revenue": 90170, 
        "short_term_average": 90869
    }, 
    {
        "accumulated_operating_revenue_yoy": -43.4141255298783, 
        "accumulated_operating_revenue": 66210, 
        "long_term_average": 94448, 
        "date": "2014-01-31", 
        "operating_revenue": 66210, 
        "short_term_average": 81896
    }, 
    {
        "accumulated_operating_revenue_yoy": -32.40846233445872, 
        "accumulated_operating_revenue": 129331, 
        "long_term_average": 93513, 
        "date": "2014-02-28", 
        "operating_revenue": 63121, 
        "short_term_average": 73167
    }, 
    {
        "accumulated_operating_revenue_yoy": -17.76057215265995, 
        "accumulated_operating_revenue": 229749, 
        "long_term_average": 94546, 
        "date": "2014-03-31", 
        "operating_revenue": 100418, 
        "short_term_average": 76583
    }, 
    {
        "accumulated_operating_revenue_yoy": -17.014973664808437, 
        "accumulated_operating_revenue": 312905, 
        "long_term_average": 93335, 
        "date": "2014-04-30", 
        "operating_revenue": 83156, 
        "short_term_average": 82231
    }, 
    {
        "accumulated_operating_revenue_yoy": -14.26192861476687, 
        "accumulated_operating_revenue": 425344, 
        "long_term_average": 92785, 
        "date": "2014-05-31", 
        "operating_revenue": 112439, 
        "short_term_average": 98671
    }, 
    {
        "accumulated_operating_revenue_yoy": -11.489392821290147, 
        "accumulated_operating_revenue": 532540, 
        "long_term_average": 92920, 
        "date": "2014-06-30", 
        "operating_revenue": 107196, 
        "short_term_average": 100930
    }, 
    {
        "accumulated_operating_revenue_yoy": -6.8129585712937, 
        "accumulated_operating_revenue": 661327, 
        "long_term_average": 94652, 
        "date": "2014-07-31", 
        "operating_revenue": 128787, 
        "short_term_average": 116140
    }, 
    {
        "accumulated_operating_revenue_yoy": -2.4504388671107677, 
        "accumulated_operating_revenue": 792080, 
        "long_term_average": 97023, 
        "date": "2014-08-31", 
        "operating_revenue": 130753, 
        "short_term_average": 122245
    }, 
    {
        "accumulated_operating_revenue_yoy": -0.458111234585643, 
        "accumulated_operating_revenue": 907393, 
        "long_term_average": 98333, 
        "date": "2014-09-30", 
        "operating_revenue": 115313, 
        "short_term_average": 124951
    }, 
    {
        "accumulated_operating_revenue_yoy": 0.822437013348303, 
        "accumulated_operating_revenue": 1012960, 
        "long_term_average": 99370, 
        "date": "2014-10-31", 
        "operating_revenue": 105567, 
        "short_term_average": 117211
    }, 
    {
        "accumulated_operating_revenue_yoy": 1.1538317396506603, 
        "accumulated_operating_revenue": 1106630, 
        "long_term_average": 99733, 
        "date": "2014-11-30", 
        "operating_revenue": 93670, 
        "short_term_average": 104850
    }, 
    {
        "accumulated_operating_revenue_yoy": 2.282682403052922, 
        "accumulated_operating_revenue": 1211208, 
        "long_term_average": 100934, 
        "date": "2014-12-31", 
        "operating_revenue": 104578, 
        "short_term_average": 101271
    }, 
    {
        "accumulated_operating_revenue_yoy": 43.22156773901224, 
        "accumulated_operating_revenue": 94827, 
        "long_term_average": 103318, 
        "date": "2015-01-31", 
        "operating_revenue": 94827, 
        "short_term_average": 97691
    }, 
    {
        "accumulated_operating_revenue_yoy": 35.85451283914916, 
        "accumulated_operating_revenue": 175702, 
        "long_term_average": 104798, 
        "date": "2015-02-28", 
        "operating_revenue": 80875, 
        "short_term_average": 93426
    }, 
    {
        "accumulated_operating_revenue_yoy": 21.707602644625222, 
        "accumulated_operating_revenue": 279622, 
        "long_term_average": 105090, 
        "date": "2015-03-31", 
        "operating_revenue": 103920, 
        "short_term_average": 93207
    }, 
    {
        "accumulated_operating_revenue_yoy": 24.669787954810566, 
        "accumulated_operating_revenue": 390098, 
        "long_term_average": 107366, 
        "date": "2015-04-30", 
        "operating_revenue": 110476, 
        "short_term_average": 98423
    }, 
    {
        "accumulated_operating_revenue_yoy": 19.553584863075535, 
        "accumulated_operating_revenue": 508514, 
        "long_term_average": 107864, 
        "date": "2015-05-31", 
        "operating_revenue": 118416, 
        "short_term_average": 110937
    }, 
    {
        "accumulated_operating_revenue_yoy": 21.309948548465844, 
        "accumulated_operating_revenue": 646024, 
        "long_term_average": 110391, 
        "date": "2015-06-30", 
        "operating_revenue": 137510, 
        "short_term_average": 122134
    }, 
    {
        "accumulated_operating_revenue_yoy": 22.51276599927116, 
        "accumulated_operating_revenue": 810210, 
        "long_term_average": 113340, 
        "date": "2015-07-31", 
        "operating_revenue": 164186, 
        "short_term_average": 140037
    }, 
    {
        "accumulated_operating_revenue_yoy": 21.317417432582566, 
        "accumulated_operating_revenue": 960931, 
        "long_term_average": 115004, 
        "date": "2015-08-31", 
        "operating_revenue": 150721, 
        "short_term_average": 150805
    }
]