[
    {
        "date": "2011-09-30", 
        "operating_revenue": 68361, 
        "accumulated_operating_revenue": 68361, 
        "long_term_average": 68361, 
        "short_term_average": 68361
    }, 
    {
        "date": "2011-10-31", 
        "operating_revenue": 74187, 
        "accumulated_operating_revenue": 142548, 
        "long_term_average": 71274, 
        "short_term_average": 71274
    }, 
    {
        "date": "2011-11-30", 
        "operating_revenue": 81513, 
        "accumulated_operating_revenue": 224061, 
        "long_term_average": 74687, 
        "short_term_average": 74687
    }, 
    {
        "date": "2011-12-31", 
        "operating_revenue": 62842, 
        "accumulated_operating_revenue": 286903, 
        "long_term_average": 71725, 
        "short_term_average": 72847
    }, 
    {
        "date": "2012-01-31", 
        "operating_revenue": 53780, 
        "accumulated_operating_revenue": 53780, 
        "long_term_average": 68136, 
        "short_term_average": 66045
    }, 
    {
        "date": "2012-02-29", 
        "operating_revenue": 60467, 
        "accumulated_operating_revenue": 114247, 
        "long_term_average": 66858, 
        "short_term_average": 59029
    }, 
    {
        "date": "2012-03-31", 
        "operating_revenue": 59677, 
        "accumulated_operating_revenue": 173924, 
        "long_term_average": 65832, 
        "short_term_average": 57974
    }, 
    {
        "date": "2012-04-30", 
        "operating_revenue": 63355, 
        "accumulated_operating_revenue": 237279, 
        "long_term_average": 65522, 
        "short_term_average": 61166
    }, 
    {
        "date": "2012-05-31", 
        "operating_revenue": 85650, 
        "accumulated_operating_revenue": 322929, 
        "long_term_average": 67759, 
        "short_term_average": 69560
    }, 
    {
        "date": "2012-06-30", 
        "operating_revenue": 80394, 
        "accumulated_operating_revenue": 403323, 
        "long_term_average": 69022, 
        "short_term_average": 76466
    }, 
    {
        "date": "2012-07-31", 
        "operating_revenue": 73928, 
        "accumulated_operating_revenue": 477251, 
        "long_term_average": 69468, 
        "short_term_average": 79990
    }, 
    {
        "date": "2012-08-31", 
        "operating_revenue": 116019, 
        "accumulated_operating_revenue": 593270, 
        "long_term_average": 73347, 
        "short_term_average": 90113
    }, 
    {
        "accumulated_operating_revenue_yoy": 877.2414095756352, 
        "accumulated_operating_revenue": 668052, 
        "long_term_average": 73882, 
        "date": "2012-09-30", 
        "operating_revenue": 74782, 
        "short_term_average": 88243
    }, 
    {
        "accumulated_operating_revenue_yoy": 416.68911524539106, 
        "accumulated_operating_revenue": 736530, 
        "long_term_average": 73407, 
        "date": "2012-10-31", 
        "operating_revenue": 68478, 
        "short_term_average": 86426
    }, 
    {
        "accumulated_operating_revenue_yoy": 273.5344392821597, 
        "accumulated_operating_revenue": 836945, 
        "long_term_average": 74982, 
        "date": "2012-11-30", 
        "operating_revenue": 100415, 
        "short_term_average": 81225
    }, 
    {
        "accumulated_operating_revenue_yoy": 213.7349557167405, 
        "accumulated_operating_revenue": 900115, 
        "long_term_average": 75009, 
        "date": "2012-12-31", 
        "operating_revenue": 63170, 
        "short_term_average": 77354
    }, 
    {
        "accumulated_operating_revenue_yoy": 18.29862402380067, 
        "accumulated_operating_revenue": 63621, 
        "long_term_average": 75829, 
        "date": "2013-01-31", 
        "operating_revenue": 63621, 
        "short_term_average": 75735
    }, 
    {
        "accumulated_operating_revenue_yoy": -13.331641093420396, 
        "accumulated_operating_revenue": 99016, 
        "long_term_average": 73740, 
        "date": "2013-02-28", 
        "operating_revenue": 35395, 
        "short_term_average": 54062
    }, 
    {
        "accumulated_operating_revenue_yoy": -17.979117315609116, 
        "accumulated_operating_revenue": 142654, 
        "long_term_average": 72403, 
        "date": "2013-03-31", 
        "operating_revenue": 43638, 
        "short_term_average": 47551
    }, 
    {
        "accumulated_operating_revenue_yoy": -3.9051074894954887, 
        "accumulated_operating_revenue": 228013, 
        "long_term_average": 74237, 
        "date": "2013-04-30", 
        "operating_revenue": 85359, 
        "short_term_average": 54797
    }, 
    {
        "accumulated_operating_revenue_yoy": -2.5987136491303042, 
        "accumulated_operating_revenue": 314537, 
        "long_term_average": 74310, 
        "date": "2013-05-31", 
        "operating_revenue": 86524, 
        "short_term_average": 71840
    }, 
    {
        "accumulated_operating_revenue_yoy": -7.924169958073306, 
        "accumulated_operating_revenue": 371363, 
        "long_term_average": 72346, 
        "date": "2013-06-30", 
        "operating_revenue": 56826, 
        "short_term_average": 76236
    }, 
    {
        "accumulated_operating_revenue_yoy": -7.328009789398032, 
        "accumulated_operating_revenue": 442278, 
        "long_term_average": 72095, 
        "date": "2013-07-31", 
        "operating_revenue": 70915, 
        "short_term_average": 71421
    }, 
    {
        "accumulated_operating_revenue_yoy": -13.619768402245183, 
        "accumulated_operating_revenue": 512468, 
        "long_term_average": 68276, 
        "date": "2013-08-31", 
        "operating_revenue": 70190, 
        "short_term_average": 65977
    }, 
    {
        "accumulated_operating_revenue_yoy": -14.99583864729093, 
        "accumulated_operating_revenue": 567872, 
        "long_term_average": 66661, 
        "date": "2013-09-30", 
        "operating_revenue": 55404, 
        "short_term_average": 65503
    }, 
    {
        "accumulated_operating_revenue_yoy": -16.280124366964007, 
        "accumulated_operating_revenue": 616622, 
        "long_term_average": 65017, 
        "date": "2013-10-31", 
        "operating_revenue": 48750, 
        "short_term_average": 58114
    }, 
    {
        "accumulated_operating_revenue_yoy": -16.579823046914672, 
        "accumulated_operating_revenue": 698181, 
        "long_term_average": 63445, 
        "date": "2013-11-30", 
        "operating_revenue": 81559, 
        "short_term_average": 61904
    }, 
    {
        "accumulated_operating_revenue_yoy": -16.277697849719203, 
        "accumulated_operating_revenue": 753597, 
        "long_term_average": 62799, 
        "date": "2013-12-31", 
        "operating_revenue": 55416, 
        "short_term_average": 61908
    }, 
    {
        "accumulated_operating_revenue_yoy": -29.432105751245658, 
        "accumulated_operating_revenue": 44896, 
        "long_term_average": 61239, 
        "date": "2014-01-31", 
        "operating_revenue": 44896, 
        "short_term_average": 60623
    }, 
    {
        "accumulated_operating_revenue_yoy": -30.286014381514097, 
        "accumulated_operating_revenue": 69028, 
        "long_term_average": 60300, 
        "date": "2014-02-28", 
        "operating_revenue": 24132, 
        "short_term_average": 41481
    }, 
    {
        "accumulated_operating_revenue_yoy": -10.231749547857053, 
        "accumulated_operating_revenue": 128058, 
        "long_term_average": 61583, 
        "date": "2014-03-31", 
        "operating_revenue": 59030, 
        "short_term_average": 42686
    }, 
    {
        "accumulated_operating_revenue_yoy": -17.484967962353025, 
        "accumulated_operating_revenue": 188145, 
        "long_term_average": 59477, 
        "date": "2014-04-30", 
        "operating_revenue": 60087, 
        "short_term_average": 47749
    }, 
    {
        "accumulated_operating_revenue_yoy": -26.542505333235834, 
        "accumulated_operating_revenue": 231051, 
        "long_term_average": 55842, 
        "date": "2014-05-31", 
        "operating_revenue": 42906, 
        "short_term_average": 54007
    }, 
    {
        "accumulated_operating_revenue_yoy": -21.586156940783006, 
        "accumulated_operating_revenue": 291200, 
        "long_term_average": 56119, 
        "date": "2014-06-30", 
        "operating_revenue": 60149, 
        "short_term_average": 54380
    }, 
    {
        "accumulated_operating_revenue_yoy": -23.388457033811314, 
        "accumulated_operating_revenue": 338836, 
        "long_term_average": 54179, 
        "date": "2014-07-31", 
        "operating_revenue": 47636, 
        "short_term_average": 50230
    }, 
    {
        "accumulated_operating_revenue_yoy": -22.42657102492253, 
        "accumulated_operating_revenue": 397539, 
        "long_term_average": 53222, 
        "date": "2014-08-31", 
        "operating_revenue": 58703, 
        "short_term_average": 55496
    }, 
    {
        "accumulated_operating_revenue_yoy": -20.568719711484277, 
        "accumulated_operating_revenue": 451068, 
        "long_term_average": 53066, 
        "date": "2014-09-30", 
        "operating_revenue": 53529, 
        "short_term_average": 53289
    }, 
    {
        "accumulated_operating_revenue_yoy": -16.691749564563054, 
        "accumulated_operating_revenue": 513697, 
        "long_term_average": 54222, 
        "date": "2014-10-31", 
        "operating_revenue": 62629, 
        "short_term_average": 58287
    }, 
    {
        "accumulated_operating_revenue_yoy": -20.41648225889848, 
        "accumulated_operating_revenue": 555637, 
        "long_term_average": 50921, 
        "date": "2014-11-30", 
        "operating_revenue": 41940, 
        "short_term_average": 52699
    }, 
    {
        "accumulated_operating_revenue_yoy": -22.753540685538823, 
        "accumulated_operating_revenue": 582127, 
        "long_term_average": 48510, 
        "date": "2014-12-31", 
        "operating_revenue": 26490, 
        "short_term_average": 43686
    }, 
    {
        "accumulated_operating_revenue_yoy": -28.40564861012117, 
        "accumulated_operating_revenue": 32143, 
        "long_term_average": 47447, 
        "date": "2015-01-31", 
        "operating_revenue": 32143, 
        "short_term_average": 33524
    }, 
    {
        "accumulated_operating_revenue_yoy": -14.643333140175002, 
        "accumulated_operating_revenue": 58920, 
        "long_term_average": 47668, 
        "date": "2015-02-28", 
        "operating_revenue": 26777, 
        "short_term_average": 28470
    }, 
    {
        "accumulated_operating_revenue_yoy": -29.9614237298724, 
        "accumulated_operating_revenue": 89690, 
        "long_term_average": 45313, 
        "date": "2015-03-31", 
        "operating_revenue": 30770, 
        "short_term_average": 29896
    }, 
    {
        "accumulated_operating_revenue_yoy": -29.01751308830955, 
        "accumulated_operating_revenue": 133550, 
        "long_term_average": 43961, 
        "date": "2015-04-30", 
        "operating_revenue": 43860, 
        "short_term_average": 33802
    }, 
    {
        "accumulated_operating_revenue_yoy": -29.070638084232485, 
        "accumulated_operating_revenue": 163883, 
        "long_term_average": 42913, 
        "date": "2015-05-31", 
        "operating_revenue": 30333, 
        "short_term_average": 34987
    }, 
    {
        "accumulated_operating_revenue_yoy": -31.322802197802197, 
        "accumulated_operating_revenue": 199988, 
        "long_term_average": 40909, 
        "date": "2015-06-30", 
        "operating_revenue": 36105, 
        "short_term_average": 36766
    }, 
    {
        "accumulated_operating_revenue_yoy": -32.02847395200038, 
        "accumulated_operating_revenue": 230312, 
        "long_term_average": 39466, 
        "date": "2015-07-31", 
        "operating_revenue": 30324, 
        "short_term_average": 32254
    }, 
    {
        "accumulated_operating_revenue_yoy": -32.373175965125434, 
        "accumulated_operating_revenue": 268843, 
        "long_term_average": 37785, 
        "date": "2015-08-31", 
        "operating_revenue": 38531, 
        "short_term_average": 34986
    }, 
    {
        "accumulated_operating_revenue_yoy": -33.72950419892344, 
        "accumulated_operating_revenue": 298925, 
        "long_term_average": 35832, 
        "date": "2015-09-30", 
        "operating_revenue": 30082, 
        "short_term_average": 32979
    }
]