[
    {
        "date": "2011-09-30", 
        "operating_revenue": 43658, 
        "accumulated_operating_revenue": 43658, 
        "long_term_average": 43658, 
        "short_term_average": 43658
    }, 
    {
        "date": "2011-10-31", 
        "operating_revenue": 41576, 
        "accumulated_operating_revenue": 85234, 
        "long_term_average": 42617, 
        "short_term_average": 42617
    }, 
    {
        "date": "2011-11-30", 
        "operating_revenue": 48340, 
        "accumulated_operating_revenue": 133574, 
        "long_term_average": 44524, 
        "short_term_average": 44524
    }, 
    {
        "date": "2011-12-31", 
        "operating_revenue": 48558, 
        "accumulated_operating_revenue": 182132, 
        "long_term_average": 45533, 
        "short_term_average": 46158
    }, 
    {
        "date": "2012-01-31", 
        "operating_revenue": 21504, 
        "accumulated_operating_revenue": 21504, 
        "long_term_average": 40727, 
        "short_term_average": 39467
    }, 
    {
        "date": "2012-02-29", 
        "operating_revenue": 30178, 
        "accumulated_operating_revenue": 51682, 
        "long_term_average": 38969, 
        "short_term_average": 33413
    }, 
    {
        "date": "2012-03-31", 
        "operating_revenue": 35547, 
        "accumulated_operating_revenue": 87229, 
        "long_term_average": 38480, 
        "short_term_average": 29076
    }, 
    {
        "date": "2012-04-30", 
        "operating_revenue": 28860, 
        "accumulated_operating_revenue": 116089, 
        "long_term_average": 37277, 
        "short_term_average": 31528
    }, 
    {
        "date": "2012-05-31", 
        "operating_revenue": 31063, 
        "accumulated_operating_revenue": 147152, 
        "long_term_average": 36587, 
        "short_term_average": 31823
    }, 
    {
        "date": "2012-06-30", 
        "operating_revenue": 33432, 
        "accumulated_operating_revenue": 180584, 
        "long_term_average": 36271, 
        "short_term_average": 31118
    }, 
    {
        "date": "2012-07-31", 
        "operating_revenue": 35263, 
        "accumulated_operating_revenue": 215847, 
        "long_term_average": 36179, 
        "short_term_average": 33252
    }, 
    {
        "date": "2012-08-31", 
        "operating_revenue": 28177, 
        "accumulated_operating_revenue": 244024, 
        "long_term_average": 35513, 
        "short_term_average": 32290
    }, 
    {
        "accumulated_operating_revenue_yoy": 531.7627926153282, 
        "accumulated_operating_revenue": 275815, 
        "long_term_average": 34524, 
        "date": "2012-09-30", 
        "operating_revenue": 31791, 
        "short_term_average": 31743
    }, 
    {
        "accumulated_operating_revenue_yoy": 256.86345824436256, 
        "accumulated_operating_revenue": 304169, 
        "long_term_average": 33422, 
        "date": "2012-10-31", 
        "operating_revenue": 28354, 
        "short_term_average": 29440
    }, 
    {
        "accumulated_operating_revenue_yoy": 154.64087322383097, 
        "accumulated_operating_revenue": 340134, 
        "long_term_average": 32391, 
        "date": "2012-11-30", 
        "operating_revenue": 35965, 
        "short_term_average": 32036
    }, 
    {
        "accumulated_operating_revenue_yoy": 100.61933103463423, 
        "accumulated_operating_revenue": 365392, 
        "long_term_average": 30449, 
        "date": "2012-12-31", 
        "operating_revenue": 25258, 
        "short_term_average": 29859
    }, 
    {
        "accumulated_operating_revenue_yoy": 58.57979910714286, 
        "accumulated_operating_revenue": 34101, 
        "long_term_average": 31499, 
        "date": "2013-01-31", 
        "operating_revenue": 34101, 
        "short_term_average": 31774
    }, 
    {
        "accumulated_operating_revenue_yoy": -2.979760845168531, 
        "accumulated_operating_revenue": 50142, 
        "long_term_average": 30321, 
        "date": "2013-02-28", 
        "operating_revenue": 16041, 
        "short_term_average": 25133
    }, 
    {
        "accumulated_operating_revenue_yoy": -9.457863783833357, 
        "accumulated_operating_revenue": 78979, 
        "long_term_average": 29761, 
        "date": "2013-03-31", 
        "operating_revenue": 28837, 
        "short_term_average": 26326
    }, 
    {
        "accumulated_operating_revenue_yoy": -4.568046929510978, 
        "accumulated_operating_revenue": 110786, 
        "long_term_average": 30007, 
        "date": "2013-04-30", 
        "operating_revenue": 31807, 
        "short_term_average": 25561
    }, 
    {
        "accumulated_operating_revenue_yoy": -0.3411438512558443, 
        "accumulated_operating_revenue": 146650, 
        "long_term_average": 30407, 
        "date": "2013-05-31", 
        "operating_revenue": 35864, 
        "short_term_average": 32169
    }, 
    {
        "accumulated_operating_revenue_yoy": -3.8153989279227396, 
        "accumulated_operating_revenue": 173694, 
        "long_term_average": 29875, 
        "date": "2013-06-30", 
        "operating_revenue": 27044, 
        "short_term_average": 31571
    }, 
    {
        "accumulated_operating_revenue_yoy": -4.91922519191835, 
        "accumulated_operating_revenue": 205229, 
        "long_term_average": 29564, 
        "date": "2013-07-31", 
        "operating_revenue": 31535, 
        "short_term_average": 31481
    }, 
    {
        "accumulated_operating_revenue_yoy": -2.5661410353080027, 
        "accumulated_operating_revenue": 237762, 
        "long_term_average": 29927, 
        "date": "2013-08-31", 
        "operating_revenue": 32533, 
        "short_term_average": 30370
    }, 
    {
        "accumulated_operating_revenue_yoy": -2.2402697460254157, 
        "accumulated_operating_revenue": 269636, 
        "long_term_average": 29934, 
        "date": "2013-09-30", 
        "operating_revenue": 31874, 
        "short_term_average": 31980
    }, 
    {
        "accumulated_operating_revenue_yoy": -0.2932580243220052, 
        "accumulated_operating_revenue": 303277, 
        "long_term_average": 30375, 
        "date": "2013-10-31", 
        "operating_revenue": 33641, 
        "short_term_average": 32682
    }, 
    {
        "accumulated_operating_revenue_yoy": -1.4073865006144637, 
        "accumulated_operating_revenue": 335347, 
        "long_term_average": 30050, 
        "date": "2013-11-30", 
        "operating_revenue": 32070, 
        "short_term_average": 32528
    }, 
    {
        "accumulated_operating_revenue_yoy": -0.44144370976923414, 
        "accumulated_operating_revenue": 363779, 
        "long_term_average": 30314, 
        "date": "2013-12-31", 
        "operating_revenue": 28432, 
        "short_term_average": 31381
    }, 
    {
        "accumulated_operating_revenue_yoy": -9.117034691064777, 
        "accumulated_operating_revenue": 30992, 
        "long_term_average": 30055, 
        "date": "2014-01-31", 
        "operating_revenue": 30992, 
        "short_term_average": 30498
    }, 
    {
        "accumulated_operating_revenue_yoy": 12.063738981293127, 
        "accumulated_operating_revenue": 56191, 
        "long_term_average": 30819, 
        "date": "2014-02-28", 
        "operating_revenue": 25199, 
        "short_term_average": 28207
    }, 
    {
        "accumulated_operating_revenue_yoy": 14.659593056382075, 
        "accumulated_operating_revenue": 90557, 
        "long_term_average": 31279, 
        "date": "2014-03-31", 
        "operating_revenue": 34366, 
        "short_term_average": 30185
    }, 
    {
        "accumulated_operating_revenue_yoy": 15.658115646381313, 
        "accumulated_operating_revenue": 128133, 
        "long_term_average": 31760, 
        "date": "2014-04-30", 
        "operating_revenue": 37576, 
        "short_term_average": 32380
    }, 
    {
        "accumulated_operating_revenue_yoy": 10.806682577565633, 
        "accumulated_operating_revenue": 162498, 
        "long_term_average": 31635, 
        "date": "2014-05-31", 
        "operating_revenue": 34365, 
        "short_term_average": 35435
    }, 
    {
        "accumulated_operating_revenue_yoy": 10.375142491968635, 
        "accumulated_operating_revenue": 191715, 
        "long_term_average": 31816, 
        "date": "2014-06-30", 
        "operating_revenue": 29217, 
        "short_term_average": 33719
    }, 
    {
        "accumulated_operating_revenue_yoy": 10.684162569617355, 
        "accumulated_operating_revenue": 227156, 
        "long_term_average": 32142, 
        "date": "2014-07-31", 
        "operating_revenue": 35441, 
        "short_term_average": 33007
    }, 
    {
        "accumulated_operating_revenue_yoy": 8.977885448473684, 
        "accumulated_operating_revenue": 259108, 
        "long_term_average": 32093, 
        "date": "2014-08-31", 
        "operating_revenue": 31952, 
        "short_term_average": 32203
    }, 
    {
        "accumulated_operating_revenue_yoy": 8.888649883546709, 
        "accumulated_operating_revenue": 293603, 
        "long_term_average": 32312, 
        "date": "2014-09-30", 
        "operating_revenue": 34495, 
        "short_term_average": 33962
    }, 
    {
        "accumulated_operating_revenue_yoy": 7.420608882308913, 
        "accumulated_operating_revenue": 325782, 
        "long_term_average": 32190, 
        "date": "2014-10-31", 
        "operating_revenue": 32179, 
        "short_term_average": 32875
    }, 
    {
        "accumulated_operating_revenue_yoy": 6.314354981556418, 
        "accumulated_operating_revenue": 356522, 
        "long_term_average": 32079, 
        "date": "2014-11-30", 
        "operating_revenue": 30740, 
        "short_term_average": 32471
    }, 
    {
        "accumulated_operating_revenue_yoy": 5.991000030238139, 
        "accumulated_operating_revenue": 385573, 
        "long_term_average": 32131, 
        "date": "2014-12-31", 
        "operating_revenue": 29051, 
        "short_term_average": 30656
    }, 
    {
        "accumulated_operating_revenue_yoy": -12.132163138874548, 
        "accumulated_operating_revenue": 27232, 
        "long_term_average": 31817, 
        "date": "2015-01-31", 
        "operating_revenue": 27232, 
        "short_term_average": 29007
    }, 
    {
        "accumulated_operating_revenue_yoy": -28.5632930540478, 
        "accumulated_operating_revenue": 40141, 
        "long_term_average": 30793, 
        "date": "2015-02-28", 
        "operating_revenue": 12909, 
        "short_term_average": 23064
    }, 
    {
        "accumulated_operating_revenue_yoy": -27.79244012058703, 
        "accumulated_operating_revenue": 65389, 
        "long_term_average": 30033, 
        "date": "2015-03-31", 
        "operating_revenue": 25248, 
        "short_term_average": 21796
    }, 
    {
        "accumulated_operating_revenue_yoy": -30.732910335354667, 
        "accumulated_operating_revenue": 88754, 
        "long_term_average": 28849, 
        "date": "2015-04-30", 
        "operating_revenue": 23365, 
        "short_term_average": 20507
    }, 
    {
        "accumulated_operating_revenue_yoy": -31.764698642444827, 
        "accumulated_operating_revenue": 110881, 
        "long_term_average": 27829, 
        "date": "2015-05-31", 
        "operating_revenue": 22127, 
        "short_term_average": 23580
    }, 
    {
        "accumulated_operating_revenue_yoy": -33.06261899173252, 
        "accumulated_operating_revenue": 128329, 
        "long_term_average": 26848, 
        "date": "2015-06-30", 
        "operating_revenue": 17448, 
        "short_term_average": 20980
    }, 
    {
        "accumulated_operating_revenue_yoy": -35.15469545158393, 
        "accumulated_operating_revenue": 147300, 
        "long_term_average": 25476, 
        "date": "2015-07-31", 
        "operating_revenue": 18971, 
        "short_term_average": 19515
    }, 
    {
        "accumulated_operating_revenue_yoy": -35.60445837257051, 
        "accumulated_operating_revenue": 166854, 
        "long_term_average": 24443, 
        "date": "2015-08-31", 
        "operating_revenue": 19554, 
        "short_term_average": 18657
    }, 
    {
        "accumulated_operating_revenue_yoy": -32.33890661880158, 
        "accumulated_operating_revenue": 198655, 
        "long_term_average": 24218, 
        "date": "2015-09-30", 
        "operating_revenue": 31801, 
        "short_term_average": 23442
    }
]