[
    {
        "date": "2011-09-30", 
        "operating_revenue": 112238, 
        "accumulated_operating_revenue": 112238, 
        "long_term_average": 112238, 
        "short_term_average": 112238
    }, 
    {
        "date": "2011-10-31", 
        "operating_revenue": 102833, 
        "accumulated_operating_revenue": 215071, 
        "long_term_average": 107535, 
        "short_term_average": 107535
    }, 
    {
        "date": "2011-11-30", 
        "operating_revenue": 119174, 
        "accumulated_operating_revenue": 334245, 
        "long_term_average": 111415, 
        "short_term_average": 111415
    }, 
    {
        "date": "2011-12-31", 
        "operating_revenue": 121026, 
        "accumulated_operating_revenue": 455271, 
        "long_term_average": 113817, 
        "short_term_average": 114344
    }, 
    {
        "date": "2012-01-31", 
        "operating_revenue": 93797, 
        "accumulated_operating_revenue": 93797, 
        "long_term_average": 109813, 
        "short_term_average": 111332
    }, 
    {
        "date": "2012-02-29", 
        "operating_revenue": 113142, 
        "accumulated_operating_revenue": 206939, 
        "long_term_average": 110368, 
        "short_term_average": 109321
    }, 
    {
        "date": "2012-03-31", 
        "operating_revenue": 130528, 
        "accumulated_operating_revenue": 337467, 
        "long_term_average": 113248, 
        "short_term_average": 112489
    }, 
    {
        "date": "2012-04-30", 
        "operating_revenue": 122515, 
        "accumulated_operating_revenue": 459982, 
        "long_term_average": 114406, 
        "short_term_average": 122061
    }, 
    {
        "date": "2012-05-31", 
        "operating_revenue": 129266, 
        "accumulated_operating_revenue": 589248, 
        "long_term_average": 116057, 
        "short_term_average": 127436
    }, 
    {
        "date": "2012-06-30", 
        "operating_revenue": 133705, 
        "accumulated_operating_revenue": 722953, 
        "long_term_average": 117822, 
        "short_term_average": 128495
    }, 
    {
        "date": "2012-07-31", 
        "operating_revenue": 136056, 
        "accumulated_operating_revenue": 859009, 
        "long_term_average": 119480, 
        "short_term_average": 133009
    }, 
    {
        "date": "2012-08-31", 
        "operating_revenue": 138068, 
        "accumulated_operating_revenue": 997077, 
        "long_term_average": 121029, 
        "short_term_average": 135943
    }, 
    {
        "accumulated_operating_revenue_yoy": 909.7462534970331, 
        "accumulated_operating_revenue": 1133319, 
        "long_term_average": 123029, 
        "date": "2012-09-30", 
        "operating_revenue": 136242, 
        "short_term_average": 136788
    }, 
    {
        "accumulated_operating_revenue_yoy": 483.0460638579818, 
        "accumulated_operating_revenue": 1253963, 
        "long_term_average": 124513, 
        "date": "2012-10-31", 
        "operating_revenue": 120644, 
        "short_term_average": 131651
    }, 
    {
        "accumulated_operating_revenue_yoy": 314.1617675657078, 
        "accumulated_operating_revenue": 1384315, 
        "long_term_average": 125445, 
        "date": "2012-11-30", 
        "operating_revenue": 130352, 
        "short_term_average": 129079
    }, 
    {
        "accumulated_operating_revenue_yoy": 231.18823733556496, 
        "accumulated_operating_revenue": 1507804, 
        "long_term_average": 125650, 
        "date": "2012-12-31", 
        "operating_revenue": 123489, 
        "short_term_average": 124828
    }, 
    {
        "accumulated_operating_revenue_yoy": 29.571308250796935, 
        "accumulated_operating_revenue": 121534, 
        "long_term_average": 127961, 
        "date": "2013-01-31", 
        "operating_revenue": 121534, 
        "short_term_average": 125125
    }, 
    {
        "accumulated_operating_revenue_yoy": 6.89430218566824, 
        "accumulated_operating_revenue": 221206, 
        "long_term_average": 126839, 
        "date": "2013-02-28", 
        "operating_revenue": 99672, 
        "short_term_average": 114898
    }, 
    {
        "accumulated_operating_revenue_yoy": 2.6467773145226055, 
        "accumulated_operating_revenue": 346399, 
        "long_term_average": 126394, 
        "date": "2013-03-31", 
        "operating_revenue": 125193, 
        "short_term_average": 115466
    }, 
    {
        "accumulated_operating_revenue_yoy": 8.611858724906627, 
        "accumulated_operating_revenue": 499595, 
        "long_term_average": 128951, 
        "date": "2013-04-30", 
        "operating_revenue": 153196, 
        "short_term_average": 126020
    }, 
    {
        "accumulated_operating_revenue_yoy": 7.741562126642772, 
        "accumulated_operating_revenue": 634865, 
        "long_term_average": 129451, 
        "date": "2013-05-31", 
        "operating_revenue": 135270, 
        "short_term_average": 137886
    }, 
    {
        "accumulated_operating_revenue_yoy": 8.334843343896491, 
        "accumulated_operating_revenue": 783210, 
        "long_term_average": 130671, 
        "date": "2013-06-30", 
        "operating_revenue": 148345, 
        "short_term_average": 145603
    }, 
    {
        "accumulated_operating_revenue_yoy": 7.707136945014546, 
        "accumulated_operating_revenue": 925214, 
        "long_term_average": 131167, 
        "date": "2013-07-31", 
        "operating_revenue": 142004, 
        "short_term_average": 141873
    }, 
    {
        "accumulated_operating_revenue_yoy": 5.324262820223513, 
        "accumulated_operating_revenue": 1050164, 
        "long_term_average": 130074, 
        "date": "2013-08-31", 
        "operating_revenue": 124950, 
        "short_term_average": 138433
    }, 
    {
        "accumulated_operating_revenue_yoy": 5.196683369819089, 
        "accumulated_operating_revenue": 1192214, 
        "long_term_average": 130558, 
        "date": "2013-09-30", 
        "operating_revenue": 142050, 
        "short_term_average": 136334
    }, 
    {
        "accumulated_operating_revenue_yoy": 6.889836462479355, 
        "accumulated_operating_revenue": 1340359, 
        "long_term_average": 132850, 
        "date": "2013-10-31", 
        "operating_revenue": 148145, 
        "short_term_average": 138381
    }, 
    {
        "accumulated_operating_revenue_yoy": 7.14179937369746, 
        "accumulated_operating_revenue": 1483180, 
        "long_term_average": 133889, 
        "date": "2013-11-30", 
        "operating_revenue": 142821, 
        "short_term_average": 144338
    }, 
    {
        "accumulated_operating_revenue_yoy": 8.093492257614384, 
        "accumulated_operating_revenue": 1629838, 
        "long_term_average": 135819, 
        "date": "2013-12-31", 
        "operating_revenue": 146658, 
        "short_term_average": 145874
    }, 
    {
        "accumulated_operating_revenue_yoy": 4.316487567265128, 
        "accumulated_operating_revenue": 126780, 
        "long_term_average": 136257, 
        "date": "2014-01-31", 
        "operating_revenue": 126780, 
        "short_term_average": 138753
    }, 
    {
        "accumulated_operating_revenue_yoy": 12.553004891368227, 
        "accumulated_operating_revenue": 248974, 
        "long_term_average": 138133, 
        "date": "2014-02-28", 
        "operating_revenue": 122194, 
        "short_term_average": 131877
    }, 
    {
        "accumulated_operating_revenue_yoy": 16.13601655893926, 
        "accumulated_operating_revenue": 402294, 
        "long_term_average": 140477, 
        "date": "2014-03-31", 
        "operating_revenue": 153320, 
        "short_term_average": 134098
    }, 
    {
        "accumulated_operating_revenue_yoy": 10.684454408070538, 
        "accumulated_operating_revenue": 552974, 
        "long_term_average": 140268, 
        "date": "2014-04-30", 
        "operating_revenue": 150680, 
        "short_term_average": 142064
    }, 
    {
        "accumulated_operating_revenue_yoy": 11.334535688689721, 
        "accumulated_operating_revenue": 706824, 
        "long_term_average": 141816, 
        "date": "2014-05-31", 
        "operating_revenue": 153850, 
        "short_term_average": 152616
    }, 
    {
        "accumulated_operating_revenue_yoy": 11.662134038125153, 
        "accumulated_operating_revenue": 874549, 
        "long_term_average": 143431, 
        "date": "2014-06-30", 
        "operating_revenue": 167725, 
        "short_term_average": 157418
    }, 
    {
        "accumulated_operating_revenue_yoy": 12.757805221278536, 
        "accumulated_operating_revenue": 1043251, 
        "long_term_average": 145656, 
        "date": "2014-07-31", 
        "operating_revenue": 168702, 
        "short_term_average": 163425
    }, 
    {
        "accumulated_operating_revenue_yoy": 15.410735846972473, 
        "accumulated_operating_revenue": 1212002, 
        "long_term_average": 149306, 
        "date": "2014-08-31", 
        "operating_revenue": 168751, 
        "short_term_average": 168392
    }, 
    {
        "accumulated_operating_revenue_yoy": 15.679148206613913, 
        "accumulated_operating_revenue": 1379143, 
        "long_term_average": 151397, 
        "date": "2014-09-30", 
        "operating_revenue": 167141, 
        "short_term_average": 168198
    }, 
    {
        "accumulated_operating_revenue_yoy": 13.789663813948353, 
        "accumulated_operating_revenue": 1525190, 
        "long_term_average": 151222, 
        "date": "2014-10-31", 
        "operating_revenue": 146047, 
        "short_term_average": 160646
    }, 
    {
        "accumulated_operating_revenue_yoy": 13.245256813063822, 
        "accumulated_operating_revenue": 1679631, 
        "long_term_average": 152190, 
        "date": "2014-11-30", 
        "operating_revenue": 154441, 
        "short_term_average": 155876
    }, 
    {
        "accumulated_operating_revenue_yoy": 13.073139784444834, 
        "accumulated_operating_revenue": 1842909, 
        "long_term_average": 153575, 
        "date": "2014-12-31", 
        "operating_revenue": 163278, 
        "short_term_average": 154588
    }, 
    {
        "accumulated_operating_revenue_yoy": 31.101908818425617, 
        "accumulated_operating_revenue": 166211, 
        "long_term_average": 156861, 
        "date": "2015-01-31", 
        "operating_revenue": 166211, 
        "short_term_average": 161310
    }, 
    {
        "accumulated_operating_revenue_yoy": 26.558596479953728, 
        "accumulated_operating_revenue": 315098, 
        "long_term_average": 159086, 
        "date": "2015-02-28", 
        "operating_revenue": 148887, 
        "short_term_average": 159458
    }, 
    {
        "accumulated_operating_revenue_yoy": 23.10350141935997, 
        "accumulated_operating_revenue": 495238, 
        "long_term_average": 161321, 
        "date": "2015-03-31", 
        "operating_revenue": 180140, 
        "short_term_average": 165079
    }, 
    {
        "accumulated_operating_revenue_yoy": 17.715480293829366, 
        "accumulated_operating_revenue": 650936, 
        "long_term_average": 161739, 
        "date": "2015-04-30", 
        "operating_revenue": 155698, 
        "short_term_average": 161575
    }, 
    {
        "accumulated_operating_revenue_yoy": 14.350389913189138, 
        "accumulated_operating_revenue": 808256, 
        "long_term_average": 162028, 
        "date": "2015-05-31", 
        "operating_revenue": 157320, 
        "short_term_average": 164386
    }, 
    {
        "accumulated_operating_revenue_yoy": 10.59860568132832, 
        "accumulated_operating_revenue": 967239, 
        "long_term_average": 161299, 
        "date": "2015-06-30", 
        "operating_revenue": 158983, 
        "short_term_average": 157333
    }, 
    {
        "accumulated_operating_revenue_yoy": 10.599366787091505, 
        "accumulated_operating_revenue": 1153829, 
        "long_term_average": 162790, 
        "date": "2015-07-31", 
        "operating_revenue": 186590, 
        "short_term_average": 167631
    }, 
    {
        "accumulated_operating_revenue_yoy": 10.727787577908288, 
        "accumulated_operating_revenue": 1342023, 
        "long_term_average": 164410, 
        "date": "2015-08-31", 
        "operating_revenue": 188194, 
        "short_term_average": 177922
    }, 
    {
        "accumulated_operating_revenue_yoy": 9.827769854177557, 
        "accumulated_operating_revenue": 1514682, 
        "long_term_average": 164870, 
        "date": "2015-09-30", 
        "operating_revenue": 172659, 
        "short_term_average": 182481
    }
]