[
    {
        "date": "2011-09-30", 
        "operating_revenue": 242347, 
        "accumulated_operating_revenue": 242347, 
        "long_term_average": 242347, 
        "short_term_average": 242347
    }, 
    {
        "date": "2011-10-31", 
        "operating_revenue": 215103, 
        "accumulated_operating_revenue": 457450, 
        "long_term_average": 228725, 
        "short_term_average": 228725
    }, 
    {
        "date": "2011-11-30", 
        "operating_revenue": 130965, 
        "accumulated_operating_revenue": 588415, 
        "long_term_average": 196138, 
        "short_term_average": 196138
    }, 
    {
        "date": "2011-12-31", 
        "operating_revenue": 129343, 
        "accumulated_operating_revenue": 717758, 
        "long_term_average": 179439, 
        "short_term_average": 158470
    }, 
    {
        "date": "2012-01-31", 
        "operating_revenue": 102994, 
        "accumulated_operating_revenue": 102994, 
        "long_term_average": 164150, 
        "short_term_average": 121100
    }, 
    {
        "date": "2012-02-29", 
        "operating_revenue": 167686, 
        "accumulated_operating_revenue": 270680, 
        "long_term_average": 164739, 
        "short_term_average": 133341
    }, 
    {
        "date": "2012-03-31", 
        "operating_revenue": 192504, 
        "accumulated_operating_revenue": 463184, 
        "long_term_average": 168706, 
        "short_term_average": 154394
    }, 
    {
        "date": "2012-04-30", 
        "operating_revenue": 197031, 
        "accumulated_operating_revenue": 660215, 
        "long_term_average": 172246, 
        "short_term_average": 185740
    }, 
    {
        "date": "2012-05-31", 
        "operating_revenue": 160481, 
        "accumulated_operating_revenue": 820696, 
        "long_term_average": 170939, 
        "short_term_average": 183338
    }, 
    {
        "date": "2012-06-30", 
        "operating_revenue": 150755, 
        "accumulated_operating_revenue": 971451, 
        "long_term_average": 168920, 
        "short_term_average": 169422
    }, 
    {
        "date": "2012-07-31", 
        "operating_revenue": 163077, 
        "accumulated_operating_revenue": 1134528, 
        "long_term_average": 168389, 
        "short_term_average": 158104
    }, 
    {
        "date": "2012-08-31", 
        "operating_revenue": 185176, 
        "accumulated_operating_revenue": 1319704, 
        "long_term_average": 169788, 
        "short_term_average": 166336
    }, 
    {
        "accumulated_operating_revenue_yoy": 519.782790791716, 
        "accumulated_operating_revenue": 1502025, 
        "long_term_average": 164786, 
        "date": "2012-09-30", 
        "operating_revenue": 182321, 
        "short_term_average": 176858
    }, 
    {
        "accumulated_operating_revenue_yoy": 262.99792327030275, 
        "accumulated_operating_revenue": 1660534, 
        "long_term_average": 160070, 
        "date": "2012-10-31", 
        "operating_revenue": 158509, 
        "short_term_average": 175335
    }, 
    {
        "accumulated_operating_revenue_yoy": 208.80263079629177, 
        "accumulated_operating_revenue": 1817041, 
        "long_term_average": 162198, 
        "date": "2012-11-30", 
        "operating_revenue": 156507, 
        "short_term_average": 165779
    }, 
    {
        "accumulated_operating_revenue_yoy": 173.34268653222952, 
        "accumulated_operating_revenue": 1961939, 
        "long_term_average": 163494, 
        "date": "2012-12-31", 
        "operating_revenue": 144898, 
        "short_term_average": 153304
    }, 
    {
        "accumulated_operating_revenue_yoy": 45.906557663553215, 
        "accumulated_operating_revenue": 150275, 
        "long_term_average": 167435, 
        "date": "2013-01-31", 
        "operating_revenue": 150275, 
        "short_term_average": 150560
    }, 
    {
        "accumulated_operating_revenue_yoy": 20.19026156346978, 
        "accumulated_operating_revenue": 325331, 
        "long_term_average": 168049, 
        "date": "2013-02-28", 
        "operating_revenue": 175056, 
        "short_term_average": 156743
    }, 
    {
        "accumulated_operating_revenue_yoy": 18.567351203841238, 
        "accumulated_operating_revenue": 549185, 
        "long_term_average": 170661, 
        "date": "2013-03-31", 
        "operating_revenue": 223854, 
        "short_term_average": 183061
    }, 
    {
        "accumulated_operating_revenue_yoy": 13.040448944661968, 
        "accumulated_operating_revenue": 746310, 
        "long_term_average": 170669, 
        "date": "2013-04-30", 
        "operating_revenue": 197125, 
        "short_term_average": 198678
    }, 
    {
        "accumulated_operating_revenue_yoy": 9.309171727411854, 
        "accumulated_operating_revenue": 897096, 
        "long_term_average": 169861, 
        "date": "2013-05-31", 
        "operating_revenue": 150786, 
        "short_term_average": 190588
    }, 
    {
        "accumulated_operating_revenue_yoy": 5.563327434940105, 
        "accumulated_operating_revenue": 1025496, 
        "long_term_average": 167998, 
        "date": "2013-06-30", 
        "operating_revenue": 128400, 
        "short_term_average": 158770
    }, 
    {
        "accumulated_operating_revenue_yoy": 7.707610565803577, 
        "accumulated_operating_revenue": 1221973, 
        "long_term_average": 170782, 
        "date": "2013-07-31", 
        "operating_revenue": 196477, 
        "short_term_average": 158554
    }, 
    {
        "accumulated_operating_revenue_yoy": 9.932606099549595, 
        "accumulated_operating_revenue": 1450785, 
        "long_term_average": 174418, 
        "date": "2013-08-31", 
        "operating_revenue": 228812, 
        "short_term_average": 184563
    }, 
    {
        "accumulated_operating_revenue_yoy": 22.664336479086565, 
        "accumulated_operating_revenue": 1842449, 
        "long_term_average": 191863, 
        "date": "2013-09-30", 
        "operating_revenue": 391664, 
        "short_term_average": 272317
    }, 
    {
        "accumulated_operating_revenue_yoy": 41.08094143209353, 
        "accumulated_operating_revenue": 2342697, 
        "long_term_average": 220341, 
        "date": "2013-10-31", 
        "operating_revenue": 500248, 
        "short_term_average": 373574
    }, 
    {
        "accumulated_operating_revenue_yoy": 57.841127415396784, 
        "accumulated_operating_revenue": 2868038, 
        "long_term_average": 251078, 
        "date": "2013-11-30", 
        "operating_revenue": 525341, 
        "short_term_average": 472417
    }, 
    {
        "accumulated_operating_revenue_yoy": 65.80367687272643, 
        "accumulated_operating_revenue": 3252967, 
        "long_term_average": 271080, 
        "date": "2013-12-31", 
        "operating_revenue": 384929, 
        "short_term_average": 470172
    }, 
    {
        "accumulated_operating_revenue_yoy": 117.8758941939777, 
        "accumulated_operating_revenue": 327413, 
        "long_term_average": 285842, 
        "date": "2014-01-31", 
        "operating_revenue": 327413, 
        "short_term_average": 412561
    }, 
    {
        "accumulated_operating_revenue_yoy": 73.2122054154077, 
        "accumulated_operating_revenue": 563513, 
        "long_term_average": 290929, 
        "date": "2014-02-28", 
        "operating_revenue": 236100, 
        "short_term_average": 316147
    }, 
    {
        "accumulated_operating_revenue_yoy": 57.806932090279226, 
        "accumulated_operating_revenue": 866652, 
        "long_term_average": 297536, 
        "date": "2014-03-31", 
        "operating_revenue": 303139, 
        "short_term_average": 288884
    }, 
    {
        "accumulated_operating_revenue_yoy": 50.364325816349776, 
        "accumulated_operating_revenue": 1122184, 
        "long_term_average": 302403, 
        "date": "2014-04-30", 
        "operating_revenue": 255532, 
        "short_term_average": 264923
    }, 
    {
        "accumulated_operating_revenue_yoy": 43.03820326921534, 
        "accumulated_operating_revenue": 1283190, 
        "long_term_average": 303255, 
        "date": "2014-05-31", 
        "operating_revenue": 161006, 
        "short_term_average": 239892
    }, 
    {
        "accumulated_operating_revenue_yoy": 48.89214584942311, 
        "accumulated_operating_revenue": 1526883, 
        "long_term_average": 312862, 
        "date": "2014-06-30", 
        "operating_revenue": 243693, 
        "short_term_average": 220077
    }, 
    {
        "accumulated_operating_revenue_yoy": 49.694142178264165, 
        "accumulated_operating_revenue": 1829222, 
        "long_term_average": 321684, 
        "date": "2014-07-31", 
        "operating_revenue": 302339, 
        "short_term_average": 235679
    }, 
    {
        "accumulated_operating_revenue_yoy": 46.732010601157306, 
        "accumulated_operating_revenue": 2128766, 
        "long_term_average": 327579, 
        "date": "2014-08-31", 
        "operating_revenue": 299544, 
        "short_term_average": 281858
    }, 
    {
        "accumulated_operating_revenue_yoy": 30.42597108522407, 
        "accumulated_operating_revenue": 2403032, 
        "long_term_average": 317795, 
        "date": "2014-09-30", 
        "operating_revenue": 274266, 
        "short_term_average": 292049
    }, 
    {
        "accumulated_operating_revenue_yoy": 15.385301641654896, 
        "accumulated_operating_revenue": 2703128, 
        "long_term_average": 301116, 
        "date": "2014-10-31", 
        "operating_revenue": 300096, 
        "short_term_average": 291302
    }, 
    {
        "accumulated_operating_revenue_yoy": 3.6728592856858944, 
        "accumulated_operating_revenue": 2973377, 
        "long_term_average": 279858, 
        "date": "2014-11-30", 
        "operating_revenue": 270249, 
        "short_term_average": 281537
    }, 
    {
        "accumulated_operating_revenue_yoy": 0.20737990886473798, 
        "accumulated_operating_revenue": 3259713, 
        "long_term_average": 271642, 
        "date": "2014-12-31", 
        "operating_revenue": 286336, 
        "short_term_average": 285560
    }, 
    {
        "accumulated_operating_revenue_yoy": 2.8737405051112814, 
        "accumulated_operating_revenue": 336822, 
        "long_term_average": 272426, 
        "date": "2015-01-31", 
        "operating_revenue": 336822, 
        "short_term_average": 297802
    }, 
    {
        "accumulated_operating_revenue_yoy": -4.175413876875956, 
        "accumulated_operating_revenue": 539984, 
        "long_term_average": 269682, 
        "date": "2015-02-28", 
        "operating_revenue": 203162, 
        "short_term_average": 275440
    }, 
    {
        "accumulated_operating_revenue_yoy": -10.693104037145245, 
        "accumulated_operating_revenue": 773980, 
        "long_term_average": 263920, 
        "date": "2015-03-31", 
        "operating_revenue": 233996, 
        "short_term_average": 257993
    }, 
    {
        "accumulated_operating_revenue_yoy": -14.958420366000585, 
        "accumulated_operating_revenue": 954323, 
        "long_term_average": 257654, 
        "date": "2015-04-30", 
        "operating_revenue": 180343, 
        "short_term_average": 205833
    }, 
    {
        "accumulated_operating_revenue_yoy": -9.709474045153096, 
        "accumulated_operating_revenue": 1158599, 
        "long_term_average": 261260, 
        "date": "2015-05-31", 
        "operating_revenue": 204276, 
        "short_term_average": 206205
    }, 
    {
        "accumulated_operating_revenue_yoy": -10.178972455649843, 
        "accumulated_operating_revenue": 1371462, 
        "long_term_average": 258691, 
        "date": "2015-06-30", 
        "operating_revenue": 212863, 
        "short_term_average": 199160
    }, 
    {
        "accumulated_operating_revenue_yoy": -11.683382334128936, 
        "accumulated_operating_revenue": 1615507, 
        "long_term_average": 253833, 
        "date": "2015-07-31", 
        "operating_revenue": 244045, 
        "short_term_average": 220394
    }, 
    {
        "accumulated_operating_revenue_yoy": -11.46532780023732, 
        "accumulated_operating_revenue": 1884696, 
        "long_term_average": 251303, 
        "date": "2015-08-31", 
        "operating_revenue": 269189, 
        "short_term_average": 242032
    }, 
    {
        "accumulated_operating_revenue_yoy": -11.96571664463894, 
        "accumulated_operating_revenue": 2115492, 
        "long_term_average": 247681, 
        "date": "2015-09-30", 
        "operating_revenue": 230796, 
        "short_term_average": 248010
    }
]