[
    {
        "date": "2012-01-31", 
        "operating_revenue": 57662, 
        "accumulated_operating_revenue": 57662, 
        "long_term_average": 57662, 
        "short_term_average": 57662
    }, 
    {
        "date": "2012-02-29", 
        "operating_revenue": 65548, 
        "accumulated_operating_revenue": 123210, 
        "long_term_average": 61605, 
        "short_term_average": 61605
    }, 
    {
        "date": "2012-03-31", 
        "operating_revenue": 101127, 
        "accumulated_operating_revenue": 224337, 
        "long_term_average": 74779, 
        "short_term_average": 74779
    }, 
    {
        "date": "2012-04-30", 
        "operating_revenue": 105498, 
        "accumulated_operating_revenue": 329835, 
        "long_term_average": 82458, 
        "short_term_average": 90724
    }, 
    {
        "date": "2012-05-31", 
        "operating_revenue": 108717, 
        "accumulated_operating_revenue": 438552, 
        "long_term_average": 87710, 
        "short_term_average": 105114
    }, 
    {
        "date": "2012-06-30", 
        "operating_revenue": 99971, 
        "accumulated_operating_revenue": 538523, 
        "long_term_average": 89753, 
        "short_term_average": 104728
    }, 
    {
        "date": "2012-07-31", 
        "operating_revenue": 84834, 
        "accumulated_operating_revenue": 623357, 
        "long_term_average": 89051, 
        "short_term_average": 97840
    }, 
    {
        "date": "2012-08-31", 
        "operating_revenue": 102934, 
        "accumulated_operating_revenue": 726291, 
        "long_term_average": 90786, 
        "short_term_average": 95913
    }, 
    {
        "date": "2012-09-30", 
        "operating_revenue": 91699, 
        "accumulated_operating_revenue": 817990, 
        "long_term_average": 90887, 
        "short_term_average": 93155
    }, 
    {
        "date": "2012-10-31", 
        "operating_revenue": 95064, 
        "accumulated_operating_revenue": 913054, 
        "long_term_average": 91305, 
        "short_term_average": 96565
    }, 
    {
        "date": "2012-11-30", 
        "operating_revenue": 106648, 
        "accumulated_operating_revenue": 1019702, 
        "long_term_average": 92700, 
        "short_term_average": 97803
    }, 
    {
        "date": "2012-12-31", 
        "operating_revenue": 89861, 
        "accumulated_operating_revenue": 1109563, 
        "long_term_average": 92463, 
        "short_term_average": 97191
    }, 
    {
        "accumulated_operating_revenue_yoy": 140.33158752731433, 
        "accumulated_operating_revenue": 138580, 
        "long_term_average": 99206, 
        "date": "2013-01-31", 
        "operating_revenue": 138580, 
        "short_term_average": 111696
    }, 
    {
        "accumulated_operating_revenue_yoy": 68.12677542407272, 
        "accumulated_operating_revenue": 207149, 
        "long_term_average": 99458, 
        "date": "2013-02-28", 
        "operating_revenue": 68569, 
        "short_term_average": 99003
    }, 
    {
        "accumulated_operating_revenue_yoy": 52.08815309110847, 
        "accumulated_operating_revenue": 341190, 
        "long_term_average": 102201, 
        "date": "2013-03-31", 
        "operating_revenue": 134041, 
        "short_term_average": 113730
    }, 
    {
        "accumulated_operating_revenue_yoy": 48.35266117907439, 
        "accumulated_operating_revenue": 489319, 
        "long_term_average": 105753, 
        "date": "2013-04-30", 
        "operating_revenue": 148129, 
        "short_term_average": 116913
    }, 
    {
        "accumulated_operating_revenue_yoy": 43.460752658749705, 
        "accumulated_operating_revenue": 629150, 
        "long_term_average": 108346, 
        "date": "2013-05-31", 
        "operating_revenue": 139831, 
        "short_term_average": 140667
    }, 
    {
        "accumulated_operating_revenue_yoy": 38.22492261240467, 
        "accumulated_operating_revenue": 744373, 
        "long_term_average": 109617, 
        "date": "2013-06-30", 
        "operating_revenue": 115223, 
        "short_term_average": 134394
    }, 
    {
        "accumulated_operating_revenue_yoy": 36.623796636598286, 
        "accumulated_operating_revenue": 851654, 
        "long_term_average": 111488, 
        "date": "2013-07-31", 
        "operating_revenue": 107281, 
        "short_term_average": 120778
    }, 
    {
        "accumulated_operating_revenue_yoy": 31.14743264063578, 
        "accumulated_operating_revenue": 952512, 
        "long_term_average": 111315, 
        "date": "2013-08-31", 
        "operating_revenue": 100858, 
        "short_term_average": 107787
    }, 
    {
        "accumulated_operating_revenue_yoy": 27.71121896355701, 
        "accumulated_operating_revenue": 1044665, 
        "long_term_average": 111353, 
        "date": "2013-09-30", 
        "operating_revenue": 92153, 
        "short_term_average": 100097
    }, 
    {
        "accumulated_operating_revenue_yoy": 25.64722349390069, 
        "accumulated_operating_revenue": 1147227, 
        "long_term_average": 111978, 
        "date": "2013-10-31", 
        "operating_revenue": 102562, 
        "short_term_average": 98524
    }, 
    {
        "accumulated_operating_revenue_yoy": 21.885217445881246, 
        "accumulated_operating_revenue": 1242866, 
        "long_term_average": 111060, 
        "date": "2013-11-30", 
        "operating_revenue": 95639, 
        "short_term_average": 96784
    }, 
    {
        "accumulated_operating_revenue_yoy": 18.997749564468176, 
        "accumulated_operating_revenue": 1320355, 
        "long_term_average": 110029, 
        "date": "2013-12-31", 
        "operating_revenue": 77489, 
        "short_term_average": 91896
    }, 
    {
        "accumulated_operating_revenue_yoy": -50.49285611199307, 
        "accumulated_operating_revenue": 68607, 
        "long_term_average": 104198, 
        "date": "2014-01-31", 
        "operating_revenue": 68607, 
        "short_term_average": 80578
    }, 
    {
        "accumulated_operating_revenue_yoy": -31.755403115631744, 
        "accumulated_operating_revenue": 141368, 
        "long_term_average": 104547, 
        "date": "2014-02-28", 
        "operating_revenue": 72761, 
        "short_term_average": 72952
    }, 
    {
        "accumulated_operating_revenue_yoy": -28.18634778276034, 
        "accumulated_operating_revenue": 245021, 
        "long_term_average": 102015, 
        "date": "2014-03-31", 
        "operating_revenue": 103653, 
        "short_term_average": 81673
    }, 
    {
        "accumulated_operating_revenue_yoy": -32.800279572221804, 
        "accumulated_operating_revenue": 328821, 
        "long_term_average": 96654, 
        "date": "2014-04-30", 
        "operating_revenue": 83800, 
        "short_term_average": 86738
    }, 
    {
        "accumulated_operating_revenue_yoy": -34.29023285385043, 
        "accumulated_operating_revenue": 413413, 
        "long_term_average": 92051, 
        "date": "2014-05-31", 
        "operating_revenue": 84592, 
        "short_term_average": 90681
    }, 
    {
        "accumulated_operating_revenue_yoy": -35.528155911082216, 
        "accumulated_operating_revenue": 479911, 
        "long_term_average": 87991, 
        "date": "2014-06-30", 
        "operating_revenue": 66498, 
        "short_term_average": 78296
    }, 
    {
        "accumulated_operating_revenue_yoy": -35.32361733755727, 
        "accumulated_operating_revenue": 550819, 
        "long_term_average": 84960, 
        "date": "2014-07-31", 
        "operating_revenue": 70908, 
        "short_term_average": 73999
    }, 
    {
        "accumulated_operating_revenue_yoy": -35.1674309614997, 
        "accumulated_operating_revenue": 617538, 
        "long_term_average": 82115, 
        "date": "2014-08-31", 
        "operating_revenue": 66719, 
        "short_term_average": 68041
    }, 
    {
        "accumulated_operating_revenue_yoy": -34.34670444592285, 
        "accumulated_operating_revenue": 685857, 
        "long_term_average": 80128, 
        "date": "2014-09-30", 
        "operating_revenue": 68319, 
        "short_term_average": 68648
    }, 
    {
        "accumulated_operating_revenue_yoy": -33.898173595984055, 
        "accumulated_operating_revenue": 758338, 
        "long_term_average": 77622, 
        "date": "2014-10-31", 
        "operating_revenue": 72481, 
        "short_term_average": 69173
    }, 
    {
        "accumulated_operating_revenue_yoy": -33.698323069421804, 
        "accumulated_operating_revenue": 824041, 
        "long_term_average": 75127, 
        "date": "2014-11-30", 
        "operating_revenue": 65703, 
        "short_term_average": 68834
    }, 
    {
        "accumulated_operating_revenue_yoy": -32.995595881410686, 
        "accumulated_operating_revenue": 884696, 
        "long_term_average": 73724, 
        "date": "2014-12-31", 
        "operating_revenue": 60655, 
        "short_term_average": 66279
    }, 
    {
        "accumulated_operating_revenue_yoy": -8.051656536505021, 
        "accumulated_operating_revenue": 63083, 
        "long_term_average": 73264, 
        "date": "2015-01-31", 
        "operating_revenue": 63083, 
        "short_term_average": 63147
    }, 
    {
        "accumulated_operating_revenue_yoy": -29.32063833399355, 
        "accumulated_operating_revenue": 99918, 
        "long_term_average": 70270, 
        "date": "2015-02-28", 
        "operating_revenue": 36835, 
        "short_term_average": 53524
    }, 
    {
        "accumulated_operating_revenue_yoy": -32.81881961138025, 
        "accumulated_operating_revenue": 164608, 
        "long_term_average": 67023, 
        "date": "2015-03-31", 
        "operating_revenue": 64690, 
        "short_term_average": 54869
    }, 
    {
        "accumulated_operating_revenue_yoy": -30.202450573412282, 
        "accumulated_operating_revenue": 229509, 
        "long_term_average": 65448, 
        "date": "2015-04-30", 
        "operating_revenue": 64901, 
        "short_term_average": 55475
    }, 
    {
        "accumulated_operating_revenue_yoy": -29.39167370160106, 
        "accumulated_operating_revenue": 291904, 
        "long_term_average": 63598, 
        "date": "2015-05-31", 
        "operating_revenue": 62395, 
        "short_term_average": 63995
    }, 
    {
        "accumulated_operating_revenue_yoy": -27.254428425270522, 
        "accumulated_operating_revenue": 349114, 
        "long_term_average": 62824, 
        "date": "2015-06-30", 
        "operating_revenue": 57210, 
        "short_term_average": 61502
    }, 
    {
        "accumulated_operating_revenue_yoy": -26.263255261710288, 
        "accumulated_operating_revenue": 406156, 
        "long_term_average": 61669, 
        "date": "2015-07-31", 
        "operating_revenue": 57042, 
        "short_term_average": 58882
    }, 
    {
        "accumulated_operating_revenue_yoy": -24.81920140946792, 
        "accumulated_operating_revenue": 464270, 
        "long_term_average": 60952, 
        "date": "2015-08-31", 
        "operating_revenue": 58114, 
        "short_term_average": 57455
    }
]