[
    {
        "date": "2012-01-31", 
        "operating_revenue": 206248, 
        "accumulated_operating_revenue": 206248, 
        "long_term_average": 206248, 
        "short_term_average": 206248
    }, 
    {
        "date": "2012-02-29", 
        "operating_revenue": 230739, 
        "accumulated_operating_revenue": 436987, 
        "long_term_average": 218493, 
        "short_term_average": 218493
    }, 
    {
        "date": "2012-03-31", 
        "operating_revenue": 229351, 
        "accumulated_operating_revenue": 666338, 
        "long_term_average": 222112, 
        "short_term_average": 222112
    }, 
    {
        "date": "2012-04-30", 
        "operating_revenue": 191900, 
        "accumulated_operating_revenue": 858238, 
        "long_term_average": 214559, 
        "short_term_average": 217330
    }, 
    {
        "date": "2012-05-31", 
        "operating_revenue": 188987, 
        "accumulated_operating_revenue": 1047225, 
        "long_term_average": 209445, 
        "short_term_average": 203412
    }, 
    {
        "date": "2012-06-30", 
        "operating_revenue": 187573, 
        "accumulated_operating_revenue": 1234798, 
        "long_term_average": 205799, 
        "short_term_average": 189486
    }, 
    {
        "date": "2012-07-31", 
        "operating_revenue": 163782, 
        "accumulated_operating_revenue": 1398580, 
        "long_term_average": 199797, 
        "short_term_average": 180114
    }, 
    {
        "date": "2012-08-31", 
        "operating_revenue": 158726, 
        "accumulated_operating_revenue": 1557306, 
        "long_term_average": 194663, 
        "short_term_average": 170027
    }, 
    {
        "date": "2012-09-30", 
        "operating_revenue": 140298, 
        "accumulated_operating_revenue": 1697604, 
        "long_term_average": 188622, 
        "short_term_average": 154268
    }, 
    {
        "date": "2012-10-31", 
        "operating_revenue": 138790, 
        "accumulated_operating_revenue": 1836394, 
        "long_term_average": 183639, 
        "short_term_average": 145938
    }, 
    {
        "date": "2012-11-30", 
        "operating_revenue": 128874, 
        "accumulated_operating_revenue": 1965268, 
        "long_term_average": 178660, 
        "short_term_average": 135987
    }, 
    {
        "date": "2012-12-31", 
        "operating_revenue": 130062, 
        "accumulated_operating_revenue": 2095330, 
        "long_term_average": 174610, 
        "short_term_average": 132575
    }, 
    {
        "accumulated_operating_revenue_yoy": -28.349850665218572, 
        "accumulated_operating_revenue": 147777, 
        "long_term_average": 169738, 
        "date": "2013-01-31", 
        "operating_revenue": 147777, 
        "short_term_average": 135571
    }, 
    {
        "accumulated_operating_revenue_yoy": -30.139569369340506, 
        "accumulated_operating_revenue": 305281, 
        "long_term_average": 163635, 
        "date": "2013-02-28", 
        "operating_revenue": 157504, 
        "short_term_average": 145114
    }, 
    {
        "accumulated_operating_revenue_yoy": -31.025395519991356, 
        "accumulated_operating_revenue": 459604, 
        "long_term_average": 157383, 
        "date": "2013-03-31", 
        "operating_revenue": 154323, 
        "short_term_average": 153201
    }, 
    {
        "accumulated_operating_revenue_yoy": -32.15623172127079, 
        "accumulated_operating_revenue": 582261, 
        "long_term_average": 151612, 
        "date": "2013-04-30", 
        "operating_revenue": 122657, 
        "short_term_average": 144828
    }, 
    {
        "accumulated_operating_revenue_yoy": -30.99324404975053, 
        "accumulated_operating_revenue": 722656, 
        "long_term_average": 147563, 
        "date": "2013-05-31", 
        "operating_revenue": 140395, 
        "short_term_average": 139125
    }, 
    {
        "accumulated_operating_revenue_yoy": -31.526614069669694, 
        "accumulated_operating_revenue": 845508, 
        "long_term_average": 142170, 
        "date": "2013-06-30", 
        "operating_revenue": 122852, 
        "short_term_average": 128634
    }, 
    {
        "accumulated_operating_revenue_yoy": -31.214946588682807, 
        "accumulated_operating_revenue": 962014, 
        "long_term_average": 138230, 
        "date": "2013-07-31", 
        "operating_revenue": 116506, 
        "short_term_average": 126584
    }, 
    {
        "accumulated_operating_revenue_yoy": -31.111162481875752, 
        "accumulated_operating_revenue": 1072810, 
        "long_term_average": 134236, 
        "date": "2013-08-31", 
        "operating_revenue": 110796, 
        "short_term_average": 116718
    }, 
    {
        "accumulated_operating_revenue_yoy": -30.128109971465665, 
        "accumulated_operating_revenue": 1186148, 
        "long_term_average": 131989, 
        "date": "2013-09-30", 
        "operating_revenue": 113338, 
        "short_term_average": 113546
    }, 
    {
        "accumulated_operating_revenue_yoy": -29.044910841573213, 
        "accumulated_operating_revenue": 1303015, 
        "long_term_average": 130162, 
        "date": "2013-10-31", 
        "operating_revenue": 116867, 
        "short_term_average": 113667
    }, 
    {
        "accumulated_operating_revenue_yoy": -27.849280607021537, 
        "accumulated_operating_revenue": 1417955, 
        "long_term_average": 129001, 
        "date": "2013-11-30", 
        "operating_revenue": 114940, 
        "short_term_average": 115048
    }, 
    {
        "accumulated_operating_revenue_yoy": -26.69593810998745, 
        "accumulated_operating_revenue": 1535962, 
        "long_term_average": 127996, 
        "date": "2013-12-31", 
        "operating_revenue": 118007, 
        "short_term_average": 116604
    }, 
    {
        "accumulated_operating_revenue_yoy": -25.646751524256146, 
        "accumulated_operating_revenue": 109877, 
        "long_term_average": 124838, 
        "date": "2014-01-31", 
        "operating_revenue": 109877, 
        "short_term_average": 114274
    }, 
    {
        "accumulated_operating_revenue_yoy": -26.556516782898377, 
        "accumulated_operating_revenue": 224209, 
        "long_term_average": 121240, 
        "date": "2014-02-28", 
        "operating_revenue": 114332, 
        "short_term_average": 114072
    }, 
    {
        "accumulated_operating_revenue_yoy": -22.386663301450817, 
        "accumulated_operating_revenue": 356714, 
        "long_term_average": 119422, 
        "date": "2014-03-31", 
        "operating_revenue": 132505, 
        "short_term_average": 118904
    }, 
    {
        "accumulated_operating_revenue_yoy": -14.156194558797516, 
        "accumulated_operating_revenue": 499835, 
        "long_term_average": 121128, 
        "date": "2014-04-30", 
        "operating_revenue": 143121, 
        "short_term_average": 129986
    }, 
    {
        "accumulated_operating_revenue_yoy": -11.10929681618917, 
        "accumulated_operating_revenue": 642374, 
        "long_term_average": 121306, 
        "date": "2014-05-31", 
        "operating_revenue": 142539, 
        "short_term_average": 139388
    }, 
    {
        "accumulated_operating_revenue_yoy": -8.020858466152893, 
        "accumulated_operating_revenue": 777691, 
        "long_term_average": 122345, 
        "date": "2014-06-30", 
        "operating_revenue": 135317, 
        "short_term_average": 140325
    }, 
    {
        "accumulated_operating_revenue_yoy": -4.183618949412379, 
        "accumulated_operating_revenue": 921767, 
        "long_term_average": 124642, 
        "date": "2014-07-31", 
        "operating_revenue": 144076, 
        "short_term_average": 140644
    }, 
    {
        "accumulated_operating_revenue_yoy": -0.326432453090482, 
        "accumulated_operating_revenue": 1069308, 
        "long_term_average": 127705, 
        "date": "2014-08-31", 
        "operating_revenue": 147541, 
        "short_term_average": 142311
    }, 
    {
        "accumulated_operating_revenue_yoy": 5.117573860934723, 
        "accumulated_operating_revenue": 1246850, 
        "long_term_average": 133055, 
        "date": "2014-09-30", 
        "operating_revenue": 177542, 
        "short_term_average": 156386
    }, 
    {
        "accumulated_operating_revenue_yoy": 6.468996903335725, 
        "accumulated_operating_revenue": 1387307, 
        "long_term_average": 135021, 
        "date": "2014-10-31", 
        "operating_revenue": 140457, 
        "short_term_average": 155180
    }, 
    {
        "accumulated_operating_revenue_yoy": 8.354425916196211, 
        "accumulated_operating_revenue": 1536417, 
        "long_term_average": 137868, 
        "date": "2014-11-30", 
        "operating_revenue": 149110, 
        "short_term_average": 155703
    }, 
    {
        "accumulated_operating_revenue_yoy": 7.181753194414966, 
        "accumulated_operating_revenue": 1646271, 
        "long_term_average": 137189, 
        "date": "2014-12-31", 
        "operating_revenue": 109854, 
        "short_term_average": 133140
    }, 
    {
        "accumulated_operating_revenue_yoy": 2.358091320294511, 
        "accumulated_operating_revenue": 112468, 
        "long_term_average": 137405, 
        "date": "2015-01-31", 
        "operating_revenue": 112468, 
        "short_term_average": 123810
    }, 
    {
        "accumulated_operating_revenue_yoy": -4.810690025824119, 
        "accumulated_operating_revenue": 213423, 
        "long_term_average": 136290, 
        "date": "2015-02-28", 
        "operating_revenue": 100955, 
        "short_term_average": 107759
    }, 
    {
        "accumulated_operating_revenue_yoy": 3.1263140779447958, 
        "accumulated_operating_revenue": 367866, 
        "long_term_average": 138118, 
        "date": "2015-03-31", 
        "operating_revenue": 154443, 
        "short_term_average": 122622
    }, 
    {
        "accumulated_operating_revenue_yoy": 6.062200526173638, 
        "accumulated_operating_revenue": 530136, 
        "long_term_average": 139714, 
        "date": "2015-04-30", 
        "operating_revenue": 162270, 
        "short_term_average": 139222
    }, 
    {
        "accumulated_operating_revenue_yoy": 6.670101840983602, 
        "accumulated_operating_revenue": 685221, 
        "long_term_average": 140759, 
        "date": "2015-05-31", 
        "operating_revenue": 155085, 
        "short_term_average": 157266
    }, 
    {
        "accumulated_operating_revenue_yoy": 8.743961290538273, 
        "accumulated_operating_revenue": 845692, 
        "long_term_average": 142856, 
        "date": "2015-06-30", 
        "operating_revenue": 160471, 
        "short_term_average": 159275
    }, 
    {
        "accumulated_operating_revenue_yoy": 9.38339081351361, 
        "accumulated_operating_revenue": 1008260, 
        "long_term_average": 144397, 
        "date": "2015-07-31", 
        "operating_revenue": 162568, 
        "short_term_average": 159374
    }, 
    {
        "accumulated_operating_revenue_yoy": 9.592839481234593, 
        "accumulated_operating_revenue": 1171885, 
        "long_term_average": 145737, 
        "date": "2015-08-31", 
        "operating_revenue": 163625, 
        "short_term_average": 162221
    }, 
    {
        "accumulated_operating_revenue_yoy": 8.146128243172795, 
        "accumulated_operating_revenue": 1348420, 
        "long_term_average": 145653, 
        "date": "2015-09-30", 
        "operating_revenue": 176535, 
        "short_term_average": 167576
    }, 
    {
        "accumulated_operating_revenue_yoy": 9.326702741354293, 
        "accumulated_operating_revenue": 1516697, 
        "long_term_average": 147971, 
        "date": "2015-10-31", 
        "operating_revenue": 168277, 
        "short_term_average": 169479
    }
]