[
    {
        "date": "2011-09-30", 
        "operating_revenue": 580151, 
        "accumulated_operating_revenue": 580151, 
        "long_term_average": 580151, 
        "short_term_average": 580151
    }, 
    {
        "date": "2011-10-31", 
        "operating_revenue": 516247, 
        "accumulated_operating_revenue": 1096398, 
        "long_term_average": 548199, 
        "short_term_average": 548199
    }, 
    {
        "date": "2011-11-30", 
        "operating_revenue": 500701, 
        "accumulated_operating_revenue": 1597099, 
        "long_term_average": 532366, 
        "short_term_average": 532366
    }, 
    {
        "date": "2011-12-31", 
        "operating_revenue": 490009, 
        "accumulated_operating_revenue": 2087108, 
        "long_term_average": 521777, 
        "short_term_average": 502319
    }, 
    {
        "date": "2012-01-31", 
        "operating_revenue": 359959, 
        "accumulated_operating_revenue": 359959, 
        "long_term_average": 489413, 
        "short_term_average": 450223
    }, 
    {
        "date": "2012-02-29", 
        "operating_revenue": 358546, 
        "accumulated_operating_revenue": 718505, 
        "long_term_average": 467602, 
        "short_term_average": 402838
    }, 
    {
        "date": "2012-03-31", 
        "operating_revenue": 406856, 
        "accumulated_operating_revenue": 1125361, 
        "long_term_average": 458924, 
        "short_term_average": 375120
    }, 
    {
        "date": "2012-04-30", 
        "operating_revenue": 424555, 
        "accumulated_operating_revenue": 1549916, 
        "long_term_average": 454628, 
        "short_term_average": 396652
    }, 
    {
        "date": "2012-05-31", 
        "operating_revenue": 439547, 
        "accumulated_operating_revenue": 1989463, 
        "long_term_average": 452952, 
        "short_term_average": 423652
    }, 
    {
        "date": "2012-06-30", 
        "operating_revenue": 379157, 
        "accumulated_operating_revenue": 2368620, 
        "long_term_average": 445572, 
        "short_term_average": 414419
    }, 
    {
        "date": "2012-07-31", 
        "operating_revenue": 418464, 
        "accumulated_operating_revenue": 2787084, 
        "long_term_average": 443108, 
        "short_term_average": 412389
    }, 
    {
        "date": "2012-08-31", 
        "operating_revenue": 415223, 
        "accumulated_operating_revenue": 3202307, 
        "long_term_average": 440784, 
        "short_term_average": 404281
    }, 
    {
        "accumulated_operating_revenue_yoy": 528.6878760874324, 
        "accumulated_operating_revenue": 3647339, 
        "long_term_average": 429524, 
        "date": "2012-09-30", 
        "operating_revenue": 445032, 
        "short_term_average": 426239
    }, 
    {
        "accumulated_operating_revenue_yoy": 275.71712097249355, 
        "accumulated_operating_revenue": 4119355, 
        "long_term_average": 425838, 
        "date": "2012-10-31", 
        "operating_revenue": 472016, 
        "short_term_average": 444090
    }, 
    {
        "accumulated_operating_revenue_yoy": 183.9333065764865, 
        "accumulated_operating_revenue": 4534696, 
        "long_term_average": 418725, 
        "date": "2012-11-30", 
        "operating_revenue": 415341, 
        "short_term_average": 444129
    }, 
    {
        "accumulated_operating_revenue_yoy": 136.503908757956, 
        "accumulated_operating_revenue": 4936092, 
        "long_term_average": 411341, 
        "date": "2012-12-31", 
        "operating_revenue": 401396, 
        "short_term_average": 429584
    }, 
    {
        "accumulated_operating_revenue_yoy": 21.949166432843743, 
        "accumulated_operating_revenue": 438967, 
        "long_term_average": 417925, 
        "date": "2013-01-31", 
        "operating_revenue": 438967, 
        "short_term_average": 418568
    }, 
    {
        "accumulated_operating_revenue_yoy": 0.5599125962936932, 
        "accumulated_operating_revenue": 722528, 
        "long_term_average": 411676, 
        "date": "2013-02-28", 
        "operating_revenue": 283561, 
        "short_term_average": 374641
    }, 
    {
        "accumulated_operating_revenue_yoy": 3.3742061436285775, 
        "accumulated_operating_revenue": 1163333, 
        "long_term_average": 414505, 
        "date": "2013-03-31", 
        "operating_revenue": 440805, 
        "short_term_average": 387777
    }, 
    {
        "accumulated_operating_revenue_yoy": 6.240918862699656, 
        "accumulated_operating_revenue": 1646645, 
        "long_term_average": 419401, 
        "date": "2013-04-30", 
        "operating_revenue": 483312, 
        "short_term_average": 402559
    }, 
    {
        "accumulated_operating_revenue_yoy": 7.076331653315493, 
        "accumulated_operating_revenue": 2130244, 
        "long_term_average": 423072, 
        "date": "2013-05-31", 
        "operating_revenue": 483599, 
        "short_term_average": 469238
    }, 
    {
        "accumulated_operating_revenue_yoy": 5.131637831311059, 
        "accumulated_operating_revenue": 2490169, 
        "long_term_average": 421470, 
        "date": "2013-06-30", 
        "operating_revenue": 359925, 
        "short_term_average": 442278
    }, 
    {
        "accumulated_operating_revenue_yoy": 5.028840178480447, 
        "accumulated_operating_revenue": 2927242, 
        "long_term_average": 423020, 
        "date": "2013-07-31", 
        "operating_revenue": 437073, 
        "short_term_average": 426865
    }, 
    {
        "accumulated_operating_revenue_yoy": 6.618821993019408, 
        "accumulated_operating_revenue": 3414262, 
        "long_term_average": 429003, 
        "date": "2013-08-31", 
        "operating_revenue": 487020, 
        "short_term_average": 428006
    }, 
    {
        "accumulated_operating_revenue_yoy": 6.468112780303668, 
        "accumulated_operating_revenue": 3883253, 
        "long_term_average": 431000, 
        "date": "2013-09-30", 
        "operating_revenue": 468991, 
        "short_term_average": 464361
    }, 
    {
        "accumulated_operating_revenue_yoy": 5.239242551321748, 
        "accumulated_operating_revenue": 4335178, 
        "long_term_average": 429326, 
        "date": "2013-10-31", 
        "operating_revenue": 451925, 
        "short_term_average": 469312
    }, 
    {
        "accumulated_operating_revenue_yoy": 5.343864285500064, 
        "accumulated_operating_revenue": 4777024, 
        "long_term_average": 431535, 
        "date": "2013-11-30", 
        "operating_revenue": 441846, 
        "short_term_average": 454254
    }, 
    {
        "accumulated_operating_revenue_yoy": 4.447404951123278, 
        "accumulated_operating_revenue": 5155620, 
        "long_term_average": 429635, 
        "date": "2013-12-31", 
        "operating_revenue": 378596, 
        "short_term_average": 424122
    }, 
    {
        "accumulated_operating_revenue_yoy": -14.355065414940075, 
        "accumulated_operating_revenue": 375953, 
        "long_term_average": 424383, 
        "date": "2014-01-31", 
        "operating_revenue": 375953, 
        "short_term_average": 398798
    }, 
    {
        "accumulated_operating_revenue_yoy": -6.386880508437043, 
        "accumulated_operating_revenue": 676381, 
        "long_term_average": 425789, 
        "date": "2014-02-28", 
        "operating_revenue": 300428, 
        "short_term_average": 351659
    }, 
    {
        "accumulated_operating_revenue_yoy": -10.698656360646522, 
        "accumulated_operating_revenue": 1038872, 
        "long_term_average": 419263, 
        "date": "2014-03-31", 
        "operating_revenue": 362491, 
        "short_term_average": 346290
    }, 
    {
        "accumulated_operating_revenue_yoy": -13.783298768101199, 
        "accumulated_operating_revenue": 1419683, 
        "long_term_average": 410721, 
        "date": "2014-04-30", 
        "operating_revenue": 380811, 
        "short_term_average": 347910
    }, 
    {
        "accumulated_operating_revenue_yoy": -13.770863807150729, 
        "accumulated_operating_revenue": 1836891, 
        "long_term_average": 405188, 
        "date": "2014-05-31", 
        "operating_revenue": 417208, 
        "short_term_average": 386836
    }, 
    {
        "accumulated_operating_revenue_yoy": -10.331748568069075, 
        "accumulated_operating_revenue": 2232891, 
        "long_term_average": 408195, 
        "date": "2014-06-30", 
        "operating_revenue": 396000, 
        "short_term_average": 398006
    }, 
    {
        "accumulated_operating_revenue_yoy": -10.14261888835976, 
        "accumulated_operating_revenue": 2630343, 
        "long_term_average": 404893, 
        "date": "2014-07-31", 
        "operating_revenue": 397452, 
        "short_term_average": 403553
    }, 
    {
        "accumulated_operating_revenue_yoy": -10.38203863675371, 
        "accumulated_operating_revenue": 3059792, 
        "long_term_average": 400095, 
        "date": "2014-08-31", 
        "operating_revenue": 429449, 
        "short_term_average": 407633
    }, 
    {
        "accumulated_operating_revenue_yoy": -10.978167016158876, 
        "accumulated_operating_revenue": 3456943, 
        "long_term_average": 394109, 
        "date": "2014-09-30", 
        "operating_revenue": 397151, 
        "short_term_average": 408017
    }, 
    {
        "accumulated_operating_revenue_yoy": -10.487135706999805, 
        "accumulated_operating_revenue": 3880542, 
        "long_term_average": 391748, 
        "date": "2014-10-31", 
        "operating_revenue": 423599, 
        "short_term_average": 416733
    }, 
    {
        "accumulated_operating_revenue_yoy": -8.691624743773529, 
        "accumulated_operating_revenue": 4361823, 
        "long_term_average": 395034, 
        "date": "2014-11-30", 
        "operating_revenue": 481281, 
        "short_term_average": 434010
    }, 
    {
        "accumulated_operating_revenue_yoy": -5.762119783847529, 
        "accumulated_operating_revenue": 4858547, 
        "long_term_average": 404878, 
        "date": "2014-12-31", 
        "operating_revenue": 496724, 
        "short_term_average": 467201
    }, 
    {
        "accumulated_operating_revenue_yoy": 29.586411067340862, 
        "accumulated_operating_revenue": 487184, 
        "long_term_average": 414148, 
        "date": "2015-01-31", 
        "operating_revenue": 487184, 
        "short_term_average": 488396
    }, 
    {
        "accumulated_operating_revenue_yoy": 25.82982076669806, 
        "accumulated_operating_revenue": 851089, 
        "long_term_average": 419437, 
        "date": "2015-02-28", 
        "operating_revenue": 363905, 
        "short_term_average": 449271
    }, 
    {
        "accumulated_operating_revenue_yoy": 25.26114863043763, 
        "accumulated_operating_revenue": 1301303, 
        "long_term_average": 426748, 
        "date": "2015-03-31", 
        "operating_revenue": 450214, 
        "short_term_average": 433767
    }, 
    {
        "accumulated_operating_revenue_yoy": 28.181009422526017, 
        "accumulated_operating_revenue": 1819764, 
        "long_term_average": 438219, 
        "date": "2015-04-30", 
        "operating_revenue": 518461, 
        "short_term_average": 444193
    }, 
    {
        "accumulated_operating_revenue_yoy": 24.227893761796427, 
        "accumulated_operating_revenue": 2281931, 
        "long_term_average": 441965, 
        "date": "2015-05-31", 
        "operating_revenue": 462167, 
        "short_term_average": 476947
    }, 
    {
        "accumulated_operating_revenue_yoy": 22.51054798465308, 
        "accumulated_operating_revenue": 2735527, 
        "long_term_average": 446765, 
        "date": "2015-06-30", 
        "operating_revenue": 453596, 
        "short_term_average": 478074
    }, 
    {
        "accumulated_operating_revenue_yoy": 23.713713382627287, 
        "accumulated_operating_revenue": 3254095, 
        "long_term_average": 456858, 
        "date": "2015-07-31", 
        "operating_revenue": 518568, 
        "short_term_average": 478110
    }, 
    {
        "accumulated_operating_revenue_yoy": 24.681579662931334, 
        "accumulated_operating_revenue": 3814997, 
        "long_term_average": 467812, 
        "date": "2015-08-31", 
        "operating_revenue": 560902, 
        "short_term_average": 511022
    }, 
    {
        "accumulated_operating_revenue_yoy": 27.12150590854405, 
        "accumulated_operating_revenue": 4394518, 
        "long_term_average": 483010, 
        "date": "2015-09-30", 
        "operating_revenue": 579521, 
        "short_term_average": 552997
    }
]