[
    {
        "date": "2012-01-31", 
        "operating_revenue": 207531, 
        "accumulated_operating_revenue": 207531, 
        "long_term_average": 207531, 
        "short_term_average": 207531
    }, 
    {
        "date": "2012-02-29", 
        "operating_revenue": 296704, 
        "accumulated_operating_revenue": 504235, 
        "long_term_average": 252117, 
        "short_term_average": 252117
    }, 
    {
        "date": "2012-03-31", 
        "operating_revenue": 396103, 
        "accumulated_operating_revenue": 900338, 
        "long_term_average": 300112, 
        "short_term_average": 300112
    }, 
    {
        "date": "2012-04-30", 
        "operating_revenue": 315462, 
        "accumulated_operating_revenue": 1215800, 
        "long_term_average": 303950, 
        "short_term_average": 336089
    }, 
    {
        "date": "2012-05-31", 
        "operating_revenue": 336177, 
        "accumulated_operating_revenue": 1551977, 
        "long_term_average": 310395, 
        "short_term_average": 349247
    }, 
    {
        "date": "2012-06-30", 
        "operating_revenue": 303538, 
        "accumulated_operating_revenue": 1855515, 
        "long_term_average": 309252, 
        "short_term_average": 318392
    }, 
    {
        "date": "2012-07-31", 
        "operating_revenue": 254929, 
        "accumulated_operating_revenue": 2110444, 
        "long_term_average": 301492, 
        "short_term_average": 298214
    }, 
    {
        "date": "2012-08-31", 
        "operating_revenue": 298798, 
        "accumulated_operating_revenue": 2409242, 
        "long_term_average": 301155, 
        "short_term_average": 285755
    }, 
    {
        "date": "2012-09-30", 
        "operating_revenue": 303821, 
        "accumulated_operating_revenue": 2713063, 
        "long_term_average": 301451, 
        "short_term_average": 285849
    }, 
    {
        "date": "2012-10-31", 
        "operating_revenue": 254550, 
        "accumulated_operating_revenue": 2967613, 
        "long_term_average": 296761, 
        "short_term_average": 285723
    }, 
    {
        "date": "2012-11-30", 
        "operating_revenue": 250096, 
        "accumulated_operating_revenue": 3217709, 
        "long_term_average": 292519, 
        "short_term_average": 269489
    }, 
    {
        "date": "2012-12-31", 
        "operating_revenue": 226988, 
        "accumulated_operating_revenue": 3444697, 
        "long_term_average": 287058, 
        "short_term_average": 243878
    }, 
    {
        "accumulated_operating_revenue_yoy": -11.508160226664932, 
        "accumulated_operating_revenue": 183648, 
        "long_term_average": 285067, 
        "date": "2013-01-31", 
        "operating_revenue": 183648, 
        "short_term_average": 220244
    }, 
    {
        "accumulated_operating_revenue_yoy": -40.550933592471765, 
        "accumulated_operating_revenue": 299763, 
        "long_term_average": 270018, 
        "date": "2013-02-28", 
        "operating_revenue": 116115, 
        "short_term_average": 175583
    }, 
    {
        "accumulated_operating_revenue_yoy": -42.88855962982791, 
        "accumulated_operating_revenue": 514196, 
        "long_term_average": 254879, 
        "date": "2013-03-31", 
        "operating_revenue": 214433, 
        "short_term_average": 171398
    }, 
    {
        "accumulated_operating_revenue_yoy": -36.91709162691232, 
        "accumulated_operating_revenue": 766962, 
        "long_term_average": 249654, 
        "date": "2013-04-30", 
        "operating_revenue": 252766, 
        "short_term_average": 194438
    }, 
    {
        "accumulated_operating_revenue_yoy": -34.437301583721926, 
        "accumulated_operating_revenue": 1017518, 
        "long_term_average": 242519, 
        "date": "2013-05-31", 
        "operating_revenue": 250556, 
        "short_term_average": 239251
    }, 
    {
        "accumulated_operating_revenue_yoy": -34.14135698175439, 
        "accumulated_operating_revenue": 1222017, 
        "long_term_average": 234266, 
        "date": "2013-06-30", 
        "operating_revenue": 204499, 
        "short_term_average": 235940
    }, 
    {
        "accumulated_operating_revenue_yoy": -30.952017679692045, 
        "accumulated_operating_revenue": 1457219, 
        "long_term_average": 232622, 
        "date": "2013-07-31", 
        "operating_revenue": 235202, 
        "short_term_average": 230085
    }, 
    {
        "accumulated_operating_revenue_yoy": -29.024979640899502, 
        "accumulated_operating_revenue": 1709960, 
        "long_term_average": 228784, 
        "date": "2013-08-31", 
        "operating_revenue": 252741, 
        "short_term_average": 230814
    }, 
    {
        "accumulated_operating_revenue_yoy": -30.556459617782554, 
        "accumulated_operating_revenue": 1884047, 
        "long_term_average": 217973, 
        "date": "2013-09-30", 
        "operating_revenue": 174087, 
        "short_term_average": 220676
    }, 
    {
        "accumulated_operating_revenue_yoy": -29.61966401953354, 
        "accumulated_operating_revenue": 2088616, 
        "long_term_average": 213808, 
        "date": "2013-10-31", 
        "operating_revenue": 204569, 
        "short_term_average": 210465
    }, 
    {
        "accumulated_operating_revenue_yoy": -27.280962945996674, 
        "accumulated_operating_revenue": 2339887, 
        "long_term_average": 213906, 
        "date": "2013-11-30", 
        "operating_revenue": 251271, 
        "short_term_average": 209975
    }, 
    {
        "accumulated_operating_revenue_yoy": -25.89412073108317, 
        "accumulated_operating_revenue": 2552723, 
        "long_term_average": 212726, 
        "date": "2013-12-31", 
        "operating_revenue": 212836, 
        "short_term_average": 222892
    }, 
    {
        "accumulated_operating_revenue_yoy": -2.077888133821223, 
        "accumulated_operating_revenue": 179832, 
        "long_term_average": 212408, 
        "date": "2014-01-31", 
        "operating_revenue": 179832, 
        "short_term_average": 214646
    }, 
    {
        "accumulated_operating_revenue_yoy": 4.285719051383927, 
        "accumulated_operating_revenue": 312610, 
        "long_term_average": 213797, 
        "date": "2014-02-28", 
        "operating_revenue": 132778, 
        "short_term_average": 175148
    }, 
    {
        "accumulated_operating_revenue_yoy": 5.390745941236416, 
        "accumulated_operating_revenue": 541915, 
        "long_term_average": 215036, 
        "date": "2014-03-31", 
        "operating_revenue": 229305, 
        "short_term_average": 180638
    }, 
    {
        "accumulated_operating_revenue_yoy": 0.9784057098004855, 
        "accumulated_operating_revenue": 774466, 
        "long_term_average": 213352, 
        "date": "2014-04-30", 
        "operating_revenue": 232551, 
        "short_term_average": 198211
    }, 
    {
        "accumulated_operating_revenue_yoy": -2.93763844963922, 
        "accumulated_operating_revenue": 987627, 
        "long_term_average": 210236, 
        "date": "2014-05-31", 
        "operating_revenue": 213161, 
        "short_term_average": 225005
    }, 
    {
        "accumulated_operating_revenue_yoy": -1.3939249617640344, 
        "accumulated_operating_revenue": 1204983, 
        "long_term_average": 211307, 
        "date": "2014-06-30", 
        "operating_revenue": 217356, 
        "short_term_average": 221022
    }, 
    {
        "accumulated_operating_revenue_yoy": 1.55728136951275, 
        "accumulated_operating_revenue": 1479912, 
        "long_term_average": 214618, 
        "date": "2014-07-31", 
        "operating_revenue": 274929, 
        "short_term_average": 235148
    }, 
    {
        "accumulated_operating_revenue_yoy": 1.4555311235350534, 
        "accumulated_operating_revenue": 1734849, 
        "long_term_average": 214801, 
        "date": "2014-08-31", 
        "operating_revenue": 254937, 
        "short_term_average": 249074
    }, 
    {
        "accumulated_operating_revenue_yoy": 8.258711168033493, 
        "accumulated_operating_revenue": 2039645, 
        "long_term_average": 225693, 
        "date": "2014-09-30", 
        "operating_revenue": 304796, 
        "short_term_average": 278220
    }, 
    {
        "accumulated_operating_revenue_yoy": 12.157237136936612, 
        "accumulated_operating_revenue": 2342534, 
        "long_term_average": 233886, 
        "date": "2014-10-31", 
        "operating_revenue": 302889, 
        "short_term_average": 287540
    }, 
    {
        "accumulated_operating_revenue_yoy": 13.146916923765978, 
        "accumulated_operating_revenue": 2647510, 
        "long_term_average": 238362, 
        "date": "2014-11-30", 
        "operating_revenue": 304976, 
        "short_term_average": 304220
    }, 
    {
        "accumulated_operating_revenue_yoy": 15.510025960513538, 
        "accumulated_operating_revenue": 2948651, 
        "long_term_average": 245720, 
        "date": "2014-12-31", 
        "operating_revenue": 301141, 
        "short_term_average": 303002
    }, 
    {
        "accumulated_operating_revenue_yoy": 13.393055740913743, 
        "accumulated_operating_revenue": 203917, 
        "long_term_average": 247728, 
        "date": "2015-01-31", 
        "operating_revenue": 203917, 
        "short_term_average": 270011
    }, 
    {
        "accumulated_operating_revenue_yoy": 4.234989283772112, 
        "accumulated_operating_revenue": 325849, 
        "long_term_average": 246824, 
        "date": "2015-02-28", 
        "operating_revenue": 121932, 
        "short_term_average": 208996
    }, 
    {
        "accumulated_operating_revenue_yoy": -2.7853076589502046, 
        "accumulated_operating_revenue": 526821, 
        "long_term_average": 244463, 
        "date": "2015-03-31", 
        "operating_revenue": 200972, 
        "short_term_average": 175607
    }, 
    {
        "accumulated_operating_revenue_yoy": -1.2019894998618403, 
        "accumulated_operating_revenue": 765157, 
        "long_term_average": 244945, 
        "date": "2015-04-30", 
        "operating_revenue": 238336, 
        "short_term_average": 187080
    }, 
    {
        "accumulated_operating_revenue_yoy": -3.6246477668188497, 
        "accumulated_operating_revenue": 951829, 
        "long_term_average": 242737, 
        "date": "2015-05-31", 
        "operating_revenue": 186672, 
        "short_term_average": 208660
    }, 
    {
        "accumulated_operating_revenue_yoy": -5.739749025504924, 
        "accumulated_operating_revenue": 1135820, 
        "long_term_average": 239957, 
        "date": "2015-06-30", 
        "operating_revenue": 183991, 
        "short_term_average": 202999
    }, 
    {
        "accumulated_operating_revenue_yoy": -9.003575888296062, 
        "accumulated_operating_revenue": 1346667, 
        "long_term_average": 234617, 
        "date": "2015-07-31", 
        "operating_revenue": 210847, 
        "short_term_average": 193836
    }, 
    {
        "accumulated_operating_revenue_yoy": -7.219994362621761, 
        "accumulated_operating_revenue": 1609593, 
        "long_term_average": 235282, 
        "date": "2015-08-31", 
        "operating_revenue": 262926, 
        "short_term_average": 219254
    }
]