[
    {
        "date": "2012-01-31", 
        "operating_revenue": 48751, 
        "accumulated_operating_revenue": 48751, 
        "long_term_average": 48751, 
        "short_term_average": 48751
    }, 
    {
        "date": "2012-02-29", 
        "operating_revenue": 60533, 
        "accumulated_operating_revenue": 109284, 
        "long_term_average": 54642, 
        "short_term_average": 54642
    }, 
    {
        "date": "2012-03-31", 
        "operating_revenue": 74373, 
        "accumulated_operating_revenue": 183657, 
        "long_term_average": 61219, 
        "short_term_average": 61219
    }, 
    {
        "date": "2012-04-30", 
        "operating_revenue": 71356, 
        "accumulated_operating_revenue": 255013, 
        "long_term_average": 63753, 
        "short_term_average": 68754
    }, 
    {
        "date": "2012-05-31", 
        "operating_revenue": 77526, 
        "accumulated_operating_revenue": 332539, 
        "long_term_average": 66507, 
        "short_term_average": 74418
    }, 
    {
        "date": "2012-06-30", 
        "operating_revenue": 71731, 
        "accumulated_operating_revenue": 404270, 
        "long_term_average": 67378, 
        "short_term_average": 73537
    }, 
    {
        "date": "2012-07-31", 
        "operating_revenue": 69814, 
        "accumulated_operating_revenue": 474084, 
        "long_term_average": 67726, 
        "short_term_average": 73023
    }, 
    {
        "date": "2012-08-31", 
        "operating_revenue": 72080, 
        "accumulated_operating_revenue": 546164, 
        "long_term_average": 68270, 
        "short_term_average": 71208
    }, 
    {
        "date": "2012-09-30", 
        "operating_revenue": 78768, 
        "accumulated_operating_revenue": 624932, 
        "long_term_average": 69436, 
        "short_term_average": 73554
    }, 
    {
        "date": "2012-10-31", 
        "operating_revenue": 82361, 
        "accumulated_operating_revenue": 707293, 
        "long_term_average": 70729, 
        "short_term_average": 77736
    }, 
    {
        "date": "2012-11-30", 
        "operating_revenue": 93595, 
        "accumulated_operating_revenue": 800888, 
        "long_term_average": 72808, 
        "short_term_average": 84908
    }, 
    {
        "date": "2012-12-31", 
        "operating_revenue": 65974, 
        "accumulated_operating_revenue": 866862, 
        "long_term_average": 72238, 
        "short_term_average": 80643
    }, 
    {
        "accumulated_operating_revenue_yoy": 39.98687206416279, 
        "accumulated_operating_revenue": 68245, 
        "long_term_average": 73863, 
        "date": "2013-01-31", 
        "operating_revenue": 68245, 
        "short_term_average": 75938
    }, 
    {
        "accumulated_operating_revenue_yoy": 13.883093591010578, 
        "accumulated_operating_revenue": 124456, 
        "long_term_average": 73502, 
        "date": "2013-02-28", 
        "operating_revenue": 56211, 
        "short_term_average": 63476
    }, 
    {
        "accumulated_operating_revenue_yoy": 11.555236119505382, 
        "accumulated_operating_revenue": 204879, 
        "long_term_average": 74007, 
        "date": "2013-03-31", 
        "operating_revenue": 80423, 
        "short_term_average": 68293
    }, 
    {
        "accumulated_operating_revenue_yoy": 15.777234886064631, 
        "accumulated_operating_revenue": 295247, 
        "long_term_average": 75591, 
        "date": "2013-04-30", 
        "operating_revenue": 90368, 
        "short_term_average": 75667
    }, 
    {
        "accumulated_operating_revenue_yoy": 13.418576467722582, 
        "accumulated_operating_revenue": 377161, 
        "long_term_average": 75957, 
        "date": "2013-05-31", 
        "operating_revenue": 81914, 
        "short_term_average": 84235
    }, 
    {
        "accumulated_operating_revenue_yoy": 10.172162168847553, 
        "accumulated_operating_revenue": 445393, 
        "long_term_average": 75665, 
        "date": "2013-06-30", 
        "operating_revenue": 68232, 
        "short_term_average": 80171
    }, 
    {
        "accumulated_operating_revenue_yoy": 12.474160697260402, 
        "accumulated_operating_revenue": 533222, 
        "long_term_average": 77166, 
        "date": "2013-07-31", 
        "operating_revenue": 87829, 
        "short_term_average": 79325
    }, 
    {
        "accumulated_operating_revenue_yoy": 11.359042338931163, 
        "accumulated_operating_revenue": 608203, 
        "long_term_average": 77408, 
        "date": "2013-08-31", 
        "operating_revenue": 74981, 
        "short_term_average": 77014
    }, 
    {
        "accumulated_operating_revenue_yoy": 8.293702354816205, 
        "accumulated_operating_revenue": 676762, 
        "long_term_average": 76557, 
        "date": "2013-09-30", 
        "operating_revenue": 68559, 
        "short_term_average": 77123
    }, 
    {
        "accumulated_operating_revenue_yoy": 8.012945130235984, 
        "accumulated_operating_revenue": 763968, 
        "long_term_average": 76961, 
        "date": "2013-10-31", 
        "operating_revenue": 87206, 
        "short_term_average": 76915
    }, 
    {
        "accumulated_operating_revenue_yoy": 4.866972660347015, 
        "accumulated_operating_revenue": 839867, 
        "long_term_average": 75486, 
        "date": "2013-11-30", 
        "operating_revenue": 75899, 
        "short_term_average": 77221
    }, 
    {
        "accumulated_operating_revenue_yoy": 4.427002221806931, 
        "accumulated_operating_revenue": 905238, 
        "long_term_average": 75436, 
        "date": "2013-12-31", 
        "operating_revenue": 65371, 
        "short_term_average": 76158
    }, 
    {
        "accumulated_operating_revenue_yoy": 14.660414682394315, 
        "accumulated_operating_revenue": 78250, 
        "long_term_average": 76270, 
        "date": "2014-01-31", 
        "operating_revenue": 78250, 
        "short_term_average": 73173
    }, 
    {
        "accumulated_operating_revenue_yoy": 10.702577617792633, 
        "accumulated_operating_revenue": 137776, 
        "long_term_average": 76546, 
        "date": "2014-02-28", 
        "operating_revenue": 59526, 
        "short_term_average": 67715
    }, 
    {
        "accumulated_operating_revenue_yoy": 0.08688054900697485, 
        "accumulated_operating_revenue": 205057, 
        "long_term_average": 75451, 
        "date": "2014-03-31", 
        "operating_revenue": 67281, 
        "short_term_average": 68352
    }, 
    {
        "accumulated_operating_revenue_yoy": -11.719001378506809, 
        "accumulated_operating_revenue": 260647, 
        "long_term_average": 72553, 
        "date": "2014-04-30", 
        "operating_revenue": 55590, 
        "short_term_average": 60799
    }, 
    {
        "accumulated_operating_revenue_yoy": -18.08272859601072, 
        "accumulated_operating_revenue": 308960, 
        "long_term_average": 69753, 
        "date": "2014-05-31", 
        "operating_revenue": 48313, 
        "short_term_average": 57061
    }, 
    {
        "accumulated_operating_revenue_yoy": -20.42398510977945, 
        "accumulated_operating_revenue": 354426, 
        "long_term_average": 67855, 
        "date": "2014-06-30", 
        "operating_revenue": 45466, 
        "short_term_average": 49789
    }, 
    {
        "accumulated_operating_revenue_yoy": -23.21847185599994, 
        "accumulated_operating_revenue": 409416, 
        "long_term_average": 65119, 
        "date": "2014-07-31", 
        "operating_revenue": 54990, 
        "short_term_average": 49589
    }, 
    {
        "accumulated_operating_revenue_yoy": -23.25276264668211, 
        "accumulated_operating_revenue": 466779, 
        "long_term_average": 63651, 
        "date": "2014-08-31", 
        "operating_revenue": 57363, 
        "short_term_average": 52606
    }, 
    {
        "accumulated_operating_revenue_yoy": -19.685650199035997, 
        "accumulated_operating_revenue": 543537, 
        "long_term_average": 64334, 
        "date": "2014-09-30", 
        "operating_revenue": 76758, 
        "short_term_average": 63037
    }, 
    {
        "accumulated_operating_revenue_yoy": -20.19665745162101, 
        "accumulated_operating_revenue": 609672, 
        "long_term_average": 62578, 
        "date": "2014-10-31", 
        "operating_revenue": 66135, 
        "short_term_average": 66752
    }, 
    {
        "accumulated_operating_revenue_yoy": -20.451809631763123, 
        "accumulated_operating_revenue": 668099, 
        "long_term_average": 61122, 
        "date": "2014-11-30", 
        "operating_revenue": 58427, 
        "short_term_average": 67106
    }, 
    {
        "accumulated_operating_revenue_yoy": -18.698287080303743, 
        "accumulated_operating_revenue": 735974, 
        "long_term_average": 61331, 
        "date": "2014-12-31", 
        "operating_revenue": 67875, 
        "short_term_average": 64145
    }, 
    {
        "accumulated_operating_revenue_yoy": -20.089456869009584, 
        "accumulated_operating_revenue": 62530, 
        "long_term_average": 60021, 
        "date": "2015-01-31", 
        "operating_revenue": 62530, 
        "short_term_average": 62944
    }, 
    {
        "accumulated_operating_revenue_yoy": -28.557223319010568, 
        "accumulated_operating_revenue": 98431, 
        "long_term_average": 58052, 
        "date": "2015-02-28", 
        "operating_revenue": 35901, 
        "short_term_average": 55435
    }, 
    {
        "accumulated_operating_revenue_yoy": -27.396772604690405, 
        "accumulated_operating_revenue": 148878, 
        "long_term_average": 56649, 
        "date": "2015-03-31", 
        "operating_revenue": 50447, 
        "short_term_average": 49626
    }, 
    {
        "accumulated_operating_revenue_yoy": -24.979761900194518, 
        "accumulated_operating_revenue": 195538, 
        "long_term_average": 55905, 
        "date": "2015-04-30", 
        "operating_revenue": 46660, 
        "short_term_average": 44336
    }, 
    {
        "accumulated_operating_revenue_yoy": -23.63801139306059, 
        "accumulated_operating_revenue": 235928, 
        "long_term_average": 55245, 
        "date": "2015-05-31", 
        "operating_revenue": 40390, 
        "short_term_average": 45832
    }, 
    {
        "accumulated_operating_revenue_yoy": -22.07005129420528, 
        "accumulated_operating_revenue": 276204, 
        "long_term_average": 54812, 
        "date": "2015-06-30", 
        "operating_revenue": 40276, 
        "short_term_average": 42442
    }, 
    {
        "accumulated_operating_revenue_yoy": -21.600035172049946, 
        "accumulated_operating_revenue": 320982, 
        "long_term_average": 53961, 
        "date": "2015-07-31", 
        "operating_revenue": 44778, 
        "short_term_average": 41814
    }, 
    {
        "accumulated_operating_revenue_yoy": -22.227649487230575, 
        "accumulated_operating_revenue": 363025, 
        "long_term_average": 52685, 
        "date": "2015-08-31", 
        "operating_revenue": 42043, 
        "short_term_average": 42365
    }
]