[
    {
        "date": "2011-09-30", 
        "operating_revenue": 202805, 
        "accumulated_operating_revenue": 202805, 
        "long_term_average": 202805, 
        "short_term_average": 202805
    }, 
    {
        "date": "2011-10-31", 
        "operating_revenue": 198480, 
        "accumulated_operating_revenue": 401285, 
        "long_term_average": 200642, 
        "short_term_average": 200642
    }, 
    {
        "date": "2011-11-30", 
        "operating_revenue": 224307, 
        "accumulated_operating_revenue": 625592, 
        "long_term_average": 208530, 
        "short_term_average": 208530
    }, 
    {
        "date": "2011-12-31", 
        "operating_revenue": 253563, 
        "accumulated_operating_revenue": 879155, 
        "long_term_average": 219788, 
        "short_term_average": 225450
    }, 
    {
        "date": "2012-01-31", 
        "operating_revenue": 185023, 
        "accumulated_operating_revenue": 185023, 
        "long_term_average": 212835, 
        "short_term_average": 220964
    }, 
    {
        "date": "2012-02-29", 
        "operating_revenue": 207472, 
        "accumulated_operating_revenue": 392495, 
        "long_term_average": 211941, 
        "short_term_average": 215352
    }, 
    {
        "date": "2012-03-31", 
        "operating_revenue": 242263, 
        "accumulated_operating_revenue": 634758, 
        "long_term_average": 216273, 
        "short_term_average": 211586
    }, 
    {
        "date": "2012-04-30", 
        "operating_revenue": 243027, 
        "accumulated_operating_revenue": 877785, 
        "long_term_average": 219617, 
        "short_term_average": 230920
    }, 
    {
        "date": "2012-05-31", 
        "operating_revenue": 235078, 
        "accumulated_operating_revenue": 1112863, 
        "long_term_average": 221335, 
        "short_term_average": 240122
    }, 
    {
        "date": "2012-06-30", 
        "operating_revenue": 244637, 
        "accumulated_operating_revenue": 1357500, 
        "long_term_average": 223665, 
        "short_term_average": 240914
    }, 
    {
        "date": "2012-07-31", 
        "operating_revenue": 227817, 
        "accumulated_operating_revenue": 1585317, 
        "long_term_average": 224042, 
        "short_term_average": 235844
    }, 
    {
        "date": "2012-08-31", 
        "operating_revenue": 200654, 
        "accumulated_operating_revenue": 1785971, 
        "long_term_average": 222093, 
        "short_term_average": 224369
    }, 
    {
        "accumulated_operating_revenue_yoy": 884.359853060822, 
        "accumulated_operating_revenue": 1996331, 
        "long_term_average": 222723, 
        "date": "2012-09-30", 
        "operating_revenue": 210360, 
        "short_term_average": 212943
    }, 
    {
        "accumulated_operating_revenue_yoy": 444.30242844860885, 
        "accumulated_operating_revenue": 2184204, 
        "long_term_average": 221839, 
        "date": "2012-10-31", 
        "operating_revenue": 187873, 
        "short_term_average": 199629
    }, 
    {
        "accumulated_operating_revenue_yoy": 280.58191281218427, 
        "accumulated_operating_revenue": 2380890, 
        "long_term_average": 219537, 
        "date": "2012-11-30", 
        "operating_revenue": 196686, 
        "short_term_average": 198306
    }, 
    {
        "accumulated_operating_revenue_yoy": 192.2654139486211, 
        "accumulated_operating_revenue": 2569466, 
        "long_term_average": 214122, 
        "date": "2012-12-31", 
        "operating_revenue": 188576, 
        "short_term_average": 191045
    }, 
    {
        "accumulated_operating_revenue_yoy": 13.335098879598753, 
        "accumulated_operating_revenue": 209696, 
        "long_term_average": 216178, 
        "date": "2013-01-31", 
        "operating_revenue": 209696, 
        "short_term_average": 198319
    }, 
    {
        "accumulated_operating_revenue_yoy": -18.758710302042065, 
        "accumulated_operating_revenue": 318868, 
        "long_term_average": 207986, 
        "date": "2013-02-28", 
        "operating_revenue": 109172, 
        "short_term_average": 169148
    }, 
    {
        "accumulated_operating_revenue_yoy": -19.641186089816905, 
        "accumulated_operating_revenue": 510084, 
        "long_term_average": 203732, 
        "date": "2013-03-31", 
        "operating_revenue": 191216, 
        "short_term_average": 170028
    }, 
    {
        "accumulated_operating_revenue_yoy": -19.94451944382736, 
        "accumulated_operating_revenue": 702715, 
        "long_term_average": 199533, 
        "date": "2013-04-30", 
        "operating_revenue": 192631, 
        "short_term_average": 164339
    }, 
    {
        "accumulated_operating_revenue_yoy": -18.34951831447357, 
        "accumulated_operating_revenue": 908658, 
        "long_term_average": 197105, 
        "date": "2013-05-31", 
        "operating_revenue": 205943, 
        "short_term_average": 196596
    }, 
    {
        "accumulated_operating_revenue_yoy": -19.20744014732965, 
        "accumulated_operating_revenue": 1096759, 
        "long_term_average": 192393, 
        "date": "2013-06-30", 
        "operating_revenue": 188101, 
        "short_term_average": 195558
    }, 
    {
        "accumulated_operating_revenue_yoy": -18.96339974907227, 
        "accumulated_operating_revenue": 1284687, 
        "long_term_average": 189069, 
        "date": "2013-07-31", 
        "operating_revenue": 187928, 
        "short_term_average": 193990
    }, 
    {
        "accumulated_operating_revenue_yoy": -16.770205115312624, 
        "accumulated_operating_revenue": 1486460, 
        "long_term_average": 189162, 
        "date": "2013-08-31", 
        "operating_revenue": 201773, 
        "short_term_average": 192600
    }, 
    {
        "accumulated_operating_revenue_yoy": -15.465922234338894, 
        "accumulated_operating_revenue": 1687580, 
        "long_term_average": 188392, 
        "date": "2013-09-30", 
        "operating_revenue": 201120, 
        "short_term_average": 196940
    }, 
    {
        "accumulated_operating_revenue_yoy": -14.444072073853908, 
        "accumulated_operating_revenue": 1868716, 
        "long_term_average": 187831, 
        "date": "2013-10-31", 
        "operating_revenue": 181136, 
        "short_term_average": 194676
    }, 
    {
        "accumulated_operating_revenue_yoy": -13.344169617243972, 
        "accumulated_operating_revenue": 2063180, 
        "long_term_average": 187646, 
        "date": "2013-11-30", 
        "operating_revenue": 194464, 
        "short_term_average": 192240
    }, 
    {
        "accumulated_operating_revenue_yoy": -12.177355139161211, 
        "accumulated_operating_revenue": 2256573, 
        "long_term_average": 188047, 
        "date": "2013-12-31", 
        "operating_revenue": 193393, 
        "short_term_average": 189664
    }, 
    {
        "accumulated_operating_revenue_yoy": -7.024931329162216, 
        "accumulated_operating_revenue": 194965, 
        "long_term_average": 186820, 
        "date": "2014-01-31", 
        "operating_revenue": 194965, 
        "short_term_average": 194274
    }, 
    {
        "accumulated_operating_revenue_yoy": 11.671287178393568, 
        "accumulated_operating_revenue": 356084, 
        "long_term_average": 191149, 
        "date": "2014-02-28", 
        "operating_revenue": 161119, 
        "short_term_average": 183159
    }, 
    {
        "accumulated_operating_revenue_yoy": 9.487064875589118, 
        "accumulated_operating_revenue": 558476, 
        "long_term_average": 192080, 
        "date": "2014-03-31", 
        "operating_revenue": 202392, 
        "short_term_average": 186158
    }, 
    {
        "accumulated_operating_revenue_yoy": 13.33214745665028, 
        "accumulated_operating_revenue": 796402, 
        "long_term_average": 195855, 
        "date": "2014-04-30", 
        "operating_revenue": 237926, 
        "short_term_average": 200479
    }, 
    {
        "accumulated_operating_revenue_yoy": 11.478245940716969, 
        "accumulated_operating_revenue": 1012956, 
        "long_term_average": 196739, 
        "date": "2014-05-31", 
        "operating_revenue": 216554, 
        "short_term_average": 218957
    }, 
    {
        "accumulated_operating_revenue_yoy": 12.300332160483753, 
        "accumulated_operating_revenue": 1231664, 
        "long_term_average": 199289, 
        "date": "2014-06-30", 
        "operating_revenue": 218708, 
        "short_term_average": 224396
    }, 
    {
        "accumulated_operating_revenue_yoy": 12.293188924617436, 
        "accumulated_operating_revenue": 1442616, 
        "long_term_average": 201208, 
        "date": "2014-07-31", 
        "operating_revenue": 210952, 
        "short_term_average": 215404
    }, 
    {
        "accumulated_operating_revenue_yoy": 11.79702111055797, 
        "accumulated_operating_revenue": 1661818, 
        "long_term_average": 202660, 
        "date": "2014-08-31", 
        "operating_revenue": 219202, 
        "short_term_average": 216287
    }, 
    {
        "accumulated_operating_revenue_yoy": 11.522416715059434, 
        "accumulated_operating_revenue": 1882030, 
        "long_term_average": 204251, 
        "date": "2014-09-30", 
        "operating_revenue": 220212, 
        "short_term_average": 216788
    }, 
    {
        "accumulated_operating_revenue_yoy": 12.467865636083813, 
        "accumulated_operating_revenue": 2101705, 
        "long_term_average": 207463, 
        "date": "2014-10-31", 
        "operating_revenue": 219675, 
        "short_term_average": 219696
    }, 
    {
        "accumulated_operating_revenue_yoy": 12.979866032047616, 
        "accumulated_operating_revenue": 2330978, 
        "long_term_average": 210364, 
        "date": "2014-11-30", 
        "operating_revenue": 229273, 
        "short_term_average": 223053
    }, 
    {
        "accumulated_operating_revenue_yoy": 13.002637184793048, 
        "accumulated_operating_revenue": 2549987, 
        "long_term_average": 212498, 
        "date": "2014-12-31", 
        "operating_revenue": 219009, 
        "short_term_average": 222652
    }, 
    {
        "accumulated_operating_revenue_yoy": 25.87849101120714, 
        "accumulated_operating_revenue": 245419, 
        "long_term_average": 216703, 
        "date": "2015-01-31", 
        "operating_revenue": 245419, 
        "short_term_average": 231233
    }, 
    {
        "accumulated_operating_revenue_yoy": 22.476999809033824, 
        "accumulated_operating_revenue": 436121, 
        "long_term_average": 219168, 
        "date": "2015-02-28", 
        "operating_revenue": 190702, 
        "short_term_average": 218376
    }, 
    {
        "accumulated_operating_revenue_yoy": 16.931434833367952, 
        "accumulated_operating_revenue": 653034, 
        "long_term_average": 220378, 
        "date": "2015-03-31", 
        "operating_revenue": 216913, 
        "short_term_average": 217678
    }, 
    {
        "accumulated_operating_revenue_yoy": 8.652288668285614, 
        "accumulated_operating_revenue": 865309, 
        "long_term_average": 218241, 
        "date": "2015-04-30", 
        "operating_revenue": 212275, 
        "short_term_average": 206630
    }, 
    {
        "accumulated_operating_revenue_yoy": 6.172528717930493, 
        "accumulated_operating_revenue": 1075481, 
        "long_term_average": 217709, 
        "date": "2015-05-31", 
        "operating_revenue": 210172, 
        "short_term_average": 213120
    }, 
    {
        "accumulated_operating_revenue_yoy": 4.358818638849557, 
        "accumulated_operating_revenue": 1285350, 
        "long_term_average": 216972, 
        "date": "2015-06-30", 
        "operating_revenue": 209869, 
        "short_term_average": 210772
    }, 
    {
        "accumulated_operating_revenue_yoy": 4.469241988165943, 
        "accumulated_operating_revenue": 1507090, 
        "long_term_average": 217871, 
        "date": "2015-07-31", 
        "operating_revenue": 221740, 
        "short_term_average": 213927
    }, 
    {
        "accumulated_operating_revenue_yoy": 5.317188765556758, 
        "accumulated_operating_revenue": 1750180, 
        "long_term_average": 219862, 
        "date": "2015-08-31", 
        "operating_revenue": 243090, 
        "short_term_average": 224899
    }
]