[
    {
        "date": "2012-01-31", 
        "operating_revenue": 163057, 
        "accumulated_operating_revenue": 163057, 
        "long_term_average": 163057, 
        "short_term_average": 163057
    }, 
    {
        "date": "2012-02-29", 
        "operating_revenue": 221342, 
        "accumulated_operating_revenue": 384399, 
        "long_term_average": 192199, 
        "short_term_average": 192199
    }, 
    {
        "date": "2012-03-31", 
        "operating_revenue": 291276, 
        "accumulated_operating_revenue": 675675, 
        "long_term_average": 225225, 
        "short_term_average": 225225
    }, 
    {
        "date": "2012-04-30", 
        "operating_revenue": 234069, 
        "accumulated_operating_revenue": 909744, 
        "long_term_average": 227436, 
        "short_term_average": 248895
    }, 
    {
        "date": "2012-05-31", 
        "operating_revenue": 263416, 
        "accumulated_operating_revenue": 1173160, 
        "long_term_average": 234632, 
        "short_term_average": 262920
    }, 
    {
        "date": "2012-06-30", 
        "operating_revenue": 221600, 
        "accumulated_operating_revenue": 1394760, 
        "long_term_average": 232460, 
        "short_term_average": 239695
    }, 
    {
        "date": "2012-07-31", 
        "operating_revenue": 256359, 
        "accumulated_operating_revenue": 1651119, 
        "long_term_average": 235874, 
        "short_term_average": 247125
    }, 
    {
        "date": "2012-08-31", 
        "operating_revenue": 299470, 
        "accumulated_operating_revenue": 1950589, 
        "long_term_average": 243823, 
        "short_term_average": 259143
    }, 
    {
        "date": "2012-09-30", 
        "operating_revenue": 317744, 
        "accumulated_operating_revenue": 2268333, 
        "long_term_average": 252037, 
        "short_term_average": 291191
    }, 
    {
        "date": "2012-10-31", 
        "operating_revenue": 296946, 
        "accumulated_operating_revenue": 2565279, 
        "long_term_average": 256527, 
        "short_term_average": 304720
    }, 
    {
        "date": "2012-11-30", 
        "operating_revenue": 287016, 
        "accumulated_operating_revenue": 2852295, 
        "long_term_average": 259299, 
        "short_term_average": 300568
    }, 
    {
        "date": "2012-12-31", 
        "operating_revenue": 271158, 
        "accumulated_operating_revenue": 3123453, 
        "long_term_average": 260287, 
        "short_term_average": 285040
    }, 
    {
        "accumulated_operating_revenue_yoy": 73.5429941676837, 
        "accumulated_operating_revenue": 282974, 
        "long_term_average": 270280, 
        "date": "2013-01-31", 
        "operating_revenue": 282974, 
        "short_term_average": 280382
    }, 
    {
        "accumulated_operating_revenue_yoy": 22.090848311259915, 
        "accumulated_operating_revenue": 469316, 
        "long_term_average": 267364, 
        "date": "2013-02-28", 
        "operating_revenue": 186342, 
        "short_term_average": 246824
    }, 
    {
        "accumulated_operating_revenue_yoy": 9.358789358789359, 
        "accumulated_operating_revenue": 738910, 
        "long_term_average": 265557, 
        "date": "2013-03-31", 
        "operating_revenue": 269594, 
        "short_term_average": 246303
    }, 
    {
        "accumulated_operating_revenue_yoy": 8.775765490071933, 
        "accumulated_operating_revenue": 989581, 
        "long_term_average": 266940, 
        "date": "2013-04-30", 
        "operating_revenue": 250671, 
        "short_term_average": 235535
    }, 
    {
        "accumulated_operating_revenue_yoy": 3.3243547342221005, 
        "accumulated_operating_revenue": 1212160, 
        "long_term_average": 263537, 
        "date": "2013-05-31", 
        "operating_revenue": 222579, 
        "short_term_average": 247614
    }, 
    {
        "accumulated_operating_revenue_yoy": 3.3735553070062236, 
        "accumulated_operating_revenue": 1441813, 
        "long_term_average": 264208, 
        "date": "2013-06-30", 
        "operating_revenue": 229653, 
        "short_term_average": 234301
    }, 
    {
        "accumulated_operating_revenue_yoy": 1.142255646019457, 
        "accumulated_operating_revenue": 1669979, 
        "long_term_average": 261859, 
        "date": "2013-07-31", 
        "operating_revenue": 228166, 
        "short_term_average": 226799
    }, 
    {
        "accumulated_operating_revenue_yoy": -0.7747916142252417, 
        "accumulated_operating_revenue": 1935476, 
        "long_term_average": 259028, 
        "date": "2013-08-31", 
        "operating_revenue": 265497, 
        "short_term_average": 241105
    }, 
    {
        "accumulated_operating_revenue_yoy": -2.4006616312507907, 
        "accumulated_operating_revenue": 2213878, 
        "long_term_average": 255749, 
        "date": "2013-09-30", 
        "operating_revenue": 278402, 
        "short_term_average": 257355
    }, 
    {
        "accumulated_operating_revenue_yoy": -3.1212589351879467, 
        "accumulated_operating_revenue": 2485210, 
        "long_term_average": 253615, 
        "date": "2013-10-31", 
        "operating_revenue": 271332, 
        "short_term_average": 271743
    }, 
    {
        "accumulated_operating_revenue_yoy": -4.383662980161589, 
        "accumulated_operating_revenue": 2727260, 
        "long_term_average": 249868, 
        "date": "2013-11-30", 
        "operating_revenue": 242050, 
        "short_term_average": 263928
    }, 
    {
        "accumulated_operating_revenue_yoy": -4.434611309982894, 
        "accumulated_operating_revenue": 2984940, 
        "long_term_average": 248745, 
        "date": "2013-12-31", 
        "operating_revenue": 257680, 
        "short_term_average": 257020
    }, 
    {
        "accumulated_operating_revenue_yoy": -24.279969184448042, 
        "accumulated_operating_revenue": 214268, 
        "long_term_average": 243019, 
        "date": "2014-01-31", 
        "operating_revenue": 214268, 
        "short_term_average": 237999
    }, 
    {
        "accumulated_operating_revenue_yoy": -7.196430549991903, 
        "accumulated_operating_revenue": 435542, 
        "long_term_average": 245930, 
        "date": "2014-02-28", 
        "operating_revenue": 221274, 
        "short_term_average": 231074
    }, 
    {
        "accumulated_operating_revenue_yoy": -12.10999986466552, 
        "accumulated_operating_revenue": 649428, 
        "long_term_average": 241288, 
        "date": "2014-03-31", 
        "operating_revenue": 213886, 
        "short_term_average": 216476
    }, 
    {
        "accumulated_operating_revenue_yoy": -8.791700729904878, 
        "accumulated_operating_revenue": 902580, 
        "long_term_average": 241494, 
        "date": "2014-04-30", 
        "operating_revenue": 253152, 
        "short_term_average": 229437
    }, 
    {
        "accumulated_operating_revenue_yoy": -6.762473600844773, 
        "accumulated_operating_revenue": 1130188, 
        "long_term_average": 241914, 
        "date": "2014-05-31", 
        "operating_revenue": 227608, 
        "short_term_average": 231548
    }, 
    {
        "accumulated_operating_revenue_yoy": -1.838518587361884, 
        "accumulated_operating_revenue": 1415305, 
        "long_term_average": 246536, 
        "date": "2014-06-30", 
        "operating_revenue": 285117, 
        "short_term_average": 255292
    }, 
    {
        "accumulated_operating_revenue_yoy": -1.1290561138792763, 
        "accumulated_operating_revenue": 1651124, 
        "long_term_average": 247173, 
        "date": "2014-07-31", 
        "operating_revenue": 235819, 
        "short_term_average": 249514
    }, 
    {
        "accumulated_operating_revenue_yoy": -2.2887393075398506, 
        "accumulated_operating_revenue": 1891178, 
        "long_term_average": 245053, 
        "date": "2014-08-31", 
        "operating_revenue": 240054, 
        "short_term_average": 253663
    }, 
    {
        "accumulated_operating_revenue_yoy": -4.287228112840906, 
        "accumulated_operating_revenue": 2118964, 
        "long_term_average": 240835, 
        "date": "2014-09-30", 
        "operating_revenue": 227786, 
        "short_term_average": 234553
    }, 
    {
        "accumulated_operating_revenue_yoy": -6.41929655843973, 
        "accumulated_operating_revenue": 2325677, 
        "long_term_average": 235450, 
        "date": "2014-10-31", 
        "operating_revenue": 206713, 
        "short_term_average": 224851
    }, 
    {
        "accumulated_operating_revenue_yoy": -7.964183832857887, 
        "accumulated_operating_revenue": 2510056, 
        "long_term_average": 230644, 
        "date": "2014-11-30", 
        "operating_revenue": 184379, 
        "short_term_average": 206292
    }, 
    {
        "accumulated_operating_revenue_yoy": -9.472786722681192, 
        "accumulated_operating_revenue": 2702183, 
        "long_term_average": 225181, 
        "date": "2014-12-31", 
        "operating_revenue": 192127, 
        "short_term_average": 194406
    }, 
    {
        "accumulated_operating_revenue_yoy": -20.28907723038438, 
        "accumulated_operating_revenue": 170795, 
        "long_term_average": 221559, 
        "date": "2015-01-31", 
        "operating_revenue": 170795, 
        "short_term_average": 182433
    }, 
    {
        "accumulated_operating_revenue_yoy": -32.16704703564754, 
        "accumulated_operating_revenue": 295441, 
        "long_term_average": 213506, 
        "date": "2015-02-28", 
        "operating_revenue": 124646, 
        "short_term_average": 162522
    }, 
    {
        "accumulated_operating_revenue_yoy": -23.13913166663587, 
        "accumulated_operating_revenue": 499156, 
        "long_term_average": 212659, 
        "date": "2015-03-31", 
        "operating_revenue": 203715, 
        "short_term_average": 166385
    }, 
    {
        "accumulated_operating_revenue_yoy": -21.537813822597442, 
        "accumulated_operating_revenue": 708184, 
        "long_term_average": 208982, 
        "date": "2015-04-30", 
        "operating_revenue": 209028, 
        "short_term_average": 179129
    }, 
    {
        "accumulated_operating_revenue_yoy": -19.768392515227557, 
        "accumulated_operating_revenue": 906768, 
        "long_term_average": 206563, 
        "date": "2015-05-31", 
        "operating_revenue": 198584, 
        "short_term_average": 203775
    }, 
    {
        "accumulated_operating_revenue_yoy": -21.546733742903474, 
        "accumulated_operating_revenue": 1110353, 
        "long_term_average": 199769, 
        "date": "2015-06-30", 
        "operating_revenue": 203585, 
        "short_term_average": 203732
    }, 
    {
        "accumulated_operating_revenue_yoy": -20.74780573718267, 
        "accumulated_operating_revenue": 1308552, 
        "long_term_average": 196634, 
        "date": "2015-07-31", 
        "operating_revenue": 198199, 
        "short_term_average": 200122
    }, 
    {
        "accumulated_operating_revenue_yoy": -19.300298544082047, 
        "accumulated_operating_revenue": 1526175, 
        "long_term_average": 194765, 
        "date": "2015-08-31", 
        "operating_revenue": 217623, 
        "short_term_average": 206469
    }, 
    {
        "accumulated_operating_revenue_yoy": -16.227647095467407, 
        "accumulated_operating_revenue": 1775106, 
        "long_term_average": 196527, 
        "date": "2015-09-30", 
        "operating_revenue": 248931, 
        "short_term_average": 221584
    }
]