[
    {
        "date": "2011-09-30", 
        "operating_revenue": 824376, 
        "accumulated_operating_revenue": 824376, 
        "long_term_average": 824376, 
        "short_term_average": 824376
    }, 
    {
        "date": "2011-10-31", 
        "operating_revenue": 711511, 
        "accumulated_operating_revenue": 1535887, 
        "long_term_average": 767943, 
        "short_term_average": 767943
    }, 
    {
        "date": "2011-11-30", 
        "operating_revenue": 612566, 
        "accumulated_operating_revenue": 2148453, 
        "long_term_average": 716151, 
        "short_term_average": 716151
    }, 
    {
        "date": "2011-12-31", 
        "operating_revenue": 629544, 
        "accumulated_operating_revenue": 2777997, 
        "long_term_average": 694499, 
        "short_term_average": 651207
    }, 
    {
        "date": "2012-01-31", 
        "operating_revenue": 503932, 
        "accumulated_operating_revenue": 503932, 
        "long_term_average": 656385, 
        "short_term_average": 582014
    }, 
    {
        "date": "2012-02-29", 
        "operating_revenue": 578825, 
        "accumulated_operating_revenue": 1082757, 
        "long_term_average": 643459, 
        "short_term_average": 570767
    }, 
    {
        "date": "2012-03-31", 
        "operating_revenue": 645814, 
        "accumulated_operating_revenue": 1728571, 
        "long_term_average": 643795, 
        "short_term_average": 576190
    }, 
    {
        "date": "2012-04-30", 
        "operating_revenue": 660203, 
        "accumulated_operating_revenue": 2388774, 
        "long_term_average": 645846, 
        "short_term_average": 628280
    }, 
    {
        "date": "2012-05-31", 
        "operating_revenue": 689042, 
        "accumulated_operating_revenue": 3077816, 
        "long_term_average": 650645, 
        "short_term_average": 665019
    }, 
    {
        "date": "2012-06-30", 
        "operating_revenue": 616191, 
        "accumulated_operating_revenue": 3694007, 
        "long_term_average": 647200, 
        "short_term_average": 655145
    }, 
    {
        "date": "2012-07-31", 
        "operating_revenue": 576172, 
        "accumulated_operating_revenue": 4270179, 
        "long_term_average": 640743, 
        "short_term_average": 627135
    }, 
    {
        "date": "2012-08-31", 
        "operating_revenue": 583918, 
        "accumulated_operating_revenue": 4854097, 
        "long_term_average": 636007, 
        "short_term_average": 592093
    }, 
    {
        "accumulated_operating_revenue_yoy": 560.1403971003523, 
        "accumulated_operating_revenue": 5442039, 
        "long_term_average": 616305, 
        "date": "2012-09-30", 
        "operating_revenue": 587942, 
        "short_term_average": 582677
    }, 
    {
        "accumulated_operating_revenue_yoy": 292.18484172338196, 
        "accumulated_operating_revenue": 6023516, 
        "long_term_average": 605468, 
        "date": "2012-10-31", 
        "operating_revenue": 581477, 
        "short_term_average": 584445
    }, 
    {
        "accumulated_operating_revenue_yoy": 206.16150318391882, 
        "accumulated_operating_revenue": 6577736, 
        "long_term_average": 600606, 
        "date": "2012-11-30", 
        "operating_revenue": 554220, 
        "short_term_average": 574546
    }, 
    {
        "accumulated_operating_revenue_yoy": 155.61787863701798, 
        "accumulated_operating_revenue": 7101057, 
        "long_term_average": 591754, 
        "date": "2012-12-31", 
        "operating_revenue": 523321, 
        "short_term_average": 553006
    }, 
    {
        "accumulated_operating_revenue_yoy": 19.231364549185205, 
        "accumulated_operating_revenue": 600845, 
        "long_term_average": 599830, 
        "date": "2013-01-31", 
        "operating_revenue": 600845, 
        "short_term_average": 559462
    }, 
    {
        "accumulated_operating_revenue_yoy": -7.256106402452259, 
        "accumulated_operating_revenue": 1004191, 
        "long_term_average": 585207, 
        "date": "2013-02-28", 
        "operating_revenue": 403346, 
        "short_term_average": 509170
    }, 
    {
        "accumulated_operating_revenue_yoy": -16.436235480058382, 
        "accumulated_operating_revenue": 1444459, 
        "long_term_average": 568078, 
        "date": "2013-03-31", 
        "operating_revenue": 440268, 
        "short_term_average": 481486
    }, 
    {
        "accumulated_operating_revenue_yoy": -19.003765111308144, 
        "accumulated_operating_revenue": 1934817, 
        "long_term_average": 553925, 
        "date": "2013-04-30", 
        "operating_revenue": 490358, 
        "short_term_average": 444657
    }, 
    {
        "accumulated_operating_revenue_yoy": -20.882502397804156, 
        "accumulated_operating_revenue": 2435091, 
        "long_term_average": 538194, 
        "date": "2013-05-31", 
        "operating_revenue": 500274, 
        "short_term_average": 476966
    }, 
    {
        "accumulated_operating_revenue_yoy": -20.35020507540998, 
        "accumulated_operating_revenue": 2942269, 
        "long_term_average": 529109, 
        "date": "2013-06-30", 
        "operating_revenue": 507178, 
        "short_term_average": 499270
    }, 
    {
        "accumulated_operating_revenue_yoy": -19.623556764248058, 
        "accumulated_operating_revenue": 3432218, 
        "long_term_average": 521924, 
        "date": "2013-07-31", 
        "operating_revenue": 489949, 
        "short_term_average": 499133
    }, 
    {
        "accumulated_operating_revenue_yoy": -19.609435081334386, 
        "accumulated_operating_revenue": 3902236, 
        "long_term_average": 512433, 
        "date": "2013-08-31", 
        "operating_revenue": 470018, 
        "short_term_average": 489048
    }, 
    {
        "accumulated_operating_revenue_yoy": -18.913646153583244, 
        "accumulated_operating_revenue": 4412751, 
        "long_term_average": 505980, 
        "date": "2013-09-30", 
        "operating_revenue": 510515, 
        "short_term_average": 490160
    }, 
    {
        "accumulated_operating_revenue_yoy": -18.918419076167474, 
        "accumulated_operating_revenue": 4883962, 
        "long_term_average": 496791, 
        "date": "2013-10-31", 
        "operating_revenue": 471211, 
        "short_term_average": 483914
    }, 
    {
        "accumulated_operating_revenue_yoy": -18.69763395794541, 
        "accumulated_operating_revenue": 5347855, 
        "long_term_average": 489264, 
        "date": "2013-11-30", 
        "operating_revenue": 463893, 
        "short_term_average": 481873
    }, 
    {
        "accumulated_operating_revenue_yoy": -17.64648558658239, 
        "accumulated_operating_revenue": 5847970, 
        "long_term_average": 487330, 
        "date": "2013-12-31", 
        "operating_revenue": 500115, 
        "short_term_average": 478406
    }, 
    {
        "accumulated_operating_revenue_yoy": -14.972080985944794, 
        "accumulated_operating_revenue": 510886, 
        "long_term_average": 479834, 
        "date": "2014-01-31", 
        "operating_revenue": 510886, 
        "short_term_average": 491631
    }, 
    {
        "accumulated_operating_revenue_yoy": -7.54736897661899, 
        "accumulated_operating_revenue": 928401, 
        "long_term_average": 481015, 
        "date": "2014-02-28", 
        "operating_revenue": 417515, 
        "short_term_average": 476172
    }, 
    {
        "accumulated_operating_revenue_yoy": -3.87300712585127, 
        "accumulated_operating_revenue": 1388515, 
        "long_term_average": 482668, 
        "date": "2014-03-31", 
        "operating_revenue": 460114, 
        "short_term_average": 462838
    }, 
    {
        "accumulated_operating_revenue_yoy": -4.428584202020139, 
        "accumulated_operating_revenue": 1849132, 
        "long_term_average": 480190, 
        "date": "2014-04-30", 
        "operating_revenue": 460617, 
        "short_term_average": 446082
    }, 
    {
        "accumulated_operating_revenue_yoy": -4.904744832944641, 
        "accumulated_operating_revenue": 2315656, 
        "long_term_average": 477377, 
        "date": "2014-05-31", 
        "operating_revenue": 466524, 
        "short_term_average": 462418
    }, 
    {
        "accumulated_operating_revenue_yoy": -4.979388356401131, 
        "accumulated_operating_revenue": 2795762, 
        "long_term_average": 475121, 
        "date": "2014-06-30", 
        "operating_revenue": 480106, 
        "short_term_average": 469082
    }, 
    {
        "accumulated_operating_revenue_yoy": -3.2883109406220705, 
        "accumulated_operating_revenue": 3319356, 
        "long_term_average": 477925, 
        "date": "2014-07-31", 
        "operating_revenue": 523594, 
        "short_term_average": 490074
    }, 
    {
        "accumulated_operating_revenue_yoy": -1.4509886126825748, 
        "accumulated_operating_revenue": 3845615, 
        "long_term_average": 482612, 
        "date": "2014-08-31", 
        "operating_revenue": 526259, 
        "short_term_average": 509986
    }, 
    {
        "accumulated_operating_revenue_yoy": -1.215477601160818, 
        "accumulated_operating_revenue": 4359115, 
        "long_term_average": 482861, 
        "date": "2014-09-30", 
        "operating_revenue": 513500, 
        "short_term_average": 521117
    }, 
    {
        "accumulated_operating_revenue_yoy": -0.4827433137276662, 
        "accumulated_operating_revenue": 4860385, 
        "long_term_average": 485366, 
        "date": "2014-10-31", 
        "operating_revenue": 501270, 
        "short_term_average": 513676
    }, 
    {
        "accumulated_operating_revenue_yoy": -0.5040525593906342, 
        "accumulated_operating_revenue": 5320899, 
        "long_term_average": 485084, 
        "date": "2014-11-30", 
        "operating_revenue": 460514, 
        "short_term_average": 491761
    }, 
    {
        "accumulated_operating_revenue_yoy": -1.3733141585883648, 
        "accumulated_operating_revenue": 5767659, 
        "long_term_average": 480638, 
        "date": "2014-12-31", 
        "operating_revenue": 446760, 
        "short_term_average": 469514
    }, 
    {
        "accumulated_operating_revenue_yoy": -3.877577385170077, 
        "accumulated_operating_revenue": 491076, 
        "long_term_average": 478987, 
        "date": "2015-01-31", 
        "operating_revenue": 491076, 
        "short_term_average": 466116
    }, 
    {
        "accumulated_operating_revenue_yoy": -3.90111600482981, 
        "accumulated_operating_revenue": 892183, 
        "long_term_average": 477620, 
        "date": "2015-02-28", 
        "operating_revenue": 401107, 
        "short_term_average": 446314
    }, 
    {
        "accumulated_operating_revenue_yoy": -6.6642420139501555, 
        "accumulated_operating_revenue": 1295981, 
        "long_term_average": 472927, 
        "date": "2015-03-31", 
        "operating_revenue": 403798, 
        "short_term_average": 431993
    }, 
    {
        "accumulated_operating_revenue_yoy": -7.687120227220124, 
        "accumulated_operating_revenue": 1706987, 
        "long_term_average": 468792, 
        "date": "2015-04-30", 
        "operating_revenue": 411006, 
        "short_term_average": 405303
    }, 
    {
        "accumulated_operating_revenue_yoy": -11.502399320106269, 
        "accumulated_operating_revenue": 2049300, 
        "long_term_average": 458441, 
        "date": "2015-05-31", 
        "operating_revenue": 342313, 
        "short_term_average": 385705
    }, 
    {
        "accumulated_operating_revenue_yoy": -13.107016977840031, 
        "accumulated_operating_revenue": 2429321, 
        "long_term_average": 450101, 
        "date": "2015-06-30", 
        "operating_revenue": 380021, 
        "short_term_average": 377780
    }, 
    {
        "accumulated_operating_revenue_yoy": -15.65375934367992, 
        "accumulated_operating_revenue": 2799752, 
        "long_term_average": 437337, 
        "date": "2015-07-31", 
        "operating_revenue": 370431, 
        "short_term_average": 364255
    }, 
    {
        "accumulated_operating_revenue_yoy": -17.818710401327227, 
        "accumulated_operating_revenue": 3160376, 
        "long_term_average": 423535, 
        "date": "2015-08-31", 
        "operating_revenue": 360624, 
        "short_term_average": 370358
    }
]