[
    {
        "date": "2012-01-31", 
        "operating_revenue": 111519, 
        "accumulated_operating_revenue": 111519, 
        "long_term_average": 111519, 
        "short_term_average": 111519
    }, 
    {
        "date": "2012-02-29", 
        "operating_revenue": 113039, 
        "accumulated_operating_revenue": 224558, 
        "long_term_average": 112279, 
        "short_term_average": 112279
    }, 
    {
        "date": "2012-03-31", 
        "operating_revenue": 119992, 
        "accumulated_operating_revenue": 344550, 
        "long_term_average": 114850, 
        "short_term_average": 114850
    }, 
    {
        "date": "2012-04-30", 
        "operating_revenue": 125193, 
        "accumulated_operating_revenue": 469743, 
        "long_term_average": 117435, 
        "short_term_average": 119408
    }, 
    {
        "date": "2012-05-31", 
        "operating_revenue": 135596, 
        "accumulated_operating_revenue": 605339, 
        "long_term_average": 121067, 
        "short_term_average": 126927
    }, 
    {
        "date": "2012-06-30", 
        "operating_revenue": 141966, 
        "accumulated_operating_revenue": 747305, 
        "long_term_average": 124550, 
        "short_term_average": 134251
    }, 
    {
        "date": "2012-07-31", 
        "operating_revenue": 131077, 
        "accumulated_operating_revenue": 878382, 
        "long_term_average": 125483, 
        "short_term_average": 136213
    }, 
    {
        "date": "2012-08-31", 
        "operating_revenue": 134464, 
        "accumulated_operating_revenue": 1012846, 
        "long_term_average": 126605, 
        "short_term_average": 135835
    }, 
    {
        "date": "2012-09-30", 
        "operating_revenue": 135787, 
        "accumulated_operating_revenue": 1148633, 
        "long_term_average": 127625, 
        "short_term_average": 133776
    }, 
    {
        "date": "2012-10-31", 
        "operating_revenue": 131014, 
        "accumulated_operating_revenue": 1279647, 
        "long_term_average": 127964, 
        "short_term_average": 133755
    }, 
    {
        "date": "2012-11-30", 
        "operating_revenue": 100135, 
        "accumulated_operating_revenue": 1379782, 
        "long_term_average": 125434, 
        "short_term_average": 122312
    }, 
    {
        "date": "2012-12-31", 
        "operating_revenue": 90503, 
        "accumulated_operating_revenue": 1470285, 
        "long_term_average": 122523, 
        "short_term_average": 107217
    }, 
    {
        "accumulated_operating_revenue_yoy": 0.6052780243725284, 
        "accumulated_operating_revenue": 112194, 
        "long_term_average": 122580, 
        "date": "2013-01-31", 
        "operating_revenue": 112194, 
        "short_term_average": 100944
    }, 
    {
        "accumulated_operating_revenue_yoy": -14.176292984440545, 
        "accumulated_operating_revenue": 192724, 
        "long_term_average": 119870, 
        "date": "2013-02-28", 
        "operating_revenue": 80530, 
        "short_term_average": 94409
    }, 
    {
        "accumulated_operating_revenue_yoy": -20.729357132491653, 
        "accumulated_operating_revenue": 273127, 
        "long_term_average": 116571, 
        "date": "2013-03-31", 
        "operating_revenue": 80403, 
        "short_term_average": 91042
    }, 
    {
        "accumulated_operating_revenue_yoy": -24.563218611027732, 
        "accumulated_operating_revenue": 354359, 
        "long_term_average": 112908, 
        "date": "2013-04-30", 
        "operating_revenue": 81232, 
        "short_term_average": 80721
    }, 
    {
        "accumulated_operating_revenue_yoy": -26.901950807729225, 
        "accumulated_operating_revenue": 442491, 
        "long_term_average": 108953, 
        "date": "2013-05-31", 
        "operating_revenue": 88132, 
        "short_term_average": 83255
    }, 
    {
        "accumulated_operating_revenue_yoy": -28.607329002214627, 
        "accumulated_operating_revenue": 533521, 
        "long_term_average": 104708, 
        "date": "2013-06-30", 
        "operating_revenue": 91030, 
        "short_term_average": 86798
    }, 
    {
        "accumulated_operating_revenue_yoy": -28.85168411921009, 
        "accumulated_operating_revenue": 624954, 
        "long_term_average": 101404, 
        "date": "2013-07-31", 
        "operating_revenue": 91433, 
        "short_term_average": 90198
    }, 
    {
        "accumulated_operating_revenue_yoy": -23.463290569346178, 
        "accumulated_operating_revenue": 775199, 
        "long_term_average": 102719, 
        "date": "2013-08-31", 
        "operating_revenue": 150245, 
        "short_term_average": 110902
    }, 
    {
        "accumulated_operating_revenue_yoy": -17.611717580811277, 
        "accumulated_operating_revenue": 946339, 
        "long_term_average": 105665, 
        "date": "2013-09-30", 
        "operating_revenue": 171140, 
        "short_term_average": 137606
    }, 
    {
        "accumulated_operating_revenue_yoy": -13.458789806876428, 
        "accumulated_operating_revenue": 1107422, 
        "long_term_average": 108171, 
        "date": "2013-10-31", 
        "operating_revenue": 161083, 
        "short_term_average": 160822
    }, 
    {
        "accumulated_operating_revenue_yoy": -8.024311086823861, 
        "accumulated_operating_revenue": 1269064, 
        "long_term_average": 113297, 
        "date": "2013-11-30", 
        "operating_revenue": 161642, 
        "short_term_average": 164621
    }, 
    {
        "accumulated_operating_revenue_yoy": -3.447970971614347, 
        "accumulated_operating_revenue": 1419590, 
        "long_term_average": 118299, 
        "date": "2013-12-31", 
        "operating_revenue": 150526, 
        "short_term_average": 157750
    }, 
    {
        "accumulated_operating_revenue_yoy": 15.949159491594916, 
        "accumulated_operating_revenue": 130088, 
        "long_term_average": 119790, 
        "date": "2014-01-31", 
        "operating_revenue": 130088, 
        "short_term_average": 147418
    }, 
    {
        "accumulated_operating_revenue_yoy": 19.806043876216766, 
        "accumulated_operating_revenue": 230895, 
        "long_term_average": 121480, 
        "date": "2014-02-28", 
        "operating_revenue": 100807, 
        "short_term_average": 127140
    }, 
    {
        "accumulated_operating_revenue_yoy": 21.593251491064596, 
        "accumulated_operating_revenue": 332104, 
        "long_term_average": 123213, 
        "date": "2014-03-31", 
        "operating_revenue": 101209, 
        "short_term_average": 110701
    }, 
    {
        "accumulated_operating_revenue_yoy": 19.223442892659705, 
        "accumulated_operating_revenue": 422479, 
        "long_term_average": 123975, 
        "date": "2014-04-30", 
        "operating_revenue": 90375, 
        "short_term_average": 97463
    }, 
    {
        "accumulated_operating_revenue_yoy": 16.272873346576542, 
        "accumulated_operating_revenue": 514497, 
        "long_term_average": 124299, 
        "date": "2014-05-31", 
        "operating_revenue": 92018, 
        "short_term_average": 94534
    }, 
    {
        "accumulated_operating_revenue_yoy": 15.521788270752229, 
        "accumulated_operating_revenue": 616333, 
        "long_term_average": 125200, 
        "date": "2014-06-30", 
        "operating_revenue": 101836, 
        "short_term_average": 94743
    }, 
    {
        "accumulated_operating_revenue_yoy": 16.690828444973548, 
        "accumulated_operating_revenue": 729264, 
        "long_term_average": 126991, 
        "date": "2014-07-31", 
        "operating_revenue": 112931, 
        "short_term_average": 102261
    }, 
    {
        "accumulated_operating_revenue_yoy": 14.157268004731687, 
        "accumulated_operating_revenue": 884946, 
        "long_term_average": 127444, 
        "date": "2014-08-31", 
        "operating_revenue": 155682, 
        "short_term_average": 123483
    }, 
    {
        "accumulated_operating_revenue_yoy": 7.274137491955843, 
        "accumulated_operating_revenue": 1015177, 
        "long_term_average": 124035, 
        "date": "2014-09-30", 
        "operating_revenue": 130231, 
        "short_term_average": 132948
    }, 
    {
        "accumulated_operating_revenue_yoy": 2.7863813433361444, 
        "accumulated_operating_revenue": 1138279, 
        "long_term_average": 120870, 
        "date": "2014-10-31", 
        "operating_revenue": 123102, 
        "short_term_average": 136338
    }, 
    {
        "accumulated_operating_revenue_yoy": -0.5256630083273972, 
        "accumulated_operating_revenue": 1262393, 
        "long_term_average": 117743, 
        "date": "2014-11-30", 
        "operating_revenue": 124114, 
        "short_term_average": 125815
    }, 
    {
        "accumulated_operating_revenue_yoy": -2.560880254157891, 
        "accumulated_operating_revenue": 1383236, 
        "long_term_average": 115269, 
        "date": "2014-12-31", 
        "operating_revenue": 120843, 
        "short_term_average": 122686
    }, 
    {
        "accumulated_operating_revenue_yoy": -22.516296660721974, 
        "accumulated_operating_revenue": 100797, 
        "long_term_average": 112828, 
        "date": "2015-01-31", 
        "operating_revenue": 100797, 
        "short_term_average": 115251
    }, 
    {
        "accumulated_operating_revenue_yoy": -21.62498105199333, 
        "accumulated_operating_revenue": 180964, 
        "long_term_average": 111108, 
        "date": "2015-02-28", 
        "operating_revenue": 80167, 
        "short_term_average": 100602
    }, 
    {
        "accumulated_operating_revenue_yoy": -13.26301399561583, 
        "accumulated_operating_revenue": 288057, 
        "long_term_average": 111599, 
        "date": "2015-03-31", 
        "operating_revenue": 107093, 
        "short_term_average": 96019
    }, 
    {
        "accumulated_operating_revenue_yoy": -7.585465786465126, 
        "accumulated_operating_revenue": 390432, 
        "long_term_average": 112599, 
        "date": "2015-04-30", 
        "operating_revenue": 102375, 
        "short_term_average": 96545
    }, 
    {
        "accumulated_operating_revenue_yoy": -4.211297636332185, 
        "accumulated_operating_revenue": 492830, 
        "long_term_average": 113464, 
        "date": "2015-05-31", 
        "operating_revenue": 102398, 
        "short_term_average": 103955
    }, 
    {
        "accumulated_operating_revenue_yoy": -3.4130900016711743, 
        "accumulated_operating_revenue": 595297, 
        "long_term_average": 113516, 
        "date": "2015-06-30", 
        "operating_revenue": 102467, 
        "short_term_average": 102413
    }, 
    {
        "accumulated_operating_revenue_yoy": -2.7094440422124224, 
        "accumulated_operating_revenue": 709505, 
        "long_term_average": 113623, 
        "date": "2015-07-31", 
        "operating_revenue": 114208, 
        "short_term_average": 106357
    }, 
    {
        "accumulated_operating_revenue_yoy": -5.088220072185195, 
        "accumulated_operating_revenue": 839918, 
        "long_term_average": 111517, 
        "date": "2015-08-31", 
        "operating_revenue": 130413, 
        "short_term_average": 115696
    }
]