[
    {
        "date": "2011-09-30", 
        "operating_revenue": 199749, 
        "accumulated_operating_revenue": 199749, 
        "long_term_average": 199749, 
        "short_term_average": 199749
    }, 
    {
        "date": "2011-10-31", 
        "operating_revenue": 159142, 
        "accumulated_operating_revenue": 358891, 
        "long_term_average": 179445, 
        "short_term_average": 179445
    }, 
    {
        "date": "2011-11-30", 
        "operating_revenue": 176659, 
        "accumulated_operating_revenue": 535550, 
        "long_term_average": 178516, 
        "short_term_average": 178516
    }, 
    {
        "date": "2011-12-31", 
        "operating_revenue": 132164, 
        "accumulated_operating_revenue": 667714, 
        "long_term_average": 166928, 
        "short_term_average": 155988
    }, 
    {
        "date": "2012-01-31", 
        "operating_revenue": 109083, 
        "accumulated_operating_revenue": 109083, 
        "long_term_average": 155359, 
        "short_term_average": 139302
    }, 
    {
        "date": "2012-02-29", 
        "operating_revenue": 227291, 
        "accumulated_operating_revenue": 336374, 
        "long_term_average": 167348, 
        "short_term_average": 156179
    }, 
    {
        "date": "2012-03-31", 
        "operating_revenue": 297204, 
        "accumulated_operating_revenue": 633578, 
        "long_term_average": 185898, 
        "short_term_average": 211192
    }, 
    {
        "date": "2012-04-30", 
        "operating_revenue": 246524, 
        "accumulated_operating_revenue": 880102, 
        "long_term_average": 193477, 
        "short_term_average": 257006
    }, 
    {
        "date": "2012-05-31", 
        "operating_revenue": 212692, 
        "accumulated_operating_revenue": 1092794, 
        "long_term_average": 195612, 
        "short_term_average": 252140
    }, 
    {
        "date": "2012-06-30", 
        "operating_revenue": 184060, 
        "accumulated_operating_revenue": 1276854, 
        "long_term_average": 194456, 
        "short_term_average": 214425
    }, 
    {
        "date": "2012-07-31", 
        "operating_revenue": 171230, 
        "accumulated_operating_revenue": 1448084, 
        "long_term_average": 192345, 
        "short_term_average": 189327
    }, 
    {
        "date": "2012-08-31", 
        "operating_revenue": 148767, 
        "accumulated_operating_revenue": 1596851, 
        "long_term_average": 188713, 
        "short_term_average": 168019
    }, 
    {
        "accumulated_operating_revenue_yoy": 792.1761811072897, 
        "accumulated_operating_revenue": 1782113, 
        "long_term_average": 187506, 
        "date": "2012-09-30", 
        "operating_revenue": 185262, 
        "short_term_average": 168419
    }, 
    {
        "accumulated_operating_revenue_yoy": 431.4819819945331, 
        "accumulated_operating_revenue": 1907441, 
        "long_term_average": 184688, 
        "date": "2012-10-31", 
        "operating_revenue": 125328, 
        "short_term_average": 153119
    }, 
    {
        "accumulated_operating_revenue_yoy": 285.31341611427507, 
        "accumulated_operating_revenue": 2063546, 
        "long_term_average": 182975, 
        "date": "2012-11-30", 
        "operating_revenue": 156105, 
        "short_term_average": 155565
    }, 
    {
        "accumulated_operating_revenue_yoy": 229.43925093677834, 
        "accumulated_operating_revenue": 2199712, 
        "long_term_average": 183309, 
        "date": "2012-12-31", 
        "operating_revenue": 136166, 
        "short_term_average": 139199
    }, 
    {
        "accumulated_operating_revenue_yoy": 107.41270408771302, 
        "accumulated_operating_revenue": 226252, 
        "long_term_average": 193073, 
        "date": "2013-01-31", 
        "operating_revenue": 226252, 
        "short_term_average": 172841
    }, 
    {
        "accumulated_operating_revenue_yoy": -9.171933621504634, 
        "accumulated_operating_revenue": 305522, 
        "long_term_average": 180738, 
        "date": "2013-02-28", 
        "operating_revenue": 79270, 
        "short_term_average": 147229
    }, 
    {
        "accumulated_operating_revenue_yoy": -25.768255842216742, 
        "accumulated_operating_revenue": 470316, 
        "long_term_average": 169704, 
        "date": "2013-03-31", 
        "operating_revenue": 164794, 
        "short_term_average": 156772
    }, 
    {
        "accumulated_operating_revenue_yoy": -32.995607327332515, 
        "accumulated_operating_revenue": 589707, 
        "long_term_average": 159109, 
        "date": "2013-04-30", 
        "operating_revenue": 119391, 
        "short_term_average": 121151
    }, 
    {
        "accumulated_operating_revenue_yoy": -35.02737020884082, 
        "accumulated_operating_revenue": 710017, 
        "long_term_average": 151411, 
        "date": "2013-05-31", 
        "operating_revenue": 120310, 
        "short_term_average": 134831
    }, 
    {
        "accumulated_operating_revenue_yoy": -34.35083415958285, 
        "accumulated_operating_revenue": 838244, 
        "long_term_average": 146758, 
        "date": "2013-06-30", 
        "operating_revenue": 128227, 
        "short_term_average": 122642
    }, 
    {
        "accumulated_operating_revenue_yoy": -28.875327674361433, 
        "accumulated_operating_revenue": 1029945, 
        "long_term_average": 148464, 
        "date": "2013-07-31", 
        "operating_revenue": 191701, 
        "short_term_average": 146746
    }, 
    {
        "accumulated_operating_revenue_yoy": -20.5403008796688, 
        "accumulated_operating_revenue": 1268853, 
        "long_term_average": 155976, 
        "date": "2013-08-31", 
        "operating_revenue": 238908, 
        "short_term_average": 186278
    }, 
    {
        "accumulated_operating_revenue_yoy": -18.317861998649917, 
        "accumulated_operating_revenue": 1455668, 
        "long_term_average": 156105, 
        "date": "2013-09-30", 
        "operating_revenue": 186815, 
        "short_term_average": 205808
    }, 
    {
        "accumulated_operating_revenue_yoy": -13.434648830553606, 
        "accumulated_operating_revenue": 1651183, 
        "long_term_average": 161954, 
        "date": "2013-10-31", 
        "operating_revenue": 195515, 
        "short_term_average": 207079
    }, 
    {
        "accumulated_operating_revenue_yoy": -11.099825252259944, 
        "accumulated_operating_revenue": 1834496, 
        "long_term_average": 164221, 
        "date": "2013-11-30", 
        "operating_revenue": 183313, 
        "short_term_average": 188547
    }, 
    {
        "accumulated_operating_revenue_yoy": -9.215660959252848, 
        "accumulated_operating_revenue": 1996994, 
        "long_term_average": 166416, 
        "date": "2013-12-31", 
        "operating_revenue": 162498, 
        "short_term_average": 180442
    }, 
    {
        "accumulated_operating_revenue_yoy": -42.96625002209925, 
        "accumulated_operating_revenue": 129040, 
        "long_term_average": 158315, 
        "date": "2014-01-31", 
        "operating_revenue": 129040, 
        "short_term_average": 158283
    }, 
    {
        "accumulated_operating_revenue_yoy": -36.29918631064211, 
        "accumulated_operating_revenue": 194620, 
        "long_term_average": 157174, 
        "date": "2014-02-28", 
        "operating_revenue": 65580, 
        "short_term_average": 119039
    }, 
    {
        "accumulated_operating_revenue_yoy": -33.88657838559607, 
        "accumulated_operating_revenue": 310942, 
        "long_term_average": 153135, 
        "date": "2014-03-31", 
        "operating_revenue": 116322, 
        "short_term_average": 103647
    }, 
    {
        "accumulated_operating_revenue_yoy": -18.657061896840297, 
        "accumulated_operating_revenue": 479685, 
        "long_term_average": 157247, 
        "date": "2014-04-30", 
        "operating_revenue": 168743, 
        "short_term_average": 116881
    }, 
    {
        "accumulated_operating_revenue_yoy": -5.165228438192325, 
        "accumulated_operating_revenue": 673343, 
        "long_term_average": 163360, 
        "date": "2014-05-31", 
        "operating_revenue": 193658, 
        "short_term_average": 159574
    }, 
    {
        "accumulated_operating_revenue_yoy": 2.8187496719332317, 
        "accumulated_operating_revenue": 861872, 
        "long_term_average": 168385, 
        "date": "2014-06-30", 
        "operating_revenue": 188529, 
        "short_term_average": 183643
    }, 
    {
        "accumulated_operating_revenue_yoy": 4.93929287486225, 
        "accumulated_operating_revenue": 1080817, 
        "long_term_average": 170655, 
        "date": "2014-07-31", 
        "operating_revenue": 218945, 
        "short_term_average": 200377
    }, 
    {
        "accumulated_operating_revenue_yoy": -5.2099809828246455, 
        "accumulated_operating_revenue": 1202746, 
        "long_term_average": 160907, 
        "date": "2014-08-31", 
        "operating_revenue": 121929, 
        "short_term_average": 176467
    }, 
    {
        "accumulated_operating_revenue_yoy": -5.507574529356969, 
        "accumulated_operating_revenue": 1375496, 
        "long_term_average": 159735, 
        "date": "2014-09-30", 
        "operating_revenue": 172750, 
        "short_term_average": 171208
    }, 
    {
        "accumulated_operating_revenue_yoy": -7.106601751592646, 
        "accumulated_operating_revenue": 1533840, 
        "long_term_average": 156637, 
        "date": "2014-10-31", 
        "operating_revenue": 158344, 
        "short_term_average": 151007
    }, 
    {
        "accumulated_operating_revenue_yoy": -8.79505869732068, 
        "accumulated_operating_revenue": 1673151, 
        "long_term_average": 152970, 
        "date": "2014-11-30", 
        "operating_revenue": 139311, 
        "short_term_average": 156801
    }, 
    {
        "accumulated_operating_revenue_yoy": -6.124805582790935, 
        "accumulated_operating_revenue": 1874682, 
        "long_term_average": 156223, 
        "date": "2014-12-31", 
        "operating_revenue": 201531, 
        "short_term_average": 166395
    }, 
    {
        "accumulated_operating_revenue_yoy": 21.952107873527588, 
        "accumulated_operating_revenue": 157367, 
        "long_term_average": 158584, 
        "date": "2015-01-31", 
        "operating_revenue": 157367, 
        "short_term_average": 166069
    }, 
    {
        "accumulated_operating_revenue_yoy": 18.926112424211283, 
        "accumulated_operating_revenue": 231454, 
        "long_term_average": 159293, 
        "date": "2015-02-28", 
        "operating_revenue": 74087, 
        "short_term_average": 144328
    }, 
    {
        "accumulated_operating_revenue_yoy": 12.577265213448166, 
        "accumulated_operating_revenue": 350050, 
        "long_term_average": 159482, 
        "date": "2015-03-31", 
        "operating_revenue": 118596, 
        "short_term_average": 116683
    }, 
    {
        "accumulated_operating_revenue_yoy": 3.762260650218373, 
        "accumulated_operating_revenue": 497732, 
        "long_term_average": 157727, 
        "date": "2015-04-30", 
        "operating_revenue": 147682, 
        "short_term_average": 113455
    }, 
    {
        "accumulated_operating_revenue_yoy": -1.9977931009901344, 
        "accumulated_operating_revenue": 659891, 
        "long_term_average": 155102, 
        "date": "2015-05-31", 
        "operating_revenue": 162159, 
        "short_term_average": 142812
    }, 
    {
        "accumulated_operating_revenue_yoy": -8.705817105092171, 
        "accumulated_operating_revenue": 786839, 
        "long_term_average": 149970, 
        "date": "2015-06-30", 
        "operating_revenue": 126948, 
        "short_term_average": 145596
    }, 
    {
        "accumulated_operating_revenue_yoy": -13.051330613785684, 
        "accumulated_operating_revenue": 939756, 
        "long_term_average": 144468, 
        "date": "2015-07-31", 
        "operating_revenue": 152917, 
        "short_term_average": 147341
    }, 
    {
        "accumulated_operating_revenue_yoy": -13.028436594260134, 
        "accumulated_operating_revenue": 1046047, 
        "long_term_average": 143165, 
        "date": "2015-08-31", 
        "operating_revenue": 106291, 
        "short_term_average": 128718
    }, 
    {
        "accumulated_operating_revenue_yoy": -16.881982935610136, 
        "accumulated_operating_revenue": 1143285, 
        "long_term_average": 136872, 
        "date": "2015-09-30", 
        "operating_revenue": 97238, 
        "short_term_average": 118815
    }
]