[
    {
        "date": "2011-09-30", 
        "operating_revenue": 69519, 
        "accumulated_operating_revenue": 69519, 
        "long_term_average": 69519, 
        "short_term_average": 69519
    }, 
    {
        "date": "2011-10-31", 
        "operating_revenue": 46304, 
        "accumulated_operating_revenue": 115823, 
        "long_term_average": 57911, 
        "short_term_average": 57911
    }, 
    {
        "date": "2011-11-30", 
        "operating_revenue": 36804, 
        "accumulated_operating_revenue": 152627, 
        "long_term_average": 50875, 
        "short_term_average": 50875
    }, 
    {
        "date": "2011-12-31", 
        "operating_revenue": 47618, 
        "accumulated_operating_revenue": 200245, 
        "long_term_average": 50061, 
        "short_term_average": 43575
    }, 
    {
        "date": "2012-01-31", 
        "operating_revenue": 35976, 
        "accumulated_operating_revenue": 35976, 
        "long_term_average": 47244, 
        "short_term_average": 40132
    }, 
    {
        "date": "2012-02-29", 
        "operating_revenue": 49049, 
        "accumulated_operating_revenue": 85025, 
        "long_term_average": 47545, 
        "short_term_average": 44214
    }, 
    {
        "date": "2012-03-31", 
        "operating_revenue": 62415, 
        "accumulated_operating_revenue": 147440, 
        "long_term_average": 49669, 
        "short_term_average": 49146
    }, 
    {
        "date": "2012-04-30", 
        "operating_revenue": 35526, 
        "accumulated_operating_revenue": 182966, 
        "long_term_average": 47901, 
        "short_term_average": 48996
    }, 
    {
        "date": "2012-05-31", 
        "operating_revenue": 35447, 
        "accumulated_operating_revenue": 218413, 
        "long_term_average": 46517, 
        "short_term_average": 44462
    }, 
    {
        "date": "2012-06-30", 
        "operating_revenue": 34803, 
        "accumulated_operating_revenue": 253216, 
        "long_term_average": 45346, 
        "short_term_average": 35258
    }, 
    {
        "date": "2012-07-31", 
        "operating_revenue": 34539, 
        "accumulated_operating_revenue": 287755, 
        "long_term_average": 44363, 
        "short_term_average": 34929
    }, 
    {
        "date": "2012-08-31", 
        "operating_revenue": 33042, 
        "accumulated_operating_revenue": 320797, 
        "long_term_average": 43420, 
        "short_term_average": 34128
    }, 
    {
        "accumulated_operating_revenue_yoy": 408.4020195917663, 
        "accumulated_operating_revenue": 353436, 
        "long_term_average": 40346, 
        "date": "2012-09-30", 
        "operating_revenue": 32639, 
        "short_term_average": 33406
    }, 
    {
        "accumulated_operating_revenue_yoy": 234.87476580644605, 
        "accumulated_operating_revenue": 387862, 
        "long_term_average": 39357, 
        "date": "2012-10-31", 
        "operating_revenue": 34426, 
        "short_term_average": 33369
    }, 
    {
        "accumulated_operating_revenue_yoy": 175.21015285630983, 
        "accumulated_operating_revenue": 420045, 
        "long_term_average": 38971, 
        "date": "2012-11-30", 
        "operating_revenue": 32183, 
        "short_term_average": 33082
    }, 
    {
        "accumulated_operating_revenue_yoy": 123.33491472945641, 
        "accumulated_operating_revenue": 447217, 
        "long_term_average": 37268, 
        "date": "2012-12-31", 
        "operating_revenue": 27172, 
        "short_term_average": 31260
    }, 
    {
        "accumulated_operating_revenue_yoy": -13.372804091616633, 
        "accumulated_operating_revenue": 31165, 
        "long_term_average": 36867, 
        "date": "2013-01-31", 
        "operating_revenue": 31165, 
        "short_term_average": 30173
    }, 
    {
        "accumulated_operating_revenue_yoy": -27.46368715083799, 
        "accumulated_operating_revenue": 61674, 
        "long_term_average": 35322, 
        "date": "2013-02-28", 
        "operating_revenue": 30509, 
        "short_term_average": 29615
    }, 
    {
        "accumulated_operating_revenue_yoy": -36.35919696147585, 
        "accumulated_operating_revenue": 93832, 
        "long_term_average": 32800, 
        "date": "2013-03-31", 
        "operating_revenue": 32158, 
        "short_term_average": 31277
    }, 
    {
        "accumulated_operating_revenue_yoy": -28.802072516205197, 
        "accumulated_operating_revenue": 130268, 
        "long_term_average": 32876, 
        "date": "2013-04-30", 
        "operating_revenue": 36436, 
        "short_term_average": 33034
    }, 
    {
        "accumulated_operating_revenue_yoy": -23.679909162916125, 
        "accumulated_operating_revenue": 166693, 
        "long_term_average": 32958, 
        "date": "2013-05-31", 
        "operating_revenue": 36425, 
        "short_term_average": 35006
    }, 
    {
        "accumulated_operating_revenue_yoy": -20.262937571085555, 
        "accumulated_operating_revenue": 201907, 
        "long_term_average": 32992, 
        "date": "2013-06-30", 
        "operating_revenue": 35214, 
        "short_term_average": 36025
    }, 
    {
        "accumulated_operating_revenue_yoy": -17.84851696755921, 
        "accumulated_operating_revenue": 236395, 
        "long_term_average": 32988, 
        "date": "2013-07-31", 
        "operating_revenue": 34488, 
        "short_term_average": 35375
    }, 
    {
        "accumulated_operating_revenue_yoy": -15.6298219746444, 
        "accumulated_operating_revenue": 270657, 
        "long_term_average": 33089, 
        "date": "2013-08-31", 
        "operating_revenue": 34262, 
        "short_term_average": 34654
    }, 
    {
        "accumulated_operating_revenue_yoy": -15.081655518962414, 
        "accumulated_operating_revenue": 300132, 
        "long_term_average": 32826, 
        "date": "2013-09-30", 
        "operating_revenue": 29475, 
        "short_term_average": 32741
    }, 
    {
        "accumulated_operating_revenue_yoy": -12.88679994431009, 
        "accumulated_operating_revenue": 337879, 
        "long_term_average": 33102, 
        "date": "2013-10-31", 
        "operating_revenue": 37747, 
        "short_term_average": 33828
    }, 
    {
        "accumulated_operating_revenue_yoy": -12.115606661191062, 
        "accumulated_operating_revenue": 369154, 
        "long_term_average": 33027, 
        "date": "2013-11-30", 
        "operating_revenue": 31275, 
        "short_term_average": 32832
    }, 
    {
        "accumulated_operating_revenue_yoy": -10.323400049640332, 
        "accumulated_operating_revenue": 401049, 
        "long_term_average": 33420, 
        "date": "2013-12-31", 
        "operating_revenue": 31895, 
        "short_term_average": 33639
    }, 
    {
        "accumulated_operating_revenue_yoy": 13.938713300176481, 
        "accumulated_operating_revenue": 35509, 
        "long_term_average": 33782, 
        "date": "2014-01-31", 
        "operating_revenue": 35509, 
        "short_term_average": 32893
    }, 
    {
        "accumulated_operating_revenue_yoy": 12.721730388818628, 
        "accumulated_operating_revenue": 69520, 
        "long_term_average": 34074, 
        "date": "2014-02-28", 
        "operating_revenue": 34011, 
        "short_term_average": 33805
    }, 
    {
        "accumulated_operating_revenue_yoy": 7.269375053286725, 
        "accumulated_operating_revenue": 100653, 
        "long_term_average": 33989, 
        "date": "2014-03-31", 
        "operating_revenue": 31133, 
        "short_term_average": 33551
    }, 
    {
        "accumulated_operating_revenue_yoy": 7.906009150366936, 
        "accumulated_operating_revenue": 140567, 
        "long_term_average": 34279, 
        "date": "2014-04-30", 
        "operating_revenue": 39914, 
        "short_term_average": 35019
    }, 
    {
        "accumulated_operating_revenue_yoy": 3.6132291098006517, 
        "accumulated_operating_revenue": 172716, 
        "long_term_average": 33922, 
        "date": "2014-05-31", 
        "operating_revenue": 32149, 
        "short_term_average": 34398
    }, 
    {
        "accumulated_operating_revenue_yoy": 1.0762380700025258, 
        "accumulated_operating_revenue": 204080, 
        "long_term_average": 33601, 
        "date": "2014-06-30", 
        "operating_revenue": 31364, 
        "short_term_average": 34475
    }, 
    {
        "accumulated_operating_revenue_yoy": 1.6227077560862118, 
        "accumulated_operating_revenue": 240231, 
        "long_term_average": 33740, 
        "date": "2014-07-31", 
        "operating_revenue": 36151, 
        "short_term_average": 33221
    }, 
    {
        "accumulated_operating_revenue_yoy": 2.8109378290603977, 
        "accumulated_operating_revenue": 278265, 
        "long_term_average": 34054, 
        "date": "2014-08-31", 
        "operating_revenue": 38034, 
        "short_term_average": 35183
    }, 
    {
        "accumulated_operating_revenue_yoy": 5.41428438153879, 
        "accumulated_operating_revenue": 316382, 
        "long_term_average": 34774, 
        "date": "2014-09-30", 
        "operating_revenue": 38117, 
        "short_term_average": 37434
    }, 
    {
        "accumulated_operating_revenue_yoy": 5.639296908064721, 
        "accumulated_operating_revenue": 356933, 
        "long_term_average": 35008, 
        "date": "2014-10-31", 
        "operating_revenue": 40551, 
        "short_term_average": 38900
    }, 
    {
        "accumulated_operating_revenue_yoy": 6.857029857457864, 
        "accumulated_operating_revenue": 394467, 
        "long_term_average": 35530, 
        "date": "2014-11-30", 
        "operating_revenue": 37534, 
        "short_term_average": 38734
    }, 
    {
        "accumulated_operating_revenue_yoy": 7.976332069148658, 
        "accumulated_operating_revenue": 433038, 
        "long_term_average": 36086, 
        "date": "2014-12-31", 
        "operating_revenue": 38571, 
        "short_term_average": 38885
    }, 
    {
        "accumulated_operating_revenue_yoy": 52.74719085302317, 
        "accumulated_operating_revenue": 54239, 
        "long_term_average": 37647, 
        "date": "2015-01-31", 
        "operating_revenue": 54239, 
        "short_term_average": 43448
    }, 
    {
        "accumulated_operating_revenue_yoy": 26.951956271576528, 
        "accumulated_operating_revenue": 88257, 
        "long_term_average": 37647, 
        "date": "2015-02-28", 
        "operating_revenue": 34018, 
        "short_term_average": 42276
    }, 
    {
        "accumulated_operating_revenue_yoy": 27.13083564324958, 
        "accumulated_operating_revenue": 127961, 
        "long_term_average": 38362, 
        "date": "2015-03-31", 
        "operating_revenue": 39704, 
        "short_term_average": 42653
    }, 
    {
        "accumulated_operating_revenue_yoy": 25.255572075949544, 
        "accumulated_operating_revenue": 176068, 
        "long_term_average": 39044, 
        "date": "2015-04-30", 
        "operating_revenue": 48107, 
        "short_term_average": 40609
    }, 
    {
        "accumulated_operating_revenue_yoy": 25.271544037610877, 
        "accumulated_operating_revenue": 216364, 
        "long_term_average": 39723, 
        "date": "2015-05-31", 
        "operating_revenue": 40296, 
        "short_term_average": 42702
    }, 
    {
        "accumulated_operating_revenue_yoy": 24.53155625245002, 
        "accumulated_operating_revenue": 254144, 
        "long_term_average": 40258, 
        "date": "2015-06-30", 
        "operating_revenue": 37780, 
        "short_term_average": 42061
    }, 
    {
        "accumulated_operating_revenue_yoy": 18.55047849777922, 
        "accumulated_operating_revenue": 284795, 
        "long_term_average": 39800, 
        "date": "2015-07-31", 
        "operating_revenue": 30651, 
        "short_term_average": 36242
    }, 
    {
        "accumulated_operating_revenue_yoy": 13.277990404829929, 
        "accumulated_operating_revenue": 315213, 
        "long_term_average": 39165, 
        "date": "2015-08-31", 
        "operating_revenue": 30418, 
        "short_term_average": 32949
    }, 
    {
        "accumulated_operating_revenue_yoy": 9.813453357017782, 
        "accumulated_operating_revenue": 347430, 
        "long_term_average": 38673, 
        "date": "2015-09-30", 
        "operating_revenue": 32217, 
        "short_term_average": 31095
    }, 
    {
        "accumulated_operating_revenue_yoy": 6.80155659465502, 
        "accumulated_operating_revenue": 381210, 
        "long_term_average": 38109, 
        "date": "2015-10-31", 
        "operating_revenue": 33780, 
        "short_term_average": 32138
    }
]