[
    {
        "date": "2011-09-30", 
        "operating_revenue": 1333399, 
        "accumulated_operating_revenue": 1333399, 
        "long_term_average": 1333399, 
        "short_term_average": 1333399
    }, 
    {
        "date": "2011-10-31", 
        "operating_revenue": 1300741, 
        "accumulated_operating_revenue": 2634140, 
        "long_term_average": 1317070, 
        "short_term_average": 1317070
    }, 
    {
        "date": "2011-11-30", 
        "operating_revenue": 1343946, 
        "accumulated_operating_revenue": 3978086, 
        "long_term_average": 1326028, 
        "short_term_average": 1326028
    }, 
    {
        "date": "2011-12-31", 
        "operating_revenue": 1467388, 
        "accumulated_operating_revenue": 5445474, 
        "long_term_average": 1361368, 
        "short_term_average": 1370691
    }, 
    {
        "date": "2012-01-31", 
        "operating_revenue": 931065, 
        "accumulated_operating_revenue": 931065, 
        "long_term_average": 1275307, 
        "short_term_average": 1247466
    }, 
    {
        "date": "2012-02-29", 
        "operating_revenue": 784732, 
        "accumulated_operating_revenue": 1715797, 
        "long_term_average": 1193545, 
        "short_term_average": 1061061
    }, 
    {
        "date": "2012-03-31", 
        "operating_revenue": 844328, 
        "accumulated_operating_revenue": 2560125, 
        "long_term_average": 1143657, 
        "short_term_average": 853375
    }, 
    {
        "date": "2012-04-30", 
        "operating_revenue": 727931, 
        "accumulated_operating_revenue": 3288056, 
        "long_term_average": 1091691, 
        "short_term_average": 785663
    }, 
    {
        "date": "2012-05-31", 
        "operating_revenue": 758088, 
        "accumulated_operating_revenue": 4046144, 
        "long_term_average": 1054624, 
        "short_term_average": 776782
    }, 
    {
        "date": "2012-06-30", 
        "operating_revenue": 674455, 
        "accumulated_operating_revenue": 4720599, 
        "long_term_average": 1016607, 
        "short_term_average": 720158
    }, 
    {
        "date": "2012-07-31", 
        "operating_revenue": 664170, 
        "accumulated_operating_revenue": 5384769, 
        "long_term_average": 984567, 
        "short_term_average": 698904
    }, 
    {
        "date": "2012-08-31", 
        "operating_revenue": 802123, 
        "accumulated_operating_revenue": 6186892, 
        "long_term_average": 969363, 
        "short_term_average": 713582
    }, 
    {
        "accumulated_operating_revenue_yoy": 424.11618727777653, 
        "accumulated_operating_revenue": 6988560, 
        "long_term_average": 925052, 
        "date": "2012-09-30", 
        "operating_revenue": 801668, 
        "short_term_average": 755987
    }, 
    {
        "accumulated_operating_revenue_yoy": 192.05300401649114, 
        "accumulated_operating_revenue": 7693085, 
        "long_term_average": 875368, 
        "date": "2012-10-31", 
        "operating_revenue": 704525, 
        "short_term_average": 769438
    }, 
    {
        "accumulated_operating_revenue_yoy": 111.49515118577125, 
        "accumulated_operating_revenue": 8413459, 
        "long_term_average": 823403, 
        "date": "2012-11-30", 
        "operating_revenue": 720374, 
        "short_term_average": 742189
    }, 
    {
        "accumulated_operating_revenue_yoy": 66.2397433171107, 
        "accumulated_operating_revenue": 9052542, 
        "long_term_average": 754378, 
        "date": "2012-12-31", 
        "operating_revenue": 639083, 
        "short_term_average": 687994
    }, 
    {
        "accumulated_operating_revenue_yoy": -26.896833196393377, 
        "accumulated_operating_revenue": 680638, 
        "long_term_average": 733509, 
        "date": "2013-01-31", 
        "operating_revenue": 680638, 
        "short_term_average": 680031
    }, 
    {
        "accumulated_operating_revenue_yoy": -29.86950087918326, 
        "accumulated_operating_revenue": 1203297, 
        "long_term_average": 711670, 
        "date": "2013-02-28", 
        "operating_revenue": 522659, 
        "short_term_average": 614126
    }, 
    {
        "accumulated_operating_revenue_yoy": -28.337092915384993, 
        "accumulated_operating_revenue": 1834660, 
        "long_term_average": 693923, 
        "date": "2013-03-31", 
        "operating_revenue": 631363, 
        "short_term_average": 611553
    }, 
    {
        "accumulated_operating_revenue_yoy": -23.901843520913268, 
        "accumulated_operating_revenue": 2502150, 
        "long_term_average": 688886, 
        "date": "2013-04-30", 
        "operating_revenue": 667490, 
        "short_term_average": 607170
    }, 
    {
        "accumulated_operating_revenue_yoy": -21.41142282627608, 
        "accumulated_operating_revenue": 3179807, 
        "long_term_average": 682183, 
        "date": "2013-05-31", 
        "operating_revenue": 677657, 
        "short_term_average": 658836
    }, 
    {
        "accumulated_operating_revenue_yoy": -18.71950996049442, 
        "accumulated_operating_revenue": 3836926, 
        "long_term_average": 680739, 
        "date": "2013-06-30", 
        "operating_revenue": 657119, 
        "short_term_average": 667422
    }, 
    {
        "accumulated_operating_revenue_yoy": -17.56799595302974, 
        "accumulated_operating_revenue": 4438773, 
        "long_term_average": 675545, 
        "date": "2013-07-31", 
        "operating_revenue": 601847, 
        "short_term_average": 645541
    }, 
    {
        "accumulated_operating_revenue_yoy": -19.12162035477587, 
        "accumulated_operating_revenue": 5003858, 
        "long_term_average": 655792, 
        "date": "2013-08-31", 
        "operating_revenue": 565085, 
        "short_term_average": 608017
    }, 
    {
        "accumulated_operating_revenue_yoy": -20.422204288150922, 
        "accumulated_operating_revenue": 5561342, 
        "long_term_average": 635443, 
        "date": "2013-09-30", 
        "operating_revenue": 557484, 
        "short_term_average": 574805
    }, 
    {
        "accumulated_operating_revenue_yoy": -21.304444185915013, 
        "accumulated_operating_revenue": 6054116, 
        "long_term_average": 617797, 
        "date": "2013-10-31", 
        "operating_revenue": 492774, 
        "short_term_average": 538447
    }, 
    {
        "accumulated_operating_revenue_yoy": -22.74377280497831, 
        "accumulated_operating_revenue": 6499921, 
        "long_term_average": 594917, 
        "date": "2013-11-30", 
        "operating_revenue": 445805, 
        "short_term_average": 498687
    }, 
    {
        "accumulated_operating_revenue_yoy": -24.163875737886663, 
        "accumulated_operating_revenue": 6865097, 
        "long_term_average": 572091, 
        "date": "2013-12-31", 
        "operating_revenue": 365176, 
        "short_term_average": 434585
    }, 
    {
        "accumulated_operating_revenue_yoy": -43.62789030292167, 
        "accumulated_operating_revenue": 383690, 
        "long_term_average": 547345, 
        "date": "2014-01-31", 
        "operating_revenue": 383690, 
        "short_term_average": 398223
    }, 
    {
        "accumulated_operating_revenue_yoy": -39.34282226250045, 
        "accumulated_operating_revenue": 729886, 
        "long_term_average": 532640, 
        "date": "2014-02-28", 
        "operating_revenue": 346196, 
        "short_term_average": 365020
    }, 
    {
        "accumulated_operating_revenue_yoy": -38.38231606946246, 
        "accumulated_operating_revenue": 1130475, 
        "long_term_average": 513409, 
        "date": "2014-03-31", 
        "operating_revenue": 400589, 
        "short_term_average": 376825
    }, 
    {
        "accumulated_operating_revenue_yoy": -39.82331195172152, 
        "accumulated_operating_revenue": 1505711, 
        "long_term_average": 489054, 
        "date": "2014-04-30", 
        "operating_revenue": 375236, 
        "short_term_average": 374007
    }, 
    {
        "accumulated_operating_revenue_yoy": -39.930725355343895, 
        "accumulated_operating_revenue": 1910087, 
        "long_term_average": 466281, 
        "date": "2014-05-31", 
        "operating_revenue": 404376, 
        "short_term_average": 393400
    }, 
    {
        "accumulated_operating_revenue_yoy": -39.457732570291945, 
        "accumulated_operating_revenue": 2322962, 
        "long_term_average": 445927, 
        "date": "2014-06-30", 
        "operating_revenue": 412875, 
        "short_term_average": 397495
    }, 
    {
        "accumulated_operating_revenue_yoy": -39.62953275601163, 
        "accumulated_operating_revenue": 2679708, 
        "long_term_average": 425502, 
        "date": "2014-07-31", 
        "operating_revenue": 356746, 
        "short_term_average": 391332
    }, 
    {
        "accumulated_operating_revenue_yoy": -39.056264186553655, 
        "accumulated_operating_revenue": 3049538, 
        "long_term_average": 409231, 
        "date": "2014-08-31", 
        "operating_revenue": 369830, 
        "short_term_average": 379817
    }, 
    {
        "accumulated_operating_revenue_yoy": -38.32432891197844, 
        "accumulated_operating_revenue": 3429995, 
        "long_term_average": 394479, 
        "date": "2014-09-30", 
        "operating_revenue": 380457, 
        "short_term_average": 369011
    }, 
    {
        "accumulated_operating_revenue_yoy": -37.234849811268894, 
        "accumulated_operating_revenue": 3799875, 
        "long_term_average": 384238, 
        "date": "2014-10-31", 
        "operating_revenue": 369880, 
        "short_term_average": 373389
    }, 
    {
        "accumulated_operating_revenue_yoy": -36.09763872514758, 
        "accumulated_operating_revenue": 4153603, 
        "long_term_average": 376564, 
        "date": "2014-11-30", 
        "operating_revenue": 353728, 
        "short_term_average": 368021
    }, 
    {
        "accumulated_operating_revenue_yoy": -34.41431344670002, 
        "accumulated_operating_revenue": 4502521, 
        "long_term_average": 375210, 
        "date": "2014-12-31", 
        "operating_revenue": 348918, 
        "short_term_average": 357508
    }, 
    {
        "accumulated_operating_revenue_yoy": -17.792488727879277, 
        "accumulated_operating_revenue": 315422, 
        "long_term_average": 369521, 
        "date": "2015-01-31", 
        "operating_revenue": 315422, 
        "short_term_average": 339356
    }, 
    {
        "accumulated_operating_revenue_yoy": -23.361045423531895, 
        "accumulated_operating_revenue": 559377, 
        "long_term_average": 361001, 
        "date": "2015-02-28", 
        "operating_revenue": 243955, 
        "short_term_average": 302765
    }, 
    {
        "accumulated_operating_revenue_yoy": -23.199186182799266, 
        "accumulated_operating_revenue": 868214, 
        "long_term_average": 353355, 
        "date": "2015-03-31", 
        "operating_revenue": 308837, 
        "short_term_average": 289404
    }, 
    {
        "accumulated_operating_revenue_yoy": -23.149528694417455, 
        "accumulated_operating_revenue": 1157146, 
        "long_term_average": 346163, 
        "date": "2015-04-30", 
        "operating_revenue": 288932, 
        "short_term_average": 280574
    }, 
    {
        "accumulated_operating_revenue_yoy": -24.419201847873946, 
        "accumulated_operating_revenue": 1443659, 
        "long_term_average": 336341, 
        "date": "2015-05-31", 
        "operating_revenue": 286513, 
        "short_term_average": 294760
    }, 
    {
        "accumulated_operating_revenue_yoy": -26.30968565133653, 
        "accumulated_operating_revenue": 1711798, 
        "long_term_average": 324279, 
        "date": "2015-06-30", 
        "operating_revenue": 268139, 
        "short_term_average": 281194
    }, 
    {
        "accumulated_operating_revenue_yoy": -25.337051648911, 
        "accumulated_operating_revenue": 2000749, 
        "long_term_average": 318630, 
        "date": "2015-07-31", 
        "operating_revenue": 288951, 
        "short_term_average": 281201
    }, 
    {
        "accumulated_operating_revenue_yoy": -24.603038230709046, 
        "accumulated_operating_revenue": 2299259, 
        "long_term_average": 312686, 
        "date": "2015-08-31", 
        "operating_revenue": 298510, 
        "short_term_average": 285200
    }, 
    {
        "accumulated_operating_revenue_yoy": -23.64472834508505, 
        "accumulated_operating_revenue": 2618982, 
        "long_term_average": 307625, 
        "date": "2015-09-30", 
        "operating_revenue": 319723, 
        "short_term_average": 302394
    }
]