[
    {
        "date": "2012-01-31", 
        "operating_revenue": 732592, 
        "accumulated_operating_revenue": 732592, 
        "long_term_average": 732592, 
        "short_term_average": 732592
    }, 
    {
        "date": "2012-02-29", 
        "operating_revenue": 1044168, 
        "accumulated_operating_revenue": 1776760, 
        "long_term_average": 888380, 
        "short_term_average": 888380
    }, 
    {
        "date": "2012-03-31", 
        "operating_revenue": 1286464, 
        "accumulated_operating_revenue": 3063224, 
        "long_term_average": 1021074, 
        "short_term_average": 1021074
    }, 
    {
        "date": "2012-04-30", 
        "operating_revenue": 966466, 
        "accumulated_operating_revenue": 4029690, 
        "long_term_average": 1007422, 
        "short_term_average": 1099032
    }, 
    {
        "date": "2012-05-31", 
        "operating_revenue": 1242852, 
        "accumulated_operating_revenue": 5272542, 
        "long_term_average": 1054508, 
        "short_term_average": 1165260
    }, 
    {
        "date": "2012-06-30", 
        "operating_revenue": 1068196, 
        "accumulated_operating_revenue": 6340738, 
        "long_term_average": 1056789, 
        "short_term_average": 1092504
    }, 
    {
        "date": "2012-07-31", 
        "operating_revenue": 982480, 
        "accumulated_operating_revenue": 7323218, 
        "long_term_average": 1046174, 
        "short_term_average": 1097842
    }, 
    {
        "date": "2012-08-31", 
        "operating_revenue": 1053204, 
        "accumulated_operating_revenue": 8376422, 
        "long_term_average": 1047052, 
        "short_term_average": 1034626
    }, 
    {
        "date": "2012-09-30", 
        "operating_revenue": 1150223, 
        "accumulated_operating_revenue": 9526645, 
        "long_term_average": 1058516, 
        "short_term_average": 1061969
    }, 
    {
        "date": "2012-10-31", 
        "operating_revenue": 1338026, 
        "accumulated_operating_revenue": 10864671, 
        "long_term_average": 1086467, 
        "short_term_average": 1180484
    }, 
    {
        "date": "2012-11-30", 
        "operating_revenue": 999680, 
        "accumulated_operating_revenue": 11864351, 
        "long_term_average": 1078577, 
        "short_term_average": 1162643
    }, 
    {
        "date": "2012-12-31", 
        "operating_revenue": 918886, 
        "accumulated_operating_revenue": 12783237, 
        "long_term_average": 1065269, 
        "short_term_average": 1085530
    }, 
    {
        "accumulated_operating_revenue_yoy": 64.8041474654378, 
        "accumulated_operating_revenue": 1207342, 
        "long_term_average": 1104832, 
        "date": "2013-01-31", 
        "operating_revenue": 1207342, 
        "short_term_average": 1041969
    }, 
    {
        "accumulated_operating_revenue_yoy": 9.941128796235844, 
        "accumulated_operating_revenue": 1953390, 
        "long_term_average": 1079988, 
        "date": "2013-02-28", 
        "operating_revenue": 746048, 
        "short_term_average": 957425
    }, 
    {
        "accumulated_operating_revenue_yoy": 5.569458844668232, 
        "accumulated_operating_revenue": 3233829, 
        "long_term_average": 1079486, 
        "date": "2013-03-31", 
        "operating_revenue": 1280439, 
        "short_term_average": 1077943
    }, 
    {
        "accumulated_operating_revenue_yoy": 8.770972456938376, 
        "accumulated_operating_revenue": 4383133, 
        "long_term_average": 1094723, 
        "date": "2013-04-30", 
        "operating_revenue": 1149304, 
        "short_term_average": 1058597
    }, 
    {
        "accumulated_operating_revenue_yoy": 7.3695951592230085, 
        "accumulated_operating_revenue": 5661107, 
        "long_term_average": 1097650, 
        "date": "2013-05-31", 
        "operating_revenue": 1277974, 
        "short_term_average": 1235905
    }, 
    {
        "accumulated_operating_revenue_yoy": 8.106075349588645, 
        "accumulated_operating_revenue": 6854723, 
        "long_term_average": 1108101, 
        "date": "2013-06-30", 
        "operating_revenue": 1193616, 
        "short_term_average": 1206964
    }, 
    {
        "accumulated_operating_revenue_yoy": 11.169734398183968, 
        "accumulated_operating_revenue": 8141202, 
        "long_term_average": 1133435, 
        "date": "2013-07-31", 
        "operating_revenue": 1286479, 
        "short_term_average": 1252689
    }, 
    {
        "accumulated_operating_revenue_yoy": 10.778301284247618, 
        "accumulated_operating_revenue": 9279258, 
        "long_term_average": 1140506, 
        "date": "2013-08-31", 
        "operating_revenue": 1138056, 
        "short_term_average": 1206050
    }, 
    {
        "accumulated_operating_revenue_yoy": 15.119625009644002, 
        "accumulated_operating_revenue": 10967038, 
        "long_term_average": 1185302, 
        "date": "2013-09-30", 
        "operating_revenue": 1687780, 
        "short_term_average": 1370771
    }, 
    {
        "accumulated_operating_revenue_yoy": 13.908861115076562, 
        "accumulated_operating_revenue": 12375823, 
        "long_term_average": 1191199, 
        "date": "2013-10-31", 
        "operating_revenue": 1408785, 
        "short_term_average": 1411540
    }, 
    {
        "accumulated_operating_revenue_yoy": 17.701735223443745, 
        "accumulated_operating_revenue": 13964547, 
        "long_term_average": 1240286, 
        "date": "2013-11-30", 
        "operating_revenue": 1588724, 
        "short_term_average": 1561763
    }, 
    {
        "accumulated_operating_revenue_yoy": 23.20650082604273, 
        "accumulated_operating_revenue": 15749779, 
        "long_term_average": 1312481, 
        "date": "2013-12-31", 
        "operating_revenue": 1785232, 
        "short_term_average": 1594247
    }, 
    {
        "accumulated_operating_revenue_yoy": 4.302012188758447, 
        "accumulated_operating_revenue": 1259282, 
        "long_term_average": 1316809, 
        "date": "2014-01-31", 
        "operating_revenue": 1259282, 
        "short_term_average": 1544412
    }, 
    {
        "accumulated_operating_revenue_yoy": 27.295266178284933, 
        "accumulated_operating_revenue": 2486573, 
        "long_term_average": 1356913, 
        "date": "2014-02-28", 
        "operating_revenue": 1227291, 
        "short_term_average": 1423935
    }, 
    {
        "accumulated_operating_revenue_yoy": 29.456010197199667, 
        "accumulated_operating_revenue": 4186386, 
        "long_term_average": 1391861, 
        "date": "2014-03-31", 
        "operating_revenue": 1699813, 
        "short_term_average": 1395462
    }, 
    {
        "accumulated_operating_revenue_yoy": 25.951140428547344, 
        "accumulated_operating_revenue": 5520606, 
        "long_term_average": 1407271, 
        "date": "2014-04-30", 
        "operating_revenue": 1334220, 
        "short_term_average": 1420441
    }, 
    {
        "accumulated_operating_revenue_yoy": 23.501640226902616, 
        "accumulated_operating_revenue": 6991560, 
        "long_term_average": 1423352, 
        "date": "2014-05-31", 
        "operating_revenue": 1470954, 
        "short_term_average": 1501662
    }, 
    {
        "accumulated_operating_revenue_yoy": 19.713240053609752, 
        "accumulated_operating_revenue": 8206011, 
        "long_term_average": 1425088, 
        "date": "2014-06-30", 
        "operating_revenue": 1214451, 
        "short_term_average": 1339875
    }, 
    {
        "accumulated_operating_revenue_yoy": 20.247452403220066, 
        "accumulated_operating_revenue": 9789588, 
        "long_term_average": 1449847, 
        "date": "2014-07-31", 
        "operating_revenue": 1583577, 
        "short_term_average": 1422994
    }, 
    {
        "accumulated_operating_revenue_yoy": 23.105457354456576, 
        "accumulated_operating_revenue": 11423273, 
        "long_term_average": 1491149, 
        "date": "2014-08-31", 
        "operating_revenue": 1633685, 
        "short_term_average": 1477237
    }, 
    {
        "accumulated_operating_revenue_yoy": 24.08044906929291, 
        "accumulated_operating_revenue": 13607950, 
        "long_term_average": 1532557, 
        "date": "2014-09-30", 
        "operating_revenue": 2184677, 
        "short_term_average": 1800646
    }, 
    {
        "accumulated_operating_revenue_yoy": 21.699025592075778, 
        "accumulated_operating_revenue": 15061256, 
        "long_term_average": 1536267, 
        "date": "2014-10-31", 
        "operating_revenue": 1453306, 
        "short_term_average": 1757222
    }, 
    {
        "accumulated_operating_revenue_yoy": 18.56134681633425, 
        "accumulated_operating_revenue": 16556555, 
        "long_term_average": 1528482, 
        "date": "2014-11-30", 
        "operating_revenue": 1495299, 
        "short_term_average": 1711094
    }, 
    {
        "accumulated_operating_revenue_yoy": 17.084309563962773, 
        "accumulated_operating_revenue": 18440520, 
        "long_term_average": 1536710, 
        "date": "2014-12-31", 
        "operating_revenue": 1883965, 
        "short_term_average": 1610856
    }, 
    {
        "accumulated_operating_revenue_yoy": 28.61424208398119, 
        "accumulated_operating_revenue": 1619616, 
        "long_term_average": 1566737, 
        "date": "2015-01-31", 
        "operating_revenue": 1619616, 
        "short_term_average": 1666293
    }, 
    {
        "accumulated_operating_revenue_yoy": 2.2472696357597384, 
        "accumulated_operating_revenue": 2542453, 
        "long_term_average": 1541366, 
        "date": "2015-02-28", 
        "operating_revenue": 922837, 
        "short_term_average": 1475472
    }, 
    {
        "accumulated_operating_revenue_yoy": 4.416864570061145, 
        "accumulated_operating_revenue": 4371293, 
        "long_term_average": 1552118, 
        "date": "2015-03-31", 
        "operating_revenue": 1828840, 
        "short_term_average": 1457097
    }, 
    {
        "accumulated_operating_revenue_yoy": 4.629111369295328, 
        "accumulated_operating_revenue": 5776161, 
        "long_term_average": 1558006, 
        "date": "2015-04-30", 
        "operating_revenue": 1404868, 
        "short_term_average": 1385515
    }, 
    {
        "accumulated_operating_revenue_yoy": -1.9257218703694168, 
        "accumulated_operating_revenue": 6856922, 
        "long_term_average": 1525490, 
        "date": "2015-05-31", 
        "operating_revenue": 1080761, 
        "short_term_average": 1438156
    }, 
    {
        "accumulated_operating_revenue_yoy": -0.2746523249846972, 
        "accumulated_operating_revenue": 8183473, 
        "long_term_average": 1534831, 
        "date": "2015-06-30", 
        "operating_revenue": 1326551, 
        "short_term_average": 1270726
    }, 
    {
        "accumulated_operating_revenue_yoy": -1.6649934603989465, 
        "accumulated_operating_revenue": 9626592, 
        "long_term_average": 1523127, 
        "date": "2015-07-31", 
        "operating_revenue": 1443119, 
        "short_term_average": 1283477
    }, 
    {
        "accumulated_operating_revenue_yoy": -2.3963972497199357, 
        "accumulated_operating_revenue": 11149526, 
        "long_term_average": 1513897, 
        "date": "2015-08-31", 
        "operating_revenue": 1522934, 
        "short_term_average": 1430868
    }, 
    {
        "accumulated_operating_revenue_yoy": -11.976697445243406, 
        "accumulated_operating_revenue": 11978167, 
        "long_term_average": 1400894, 
        "date": "2015-09-30", 
        "operating_revenue": 828641, 
        "short_term_average": 1264898
    }
]