[
    {
        "date": "2012-01-31", 
        "operating_revenue": 176837, 
        "accumulated_operating_revenue": 176837, 
        "long_term_average": 176837, 
        "short_term_average": 176837
    }, 
    {
        "date": "2012-02-29", 
        "operating_revenue": 184526, 
        "accumulated_operating_revenue": 361363, 
        "long_term_average": 180681, 
        "short_term_average": 180681
    }, 
    {
        "date": "2012-03-31", 
        "operating_revenue": 228643, 
        "accumulated_operating_revenue": 590006, 
        "long_term_average": 196668, 
        "short_term_average": 196668
    }, 
    {
        "date": "2012-04-30", 
        "operating_revenue": 211391, 
        "accumulated_operating_revenue": 801397, 
        "long_term_average": 200349, 
        "short_term_average": 208186
    }, 
    {
        "date": "2012-05-31", 
        "operating_revenue": 237518, 
        "accumulated_operating_revenue": 1038915, 
        "long_term_average": 207783, 
        "short_term_average": 225850
    }, 
    {
        "date": "2012-06-30", 
        "operating_revenue": 144960, 
        "accumulated_operating_revenue": 1183875, 
        "long_term_average": 197312, 
        "short_term_average": 197956
    }, 
    {
        "date": "2012-07-31", 
        "operating_revenue": 210536, 
        "accumulated_operating_revenue": 1394411, 
        "long_term_average": 199201, 
        "short_term_average": 197671
    }, 
    {
        "date": "2012-08-31", 
        "operating_revenue": 214328, 
        "accumulated_operating_revenue": 1608739, 
        "long_term_average": 201092, 
        "short_term_average": 189941
    }, 
    {
        "date": "2012-09-30", 
        "operating_revenue": 246735, 
        "accumulated_operating_revenue": 1855474, 
        "long_term_average": 206163, 
        "short_term_average": 223866
    }, 
    {
        "date": "2012-10-31", 
        "operating_revenue": 173337, 
        "accumulated_operating_revenue": 2028811, 
        "long_term_average": 202881, 
        "short_term_average": 211466
    }, 
    {
        "date": "2012-11-30", 
        "operating_revenue": 190127, 
        "accumulated_operating_revenue": 2218938, 
        "long_term_average": 201721, 
        "short_term_average": 203399
    }, 
    {
        "date": "2012-12-31", 
        "operating_revenue": 184017, 
        "accumulated_operating_revenue": 2402955, 
        "long_term_average": 200246, 
        "short_term_average": 182493
    }, 
    {
        "accumulated_operating_revenue_yoy": 23.6562484095523, 
        "accumulated_operating_revenue": 218670, 
        "long_term_average": 203732, 
        "date": "2013-01-31", 
        "operating_revenue": 218670, 
        "short_term_average": 197604
    }, 
    {
        "accumulated_operating_revenue_yoy": -3.3000058113309887, 
        "accumulated_operating_revenue": 349438, 
        "long_term_average": 199252, 
        "date": "2013-02-28", 
        "operating_revenue": 130768, 
        "short_term_average": 177818
    }, 
    {
        "accumulated_operating_revenue_yoy": -10.649552716413053, 
        "accumulated_operating_revenue": 527173, 
        "long_term_average": 195010, 
        "date": "2013-03-31", 
        "operating_revenue": 177735, 
        "short_term_average": 175724
    }, 
    {
        "accumulated_operating_revenue_yoy": -13.959747790420977, 
        "accumulated_operating_revenue": 689524, 
        "long_term_average": 190923, 
        "date": "2013-04-30", 
        "operating_revenue": 162351, 
        "short_term_average": 156951
    }, 
    {
        "accumulated_operating_revenue_yoy": -15.699744444925715, 
        "accumulated_operating_revenue": 875808, 
        "long_term_average": 186654, 
        "date": "2013-05-31", 
        "operating_revenue": 186284, 
        "short_term_average": 175456
    }, 
    {
        "accumulated_operating_revenue_yoy": -12.197149192271144, 
        "accumulated_operating_revenue": 1039476, 
        "long_term_average": 188213, 
        "date": "2013-06-30", 
        "operating_revenue": 163668, 
        "short_term_average": 170767
    }, 
    {
        "accumulated_operating_revenue_yoy": -12.536834548780812, 
        "accumulated_operating_revenue": 1219596, 
        "long_term_average": 185678, 
        "date": "2013-07-31", 
        "operating_revenue": 180120, 
        "short_term_average": 176690
    }, 
    {
        "accumulated_operating_revenue_yoy": -12.422835525215712, 
        "accumulated_operating_revenue": 1408888, 
        "long_term_average": 183592, 
        "date": "2013-08-31", 
        "operating_revenue": 189292, 
        "short_term_average": 177693
    }, 
    {
        "accumulated_operating_revenue_yoy": -10.989698589147572, 
        "accumulated_operating_revenue": 1651563, 
        "long_term_average": 183253, 
        "date": "2013-09-30", 
        "operating_revenue": 242675, 
        "short_term_average": 204029
    }, 
    {
        "accumulated_operating_revenue_yoy": -10.835706233848299, 
        "accumulated_operating_revenue": 1808975, 
        "long_term_average": 181926, 
        "date": "2013-10-31", 
        "operating_revenue": 157412, 
        "short_term_average": 196459
    }, 
    {
        "accumulated_operating_revenue_yoy": -11.272329375584174, 
        "accumulated_operating_revenue": 1968812, 
        "long_term_average": 179402, 
        "date": "2013-11-30", 
        "operating_revenue": 159837, 
        "short_term_average": 186641
    }, 
    {
        "accumulated_operating_revenue_yoy": -10.672318041744436, 
        "accumulated_operating_revenue": 2146504, 
        "long_term_average": 178875, 
        "date": "2013-12-31", 
        "operating_revenue": 177692, 
        "short_term_average": 164980
    }, 
    {
        "accumulated_operating_revenue_yoy": -23.04522796908584, 
        "accumulated_operating_revenue": 168277, 
        "long_term_average": 174675, 
        "date": "2014-01-31", 
        "operating_revenue": 168277, 
        "short_term_average": 168602
    }, 
    {
        "accumulated_operating_revenue_yoy": -22.624614380805752, 
        "accumulated_operating_revenue": 270379, 
        "long_term_average": 172287, 
        "date": "2014-02-28", 
        "operating_revenue": 102102, 
        "short_term_average": 149357
    }, 
    {
        "accumulated_operating_revenue_yoy": -20.531400507992632, 
        "accumulated_operating_revenue": 418937, 
        "long_term_average": 169855, 
        "date": "2014-03-31", 
        "operating_revenue": 148558, 
        "short_term_average": 139645
    }, 
    {
        "accumulated_operating_revenue_yoy": -17.230872311913725, 
        "accumulated_operating_revenue": 570713, 
        "long_term_average": 168974, 
        "date": "2014-04-30", 
        "operating_revenue": 151776, 
        "short_term_average": 134145
    }, 
    {
        "accumulated_operating_revenue_yoy": -12.589174796302386, 
        "accumulated_operating_revenue": 765551, 
        "long_term_average": 169687, 
        "date": "2014-05-31", 
        "operating_revenue": 194838, 
        "short_term_average": 165057
    }, 
    {
        "accumulated_operating_revenue_yoy": -11.74091561517534, 
        "accumulated_operating_revenue": 917432, 
        "long_term_average": 168705, 
        "date": "2014-06-30", 
        "operating_revenue": 151881, 
        "short_term_average": 166165
    }, 
    {
        "accumulated_operating_revenue_yoy": -11.489296455547574, 
        "accumulated_operating_revenue": 1079473, 
        "long_term_average": 167198, 
        "date": "2014-07-31", 
        "operating_revenue": 162041, 
        "short_term_average": 169586
    }, 
    {
        "accumulated_operating_revenue_yoy": -10.929470617962535, 
        "accumulated_operating_revenue": 1254904, 
        "long_term_average": 166043, 
        "date": "2014-08-31", 
        "operating_revenue": 175431, 
        "short_term_average": 163117
    }, 
    {
        "accumulated_operating_revenue_yoy": -12.833903399385916, 
        "accumulated_operating_revenue": 1439603, 
        "long_term_average": 161212, 
        "date": "2014-09-30", 
        "operating_revenue": 184699, 
        "short_term_average": 174057
    }, 
    {
        "accumulated_operating_revenue_yoy": -10.641606434583121, 
        "accumulated_operating_revenue": 1616471, 
        "long_term_average": 162833, 
        "date": "2014-10-31", 
        "operating_revenue": 176868, 
        "short_term_average": 178999
    }, 
    {
        "accumulated_operating_revenue_yoy": -7.592649780679922, 
        "accumulated_operating_revenue": 1819327, 
        "long_term_average": 166418, 
        "date": "2014-11-30", 
        "operating_revenue": 202856, 
        "short_term_average": 188141
    }, 
    {
        "accumulated_operating_revenue_yoy": -7.077601532538491, 
        "accumulated_operating_revenue": 1994583, 
        "long_term_average": 166215, 
        "date": "2014-12-31", 
        "operating_revenue": 175256, 
        "short_term_average": 184993
    }, 
    {
        "accumulated_operating_revenue_yoy": 3.2993219513064767, 
        "accumulated_operating_revenue": 173829, 
        "long_term_average": 166677, 
        "date": "2015-01-31", 
        "operating_revenue": 173829, 
        "short_term_average": 183980
    }, 
    {
        "accumulated_operating_revenue_yoy": 12.0467935749448, 
        "accumulated_operating_revenue": 302951, 
        "long_term_average": 168929, 
        "date": "2015-02-28", 
        "operating_revenue": 129122, 
        "short_term_average": 159402
    }, 
    {
        "accumulated_operating_revenue_yoy": 5.091457665472374, 
        "accumulated_operating_revenue": 440267, 
        "long_term_average": 167992, 
        "date": "2015-03-31", 
        "operating_revenue": 137316, 
        "short_term_average": 146755
    }, 
    {
        "accumulated_operating_revenue_yoy": 1.227587246128965, 
        "accumulated_operating_revenue": 577719, 
        "long_term_average": 166799, 
        "date": "2015-04-30", 
        "operating_revenue": 137452, 
        "short_term_average": 134630
    }, 
    {
        "accumulated_operating_revenue_yoy": -7.123104796414609, 
        "accumulated_operating_revenue": 711020, 
        "long_term_average": 161671, 
        "date": "2015-05-31", 
        "operating_revenue": 133301, 
        "short_term_average": 136023
    }, 
    {
        "accumulated_operating_revenue_yoy": -9.308155808822887, 
        "accumulated_operating_revenue": 832036, 
        "long_term_average": 159098, 
        "date": "2015-06-30", 
        "operating_revenue": 121016, 
        "short_term_average": 130589
    }, 
    {
        "accumulated_operating_revenue_yoy": -10.615643003576745, 
        "accumulated_operating_revenue": 964880, 
        "long_term_average": 156665, 
        "date": "2015-07-31", 
        "operating_revenue": 132844, 
        "short_term_average": 129053
    }, 
    {
        "accumulated_operating_revenue_yoy": -10.315291050152045, 
        "accumulated_operating_revenue": 1125457, 
        "long_term_average": 155428, 
        "date": "2015-08-31", 
        "operating_revenue": 160577, 
        "short_term_average": 138145
    }, 
    {
        "accumulated_operating_revenue_yoy": -10.416343950380764, 
        "accumulated_operating_revenue": 1289649, 
        "long_term_average": 153719, 
        "date": "2015-09-30", 
        "operating_revenue": 164192, 
        "short_term_average": 152537
    }
]