[
    {
        "date": "2012-01-31", 
        "operating_revenue": 691529, 
        "accumulated_operating_revenue": 691529, 
        "long_term_average": 691529, 
        "short_term_average": 691529
    }, 
    {
        "date": "2012-02-29", 
        "operating_revenue": 785418, 
        "accumulated_operating_revenue": 1476947, 
        "long_term_average": 738473, 
        "short_term_average": 738473
    }, 
    {
        "date": "2012-03-31", 
        "operating_revenue": 1060839, 
        "accumulated_operating_revenue": 2537786, 
        "long_term_average": 845928, 
        "short_term_average": 845928
    }, 
    {
        "date": "2012-04-30", 
        "operating_revenue": 824071, 
        "accumulated_operating_revenue": 3361857, 
        "long_term_average": 840464, 
        "short_term_average": 890109
    }, 
    {
        "date": "2012-05-31", 
        "operating_revenue": 863522, 
        "accumulated_operating_revenue": 4225379, 
        "long_term_average": 845075, 
        "short_term_average": 916144
    }, 
    {
        "date": "2012-06-30", 
        "operating_revenue": 784099, 
        "accumulated_operating_revenue": 5009478, 
        "long_term_average": 834913, 
        "short_term_average": 823897
    }, 
    {
        "date": "2012-07-31", 
        "operating_revenue": 948964, 
        "accumulated_operating_revenue": 5958442, 
        "long_term_average": 851206, 
        "short_term_average": 865528
    }, 
    {
        "date": "2012-08-31", 
        "operating_revenue": 887460, 
        "accumulated_operating_revenue": 6845902, 
        "long_term_average": 855737, 
        "short_term_average": 873507
    }, 
    {
        "date": "2012-09-30", 
        "operating_revenue": 919493, 
        "accumulated_operating_revenue": 7765395, 
        "long_term_average": 862821, 
        "short_term_average": 918639
    }, 
    {
        "date": "2012-10-31", 
        "operating_revenue": 727069, 
        "accumulated_operating_revenue": 8492464, 
        "long_term_average": 849246, 
        "short_term_average": 844674
    }, 
    {
        "date": "2012-11-30", 
        "operating_revenue": 715290, 
        "accumulated_operating_revenue": 9207754, 
        "long_term_average": 837068, 
        "short_term_average": 787284
    }, 
    {
        "date": "2012-12-31", 
        "operating_revenue": 635766, 
        "accumulated_operating_revenue": 9843520, 
        "long_term_average": 820293, 
        "short_term_average": 692708
    }, 
    {
        "accumulated_operating_revenue_yoy": 11.418610065521474, 
        "accumulated_operating_revenue": 770492, 
        "long_term_average": 826873, 
        "date": "2013-01-31", 
        "operating_revenue": 770492, 
        "short_term_average": 707182
    }, 
    {
        "accumulated_operating_revenue_yoy": -17.46670665907443, 
        "accumulated_operating_revenue": 1218973, 
        "long_term_average": 798795, 
        "date": "2013-02-28", 
        "operating_revenue": 448481, 
        "short_term_average": 618246
    }, 
    {
        "accumulated_operating_revenue_yoy": -26.59578073170866, 
        "accumulated_operating_revenue": 1862842, 
        "long_term_average": 764048, 
        "date": "2013-03-31", 
        "operating_revenue": 643869, 
        "short_term_average": 620947
    }, 
    {
        "accumulated_operating_revenue_yoy": -22.923283173555568, 
        "accumulated_operating_revenue": 2591209, 
        "long_term_average": 756072, 
        "date": "2013-04-30", 
        "operating_revenue": 728367, 
        "short_term_average": 606905
    }, 
    {
        "accumulated_operating_revenue_yoy": -19.0994227973396, 
        "accumulated_operating_revenue": 3418356, 
        "long_term_average": 753041, 
        "date": "2013-05-31", 
        "operating_revenue": 827147, 
        "short_term_average": 733127
    }, 
    {
        "accumulated_operating_revenue_yoy": -18.21149828385313, 
        "accumulated_operating_revenue": 4097177, 
        "long_term_average": 744268, 
        "date": "2013-06-30", 
        "operating_revenue": 678821, 
        "short_term_average": 744778
    }, 
    {
        "accumulated_operating_revenue_yoy": -18.70517494338285, 
        "accumulated_operating_revenue": 4843905, 
        "long_term_average": 727415, 
        "date": "2013-07-31", 
        "operating_revenue": 746728, 
        "short_term_average": 750898
    }, 
    {
        "accumulated_operating_revenue_yoy": -18.198449232840318, 
        "accumulated_operating_revenue": 5600054, 
        "long_term_average": 716472, 
        "date": "2013-08-31", 
        "operating_revenue": 756149, 
        "short_term_average": 727232
    }, 
    {
        "accumulated_operating_revenue_yoy": -17.717398792978337, 
        "accumulated_operating_revenue": 6389569, 
        "long_term_average": 705641, 
        "date": "2013-09-30", 
        "operating_revenue": 789515, 
        "short_term_average": 764130
    }, 
    {
        "accumulated_operating_revenue_yoy": -16.43389951373359, 
        "accumulated_operating_revenue": 7096821, 
        "long_term_average": 703989, 
        "date": "2013-10-31", 
        "operating_revenue": 707252, 
        "short_term_average": 750972
    }, 
    {
        "accumulated_operating_revenue_yoy": -14.336992495672668, 
        "accumulated_operating_revenue": 7887639, 
        "long_term_average": 710283, 
        "date": "2013-11-30", 
        "operating_revenue": 790818, 
        "short_term_average": 762528
    }, 
    {
        "accumulated_operating_revenue_yoy": -11.09073786612919, 
        "accumulated_operating_revenue": 8751801, 
        "long_term_average": 729316, 
        "date": "2013-12-31", 
        "operating_revenue": 864162, 
        "short_term_average": 787410
    }, 
    {
        "accumulated_operating_revenue_yoy": 4.2119840309828005, 
        "accumulated_operating_revenue": 802945, 
        "long_term_average": 732021, 
        "date": "2014-01-31", 
        "operating_revenue": 802945, 
        "short_term_average": 819308
    }, 
    {
        "accumulated_operating_revenue_yoy": 15.257269849291166, 
        "accumulated_operating_revenue": 1404955, 
        "long_term_average": 744815, 
        "date": "2014-02-28", 
        "operating_revenue": 602010, 
        "short_term_average": 756372
    }, 
    {
        "accumulated_operating_revenue_yoy": 17.45977382944984, 
        "accumulated_operating_revenue": 2188090, 
        "long_term_average": 756420, 
        "date": "2014-03-31", 
        "operating_revenue": 783135, 
        "short_term_average": 729363
    }, 
    {
        "accumulated_operating_revenue_yoy": 15.259209118214704, 
        "accumulated_operating_revenue": 2986607, 
        "long_term_average": 762266, 
        "date": "2014-04-30", 
        "operating_revenue": 798517, 
        "short_term_average": 727887
    }, 
    {
        "accumulated_operating_revenue_yoy": 9.693285310248552, 
        "accumulated_operating_revenue": 3749707, 
        "long_term_average": 756929, 
        "date": "2014-05-31", 
        "operating_revenue": 763100, 
        "short_term_average": 781584
    }, 
    {
        "accumulated_operating_revenue_yoy": 8.113708536389812, 
        "accumulated_operating_revenue": 4429610, 
        "long_term_average": 757019, 
        "date": "2014-06-30", 
        "operating_revenue": 679903, 
        "short_term_average": 747173
    }, 
    {
        "accumulated_operating_revenue_yoy": 7.806924371968484, 
        "accumulated_operating_revenue": 5222065, 
        "long_term_average": 760830, 
        "date": "2014-07-31", 
        "operating_revenue": 792455, 
        "short_term_average": 745152
    }, 
    {
        "accumulated_operating_revenue_yoy": 6.326510422935207, 
        "accumulated_operating_revenue": 5954342, 
        "long_term_average": 758840, 
        "date": "2014-08-31", 
        "operating_revenue": 732277, 
        "short_term_average": 734878
    }, 
    {
        "accumulated_operating_revenue_yoy": 4.927844115933328, 
        "accumulated_operating_revenue": 6704437, 
        "long_term_average": 755555, 
        "date": "2014-09-30", 
        "operating_revenue": 750095, 
        "short_term_average": 758275
    }, 
    {
        "accumulated_operating_revenue_yoy": 6.417098585408876, 
        "accumulated_operating_revenue": 7552231, 
        "long_term_average": 767267, 
        "date": "2014-10-31", 
        "operating_revenue": 847794, 
        "short_term_average": 776722
    }, 
    {
        "accumulated_operating_revenue_yoy": 6.77113899355688, 
        "accumulated_operating_revenue": 8421722, 
        "long_term_average": 773823, 
        "date": "2014-11-30", 
        "operating_revenue": 869491, 
        "short_term_average": 822460
    }, 
    {
        "accumulated_operating_revenue_yoy": 4.944890771625177, 
        "accumulated_operating_revenue": 9184568, 
        "long_term_average": 765380, 
        "date": "2014-12-31", 
        "operating_revenue": 762846, 
        "short_term_average": 826710
    }, 
    {
        "accumulated_operating_revenue_yoy": 13.02206253230296, 
        "accumulated_operating_revenue": 907505, 
        "long_term_average": 774094, 
        "date": "2015-01-31", 
        "operating_revenue": 907505, 
        "short_term_average": 846614
    }, 
    {
        "accumulated_operating_revenue_yoy": -3.049777395005534, 
        "accumulated_operating_revenue": 1362107, 
        "long_term_average": 761810, 
        "date": "2015-02-28", 
        "operating_revenue": 454602, 
        "short_term_average": 708317
    }, 
    {
        "accumulated_operating_revenue_yoy": -7.237590775516546, 
        "accumulated_operating_revenue": 2029725, 
        "long_term_average": 752183, 
        "date": "2015-03-31", 
        "operating_revenue": 667618, 
        "short_term_average": 676575
    }, 
    {
        "accumulated_operating_revenue_yoy": -10.302426800713988, 
        "accumulated_operating_revenue": 2678914, 
        "long_term_average": 739739, 
        "date": "2015-04-30", 
        "operating_revenue": 649189, 
        "short_term_average": 590469
    }, 
    {
        "accumulated_operating_revenue_yoy": -11.955707472610527, 
        "accumulated_operating_revenue": 3301403, 
        "long_term_average": 728022, 
        "date": "2015-05-31", 
        "operating_revenue": 622489, 
        "short_term_average": 646432
    }, 
    {
        "accumulated_operating_revenue_yoy": -10.719250678953678, 
        "accumulated_operating_revenue": 3954789, 
        "long_term_average": 725812, 
        "date": "2015-06-30", 
        "operating_revenue": 653386, 
        "short_term_average": 641688
    }, 
    {
        "accumulated_operating_revenue_yoy": -9.00523068939203, 
        "accumulated_operating_revenue": 4751806, 
        "long_term_average": 726192, 
        "date": "2015-07-31", 
        "operating_revenue": 797017, 
        "short_term_average": 690964
    }, 
    {
        "accumulated_operating_revenue_yoy": -5.9658817044771695, 
        "accumulated_operating_revenue": 5599113, 
        "long_term_average": 735778, 
        "date": "2015-08-31", 
        "operating_revenue": 847307, 
        "short_term_average": 765903
    }
]