[
    {
        "date": "2012-01-31", 
        "operating_revenue": 203315, 
        "accumulated_operating_revenue": 203315, 
        "long_term_average": 203315, 
        "short_term_average": 203315
    }, 
    {
        "date": "2012-02-29", 
        "operating_revenue": 183063, 
        "accumulated_operating_revenue": 386378, 
        "long_term_average": 193189, 
        "short_term_average": 193189
    }, 
    {
        "date": "2012-03-31", 
        "operating_revenue": 230980, 
        "accumulated_operating_revenue": 617358, 
        "long_term_average": 205786, 
        "short_term_average": 205786
    }, 
    {
        "date": "2012-04-30", 
        "operating_revenue": 234144, 
        "accumulated_operating_revenue": 851502, 
        "long_term_average": 212875, 
        "short_term_average": 216062
    }, 
    {
        "date": "2012-05-31", 
        "operating_revenue": 249326, 
        "accumulated_operating_revenue": 1100828, 
        "long_term_average": 220165, 
        "short_term_average": 238150
    }, 
    {
        "date": "2012-06-30", 
        "operating_revenue": 213828, 
        "accumulated_operating_revenue": 1314656, 
        "long_term_average": 219109, 
        "short_term_average": 232432
    }, 
    {
        "date": "2012-07-31", 
        "operating_revenue": 252843, 
        "accumulated_operating_revenue": 1567499, 
        "long_term_average": 223928, 
        "short_term_average": 238665
    }, 
    {
        "date": "2012-08-31", 
        "operating_revenue": 269378, 
        "accumulated_operating_revenue": 1836877, 
        "long_term_average": 229609, 
        "short_term_average": 245349
    }, 
    {
        "date": "2012-09-30", 
        "operating_revenue": 301587, 
        "accumulated_operating_revenue": 2138464, 
        "long_term_average": 237607, 
        "short_term_average": 274602
    }, 
    {
        "date": "2012-10-31", 
        "operating_revenue": 228760, 
        "accumulated_operating_revenue": 2367224, 
        "long_term_average": 236722, 
        "short_term_average": 266575
    }, 
    {
        "date": "2012-11-30", 
        "operating_revenue": 252819, 
        "accumulated_operating_revenue": 2620043, 
        "long_term_average": 238185, 
        "short_term_average": 261055
    }, 
    {
        "date": "2012-12-31", 
        "operating_revenue": 220441, 
        "accumulated_operating_revenue": 2840484, 
        "long_term_average": 236707, 
        "short_term_average": 234006
    }, 
    {
        "accumulated_operating_revenue_yoy": 20.222806974399333, 
        "accumulated_operating_revenue": 244431, 
        "long_term_average": 240133, 
        "date": "2013-01-31", 
        "operating_revenue": 244431, 
        "short_term_average": 239230
    }, 
    {
        "accumulated_operating_revenue_yoy": 2.253751507591012, 
        "accumulated_operating_revenue": 395086, 
        "long_term_average": 237432, 
        "date": "2013-02-28", 
        "operating_revenue": 150655, 
        "short_term_average": 205175
    }, 
    {
        "accumulated_operating_revenue_yoy": -3.883322156674086, 
        "accumulated_operating_revenue": 593384, 
        "long_term_average": 234709, 
        "date": "2013-03-31", 
        "operating_revenue": 198298, 
        "short_term_average": 197794
    }, 
    {
        "accumulated_operating_revenue_yoy": -4.879260412776483, 
        "accumulated_operating_revenue": 809955, 
        "long_term_average": 233244, 
        "date": "2013-04-30", 
        "operating_revenue": 216571, 
        "short_term_average": 188508
    }, 
    {
        "accumulated_operating_revenue_yoy": -8.472804107453662, 
        "accumulated_operating_revenue": 1007557, 
        "long_term_average": 228934, 
        "date": "2013-05-31", 
        "operating_revenue": 197602, 
        "short_term_average": 204157
    }, 
    {
        "accumulated_operating_revenue_yoy": -8.564065428522746, 
        "accumulated_operating_revenue": 1202068, 
        "long_term_average": 227324, 
        "date": "2013-06-30", 
        "operating_revenue": 194511, 
        "short_term_average": 202894
    }, 
    {
        "accumulated_operating_revenue_yoy": -9.063355064341348, 
        "accumulated_operating_revenue": 1425431, 
        "long_term_average": 224868, 
        "date": "2013-07-31", 
        "operating_revenue": 223363, 
        "short_term_average": 205158
    }, 
    {
        "accumulated_operating_revenue_yoy": -10.858593144777794, 
        "accumulated_operating_revenue": 1637418, 
        "long_term_average": 220085, 
        "date": "2013-08-31", 
        "operating_revenue": 211987, 
        "short_term_average": 209953
    }, 
    {
        "accumulated_operating_revenue_yoy": -13.172445269127747, 
        "accumulated_operating_revenue": 1856776, 
        "long_term_average": 213233, 
        "date": "2013-09-30", 
        "operating_revenue": 219358, 
        "short_term_average": 218236
    }, 
    {
        "accumulated_operating_revenue_yoy": -13.217591575617686, 
        "accumulated_operating_revenue": 2054334, 
        "long_term_average": 210632, 
        "date": "2013-10-31", 
        "operating_revenue": 197558, 
        "short_term_average": 209634
    }, 
    {
        "accumulated_operating_revenue_yoy": -12.906849238733868, 
        "accumulated_operating_revenue": 2281878, 
        "long_term_average": 208526, 
        "date": "2013-11-30", 
        "operating_revenue": 227544, 
        "short_term_average": 214820
    }, 
    {
        "accumulated_operating_revenue_yoy": -11.865090597236245, 
        "accumulated_operating_revenue": 2503458, 
        "long_term_average": 208621, 
        "date": "2013-12-31", 
        "operating_revenue": 221580, 
        "short_term_average": 215560
    }, 
    {
        "accumulated_operating_revenue_yoy": -5.742724940780834, 
        "accumulated_operating_revenue": 230394, 
        "long_term_average": 207451, 
        "date": "2014-01-31", 
        "operating_revenue": 230394, 
        "short_term_average": 226506
    }, 
    {
        "accumulated_operating_revenue_yoy": -0.938529839073012, 
        "accumulated_operating_revenue": 391378, 
        "long_term_average": 208312, 
        "date": "2014-02-28", 
        "operating_revenue": 160984, 
        "short_term_average": 204319
    }, 
    {
        "accumulated_operating_revenue_yoy": -0.5736588785676728, 
        "accumulated_operating_revenue": 589980, 
        "long_term_average": 208337, 
        "date": "2014-03-31", 
        "operating_revenue": 198602, 
        "short_term_average": 196660
    }, 
    {
        "accumulated_operating_revenue_yoy": 2.1269082850281804, 
        "accumulated_operating_revenue": 827182, 
        "long_term_average": 210057, 
        "date": "2014-04-30", 
        "operating_revenue": 237202, 
        "short_term_average": 198929
    }, 
    {
        "accumulated_operating_revenue_yoy": 2.9000840647228894, 
        "accumulated_operating_revenue": 1036777, 
        "long_term_average": 211056, 
        "date": "2014-05-31", 
        "operating_revenue": 209595, 
        "short_term_average": 215133
    }, 
    {
        "accumulated_operating_revenue_yoy": 2.986852657253999, 
        "accumulated_operating_revenue": 1237972, 
        "long_term_average": 211613, 
        "date": "2014-06-30", 
        "operating_revenue": 201195, 
        "short_term_average": 215997
    }, 
    {
        "accumulated_operating_revenue_yoy": 1.7832501187360172, 
        "accumulated_operating_revenue": 1450850, 
        "long_term_average": 210739, 
        "date": "2014-07-31", 
        "operating_revenue": 212878, 
        "short_term_average": 207889
    }, 
    {
        "accumulated_operating_revenue_yoy": 0.934581151544688, 
        "accumulated_operating_revenue": 1652721, 
        "long_term_average": 209896, 
        "date": "2014-08-31", 
        "operating_revenue": 201871, 
        "short_term_average": 205314
    }, 
    {
        "accumulated_operating_revenue_yoy": -0.4576750238047023, 
        "accumulated_operating_revenue": 1848278, 
        "long_term_average": 207913, 
        "date": "2014-09-30", 
        "operating_revenue": 195557, 
        "short_term_average": 203435
    }, 
    {
        "accumulated_operating_revenue_yoy": -2.260440609949502, 
        "accumulated_operating_revenue": 2007897, 
        "long_term_average": 204751, 
        "date": "2014-10-31", 
        "operating_revenue": 159619, 
        "short_term_average": 185682
    }, 
    {
        "accumulated_operating_revenue_yoy": -4.572812394001783, 
        "accumulated_operating_revenue": 2177532, 
        "long_term_average": 199926, 
        "date": "2014-11-30", 
        "operating_revenue": 169635, 
        "short_term_average": 174937
    }, 
    {
        "accumulated_operating_revenue_yoy": -5.5083808076668355, 
        "accumulated_operating_revenue": 2365558, 
        "long_term_average": 197129, 
        "date": "2014-12-31", 
        "operating_revenue": 188026, 
        "short_term_average": 172426
    }, 
    {
        "accumulated_operating_revenue_yoy": -27.952116808597445, 
        "accumulated_operating_revenue": 165994, 
        "long_term_average": 191763, 
        "date": "2015-01-31", 
        "operating_revenue": 165994, 
        "short_term_average": 174551
    }, 
    {
        "accumulated_operating_revenue_yoy": -24.124759184215772, 
        "accumulated_operating_revenue": 296959, 
        "long_term_average": 189261, 
        "date": "2015-02-28", 
        "operating_revenue": 130965, 
        "short_term_average": 161661
    }, 
    {
        "accumulated_operating_revenue_yoy": -25.209329129801013, 
        "accumulated_operating_revenue": 441250, 
        "long_term_average": 184735, 
        "date": "2015-03-31", 
        "operating_revenue": 144291, 
        "short_term_average": 147083
    }, 
    {
        "accumulated_operating_revenue_yoy": -27.753867951672063, 
        "accumulated_operating_revenue": 597607, 
        "long_term_average": 177998, 
        "date": "2015-04-30", 
        "operating_revenue": 156357, 
        "short_term_average": 143871
    }, 
    {
        "accumulated_operating_revenue_yoy": -29.149566396631098, 
        "accumulated_operating_revenue": 734561, 
        "long_term_average": 171945, 
        "date": "2015-05-31", 
        "operating_revenue": 136954, 
        "short_term_average": 145867
    }, 
    {
        "accumulated_operating_revenue_yoy": -30.1485009354008, 
        "accumulated_operating_revenue": 864742, 
        "long_term_average": 166027, 
        "date": "2015-06-30", 
        "operating_revenue": 130181, 
        "short_term_average": 141164
    }, 
    {
        "accumulated_operating_revenue_yoy": -30.474135851397456, 
        "accumulated_operating_revenue": 1008716, 
        "long_term_average": 160285, 
        "date": "2015-07-31", 
        "operating_revenue": 143974, 
        "short_term_average": 137036
    }, 
    {
        "accumulated_operating_revenue_yoy": -27.229459781778047, 
        "accumulated_operating_revenue": 1202694, 
        "long_term_average": 159627, 
        "date": "2015-08-31", 
        "operating_revenue": 193978, 
        "short_term_average": 156044
    }
]