[
    {
        "date": "2012-01-31", 
        "operating_revenue": 109802, 
        "accumulated_operating_revenue": 109802, 
        "long_term_average": 109802, 
        "short_term_average": 109802
    }, 
    {
        "date": "2012-02-29", 
        "operating_revenue": 125063, 
        "accumulated_operating_revenue": 234865, 
        "long_term_average": 117432, 
        "short_term_average": 117432
    }, 
    {
        "date": "2012-03-31", 
        "operating_revenue": 168926, 
        "accumulated_operating_revenue": 403791, 
        "long_term_average": 134597, 
        "short_term_average": 134597
    }, 
    {
        "date": "2012-04-30", 
        "operating_revenue": 175192, 
        "accumulated_operating_revenue": 578983, 
        "long_term_average": 144745, 
        "short_term_average": 156393
    }, 
    {
        "date": "2012-05-31", 
        "operating_revenue": 153436, 
        "accumulated_operating_revenue": 732419, 
        "long_term_average": 146483, 
        "short_term_average": 165851
    }, 
    {
        "date": "2012-06-30", 
        "operating_revenue": 141839, 
        "accumulated_operating_revenue": 874258, 
        "long_term_average": 145709, 
        "short_term_average": 156822
    }, 
    {
        "date": "2012-07-31", 
        "operating_revenue": 197244, 
        "accumulated_operating_revenue": 1071502, 
        "long_term_average": 153071, 
        "short_term_average": 164173
    }, 
    {
        "date": "2012-08-31", 
        "operating_revenue": 210704, 
        "accumulated_operating_revenue": 1282206, 
        "long_term_average": 160275, 
        "short_term_average": 183262
    }, 
    {
        "date": "2012-09-30", 
        "operating_revenue": 211269, 
        "accumulated_operating_revenue": 1493475, 
        "long_term_average": 165941, 
        "short_term_average": 206405
    }, 
    {
        "date": "2012-10-31", 
        "operating_revenue": 168445, 
        "accumulated_operating_revenue": 1661920, 
        "long_term_average": 166192, 
        "short_term_average": 196806
    }, 
    {
        "date": "2012-11-30", 
        "operating_revenue": 202777, 
        "accumulated_operating_revenue": 1864697, 
        "long_term_average": 169517, 
        "short_term_average": 194163
    }, 
    {
        "date": "2012-12-31", 
        "operating_revenue": 178894, 
        "accumulated_operating_revenue": 2043591, 
        "long_term_average": 170299, 
        "short_term_average": 183372
    }, 
    {
        "accumulated_operating_revenue_yoy": 74.38389100380685, 
        "accumulated_operating_revenue": 191477, 
        "long_term_average": 177105, 
        "date": "2013-01-31", 
        "operating_revenue": 191477, 
        "short_term_average": 191049
    }, 
    {
        "accumulated_operating_revenue_yoy": 38.01077214570072, 
        "accumulated_operating_revenue": 324139, 
        "long_term_average": 177738, 
        "date": "2013-02-28", 
        "operating_revenue": 132662, 
        "short_term_average": 167677
    }, 
    {
        "accumulated_operating_revenue_yoy": 28.56477732292201, 
        "accumulated_operating_revenue": 519133, 
        "long_term_average": 179911, 
        "date": "2013-03-31", 
        "operating_revenue": 194994, 
        "short_term_average": 173044
    }, 
    {
        "accumulated_operating_revenue_yoy": 27.188017610188904, 
        "accumulated_operating_revenue": 736397, 
        "long_term_average": 183417, 
        "date": "2013-04-30", 
        "operating_revenue": 217264, 
        "short_term_average": 181640
    }, 
    {
        "accumulated_operating_revenue_yoy": 28.75294059820949, 
        "accumulated_operating_revenue": 943011, 
        "long_term_average": 187848, 
        "date": "2013-05-31", 
        "operating_revenue": 206614, 
        "short_term_average": 206290
    }, 
    {
        "accumulated_operating_revenue_yoy": 31.01155494144749, 
        "accumulated_operating_revenue": 1145379, 
        "long_term_average": 192892, 
        "date": "2013-06-30", 
        "operating_revenue": 202368, 
        "short_term_average": 208748
    }, 
    {
        "accumulated_operating_revenue_yoy": 22.76859959197463, 
        "accumulated_operating_revenue": 1315468, 
        "long_term_average": 190629, 
        "date": "2013-07-31", 
        "operating_revenue": 170089, 
        "short_term_average": 193023
    }, 
    {
        "accumulated_operating_revenue_yoy": 16.394557504800318, 
        "accumulated_operating_revenue": 1492418, 
        "long_term_average": 187816, 
        "date": "2013-08-31", 
        "operating_revenue": 176950, 
        "short_term_average": 183135
    }, 
    {
        "accumulated_operating_revenue_yoy": 10.707176216541958, 
        "accumulated_operating_revenue": 1653384, 
        "long_term_average": 183625, 
        "date": "2013-09-30", 
        "operating_revenue": 160966, 
        "short_term_average": 169335
    }, 
    {
        "accumulated_operating_revenue_yoy": 12.37761143737364, 
        "accumulated_operating_revenue": 1867626, 
        "long_term_average": 187441, 
        "date": "2013-10-31", 
        "operating_revenue": 214242, 
        "short_term_average": 184052
    }, 
    {
        "accumulated_operating_revenue_yoy": 10.950250898671474, 
        "accumulated_operating_revenue": 2068886, 
        "long_term_average": 187315, 
        "date": "2013-11-30", 
        "operating_revenue": 201260, 
        "short_term_average": 192156
    }, 
    {
        "accumulated_operating_revenue_yoy": 11.941332683496844, 
        "accumulated_operating_revenue": 2287623, 
        "long_term_average": 190635, 
        "date": "2013-12-31", 
        "operating_revenue": 218737, 
        "short_term_average": 211413
    }, 
    {
        "accumulated_operating_revenue_yoy": 11.492241888059663, 
        "accumulated_operating_revenue": 213482, 
        "long_term_average": 192469, 
        "date": "2014-01-31", 
        "operating_revenue": 213482, 
        "short_term_average": 211159
    }, 
    {
        "accumulated_operating_revenue_yoy": 25.24565078561975, 
        "accumulated_operating_revenue": 405970, 
        "long_term_average": 197454, 
        "date": "2014-02-28", 
        "operating_revenue": 192488, 
        "short_term_average": 208235
    }, 
    {
        "accumulated_operating_revenue_yoy": 20.306164316273478, 
        "accumulated_operating_revenue": 624549, 
        "long_term_average": 199419, 
        "date": "2014-03-31", 
        "operating_revenue": 218579, 
        "short_term_average": 208183
    }, 
    {
        "accumulated_operating_revenue_yoy": 11.213788214780886, 
        "accumulated_operating_revenue": 818975, 
        "long_term_average": 197516, 
        "date": "2014-04-30", 
        "operating_revenue": 194426, 
        "short_term_average": 201831
    }, 
    {
        "accumulated_operating_revenue_yoy": 5.015530041537161, 
        "accumulated_operating_revenue": 990308, 
        "long_term_average": 194576, 
        "date": "2014-05-31", 
        "operating_revenue": 171333, 
        "short_term_average": 194779
    }, 
    {
        "accumulated_operating_revenue_yoy": 1.2152309410247613, 
        "accumulated_operating_revenue": 1159298, 
        "long_term_average": 191795, 
        "date": "2014-06-30", 
        "operating_revenue": 168990, 
        "short_term_average": 178249
    }, 
    {
        "accumulated_operating_revenue_yoy": 1.39737340627062, 
        "accumulated_operating_revenue": 1333850, 
        "long_term_average": 192167, 
        "date": "2014-07-31", 
        "operating_revenue": 174552, 
        "short_term_average": 171625
    }, 
    {
        "accumulated_operating_revenue_yoy": 2.9330254660557564, 
        "accumulated_operating_revenue": 1536191, 
        "long_term_average": 194283, 
        "date": "2014-08-31", 
        "operating_revenue": 202341, 
        "short_term_average": 181961
    }, 
    {
        "accumulated_operating_revenue_yoy": 5.613940863102583, 
        "accumulated_operating_revenue": 1746204, 
        "long_term_average": 198370, 
        "date": "2014-09-30", 
        "operating_revenue": 210013, 
        "short_term_average": 195635
    }, 
    {
        "accumulated_operating_revenue_yoy": 4.656071397592452, 
        "accumulated_operating_revenue": 1954584, 
        "long_term_average": 197881, 
        "date": "2014-10-31", 
        "operating_revenue": 208380, 
        "short_term_average": 206911
    }, 
    {
        "accumulated_operating_revenue_yoy": 3.6168740085243942, 
        "accumulated_operating_revenue": 2143715, 
        "long_term_average": 196871, 
        "date": "2014-11-30", 
        "operating_revenue": 189131, 
        "short_term_average": 202508
    }, 
    {
        "accumulated_operating_revenue_yoy": 3.060513030337604, 
        "accumulated_operating_revenue": 2357636, 
        "long_term_average": 196469, 
        "date": "2014-12-31", 
        "operating_revenue": 213921, 
        "short_term_average": 203810
    }, 
    {
        "accumulated_operating_revenue_yoy": -9.981169372593474, 
        "accumulated_operating_revenue": 192174, 
        "long_term_average": 194694, 
        "date": "2015-01-31", 
        "operating_revenue": 192174, 
        "short_term_average": 198408
    }, 
    {
        "accumulated_operating_revenue_yoy": -18.210212577284036, 
        "accumulated_operating_revenue": 332042, 
        "long_term_average": 190309, 
        "date": "2015-02-28", 
        "operating_revenue": 139868, 
        "short_term_average": 181987
    }, 
    {
        "accumulated_operating_revenue_yoy": -23.910053494601705, 
        "accumulated_operating_revenue": 475219, 
        "long_term_average": 184025, 
        "date": "2015-03-31", 
        "operating_revenue": 143177, 
        "short_term_average": 158406
    }, 
    {
        "accumulated_operating_revenue_yoy": -23.384230287859825, 
        "accumulated_operating_revenue": 627464, 
        "long_term_average": 180510, 
        "date": "2015-04-30", 
        "operating_revenue": 152245, 
        "short_term_average": 145096
    }, 
    {
        "accumulated_operating_revenue_yoy": -20.360736255791128, 
        "accumulated_operating_revenue": 788674, 
        "long_term_average": 179666, 
        "date": "2015-05-31", 
        "operating_revenue": 161210, 
        "short_term_average": 152210
    }, 
    {
        "accumulated_operating_revenue_yoy": -17.013658265605564, 
        "accumulated_operating_revenue": 962059, 
        "long_term_average": 180033, 
        "date": "2015-06-30", 
        "operating_revenue": 173385, 
        "short_term_average": 162280
    }, 
    {
        "accumulated_operating_revenue_yoy": -14.455298571803427, 
        "accumulated_operating_revenue": 1141038, 
        "long_term_average": 180402, 
        "date": "2015-07-31", 
        "operating_revenue": 178979, 
        "short_term_average": 171191
    }, 
    {
        "accumulated_operating_revenue_yoy": -15.001780377570237, 
        "accumulated_operating_revenue": 1305735, 
        "long_term_average": 177265, 
        "date": "2015-08-31", 
        "operating_revenue": 164697, 
        "short_term_average": 172353
    }
]