[
    {
        "date": "2012-01-31", 
        "operating_revenue": 267227, 
        "accumulated_operating_revenue": 267227, 
        "long_term_average": 267227, 
        "short_term_average": 267227
    }, 
    {
        "date": "2012-02-29", 
        "operating_revenue": 354926, 
        "accumulated_operating_revenue": 622153, 
        "long_term_average": 311076, 
        "short_term_average": 311076
    }, 
    {
        "date": "2012-03-31", 
        "operating_revenue": 449972, 
        "accumulated_operating_revenue": 1072125, 
        "long_term_average": 357375, 
        "short_term_average": 357375
    }, 
    {
        "date": "2012-04-30", 
        "operating_revenue": 438626, 
        "accumulated_operating_revenue": 1510751, 
        "long_term_average": 377687, 
        "short_term_average": 414508
    }, 
    {
        "date": "2012-05-31", 
        "operating_revenue": 514199, 
        "accumulated_operating_revenue": 2024950, 
        "long_term_average": 404990, 
        "short_term_average": 467599
    }, 
    {
        "date": "2012-06-30", 
        "operating_revenue": 515728, 
        "accumulated_operating_revenue": 2540678, 
        "long_term_average": 423446, 
        "short_term_average": 489517
    }, 
    {
        "date": "2012-07-31", 
        "operating_revenue": 468989, 
        "accumulated_operating_revenue": 3009667, 
        "long_term_average": 429952, 
        "short_term_average": 499638
    }, 
    {
        "date": "2012-08-31", 
        "operating_revenue": 525017, 
        "accumulated_operating_revenue": 3534684, 
        "long_term_average": 441835, 
        "short_term_average": 503244
    }, 
    {
        "date": "2012-09-30", 
        "operating_revenue": 615713, 
        "accumulated_operating_revenue": 4150397, 
        "long_term_average": 461155, 
        "short_term_average": 536573
    }, 
    {
        "date": "2012-10-31", 
        "operating_revenue": 528264, 
        "accumulated_operating_revenue": 4678661, 
        "long_term_average": 467866, 
        "short_term_average": 556331
    }, 
    {
        "date": "2012-11-30", 
        "operating_revenue": 452388, 
        "accumulated_operating_revenue": 5131049, 
        "long_term_average": 466459, 
        "short_term_average": 532121
    }, 
    {
        "date": "2012-12-31", 
        "operating_revenue": 443837, 
        "accumulated_operating_revenue": 5574886, 
        "long_term_average": 464573, 
        "short_term_average": 474829
    }, 
    {
        "accumulated_operating_revenue_yoy": 92.79938030214014, 
        "accumulated_operating_revenue": 515212, 
        "long_term_average": 485239, 
        "date": "2013-01-31", 
        "operating_revenue": 515212, 
        "short_term_average": 470479
    }, 
    {
        "accumulated_operating_revenue_yoy": 34.565613281620436, 
        "accumulated_operating_revenue": 837204, 
        "long_term_average": 482494, 
        "date": "2013-02-28", 
        "operating_revenue": 321992, 
        "short_term_average": 427013
    }, 
    {
        "accumulated_operating_revenue_yoy": 16.641529672379622, 
        "accumulated_operating_revenue": 1250543, 
        "long_term_average": 479442, 
        "date": "2013-03-31", 
        "operating_revenue": 413339, 
        "short_term_average": 416847
    }, 
    {
        "accumulated_operating_revenue_yoy": 6.218298051763659, 
        "accumulated_operating_revenue": 1604694, 
        "long_term_average": 472402, 
        "date": "2013-04-30", 
        "operating_revenue": 354151, 
        "short_term_average": 363160
    }, 
    {
        "accumulated_operating_revenue_yoy": -3.465320131361268, 
        "accumulated_operating_revenue": 1954779, 
        "long_term_average": 458726, 
        "date": "2013-05-31", 
        "operating_revenue": 350085, 
        "short_term_average": 372525
    }, 
    {
        "accumulated_operating_revenue_yoy": -6.721552278565013, 
        "accumulated_operating_revenue": 2369905, 
        "long_term_average": 450342, 
        "date": "2013-06-30", 
        "operating_revenue": 415126, 
        "short_term_average": 373120
    }, 
    {
        "accumulated_operating_revenue_yoy": -5.985977850705742, 
        "accumulated_operating_revenue": 2829509, 
        "long_term_average": 449560, 
        "date": "2013-07-31", 
        "operating_revenue": 459604, 
        "short_term_average": 408271
    }, 
    {
        "accumulated_operating_revenue_yoy": -8.558388812125779, 
        "accumulated_operating_revenue": 3232172, 
        "long_term_average": 439364, 
        "date": "2013-08-31", 
        "operating_revenue": 402663, 
        "short_term_average": 425797
    }, 
    {
        "accumulated_operating_revenue_yoy": -14.058414170981715, 
        "accumulated_operating_revenue": 3566917, 
        "long_term_average": 415950, 
        "date": "2013-09-30", 
        "operating_revenue": 334745, 
        "short_term_average": 399004
    }, 
    {
        "accumulated_operating_revenue_yoy": -16.911868588042605, 
        "accumulated_operating_revenue": 3887412, 
        "long_term_average": 398636, 
        "date": "2013-10-31", 
        "operating_revenue": 320495, 
        "short_term_average": 352634
    }, 
    {
        "accumulated_operating_revenue_yoy": -17.626473650904522, 
        "accumulated_operating_revenue": 4226626, 
        "long_term_average": 389205, 
        "date": "2013-11-30", 
        "operating_revenue": 339214, 
        "short_term_average": 331484
    }, 
    {
        "accumulated_operating_revenue_yoy": -18.29068791720584, 
        "accumulated_operating_revenue": 4555201, 
        "long_term_average": 379600, 
        "date": "2013-12-31", 
        "operating_revenue": 328575, 
        "short_term_average": 329428
    }, 
    {
        "accumulated_operating_revenue_yoy": -53.00575297159228, 
        "accumulated_operating_revenue": 242120, 
        "long_term_average": 356842, 
        "date": "2014-01-31", 
        "operating_revenue": 242120, 
        "short_term_average": 303303
    }, 
    {
        "accumulated_operating_revenue_yoy": -38.290189726757156, 
        "accumulated_operating_revenue": 516637, 
        "long_term_average": 352886, 
        "date": "2014-02-28", 
        "operating_revenue": 274517, 
        "short_term_average": 281737
    }, 
    {
        "accumulated_operating_revenue_yoy": -23.11747776765773, 
        "accumulated_operating_revenue": 961449, 
        "long_term_average": 355508, 
        "date": "2014-03-31", 
        "operating_revenue": 444812, 
        "short_term_average": 320483
    }, 
    {
        "accumulated_operating_revenue_yoy": -11.712139510710454, 
        "accumulated_operating_revenue": 1416750, 
        "long_term_average": 363938, 
        "date": "2014-04-30", 
        "operating_revenue": 455301, 
        "short_term_average": 391543
    }, 
    {
        "accumulated_operating_revenue_yoy": -9.878098751828212, 
        "accumulated_operating_revenue": 1761684, 
        "long_term_average": 363508, 
        "date": "2014-05-31", 
        "operating_revenue": 344934, 
        "short_term_average": 415015
    }, 
    {
        "accumulated_operating_revenue_yoy": -10.502572887942765, 
        "accumulated_operating_revenue": 2121004, 
        "long_term_average": 358858, 
        "date": "2014-06-30", 
        "operating_revenue": 359320, 
        "short_term_average": 386518
    }, 
    {
        "accumulated_operating_revenue_yoy": -12.311323271988178, 
        "accumulated_operating_revenue": 2481159, 
        "long_term_average": 350570, 
        "date": "2014-07-31", 
        "operating_revenue": 360155, 
        "short_term_average": 354803
    }, 
    {
        "accumulated_operating_revenue_yoy": -12.556695621396386, 
        "accumulated_operating_revenue": 2826318, 
        "long_term_average": 345778, 
        "date": "2014-08-31", 
        "operating_revenue": 345159, 
        "short_term_average": 354878
    }, 
    {
        "accumulated_operating_revenue_yoy": -8.583098513366025, 
        "accumulated_operating_revenue": 3260765, 
        "long_term_average": 354087, 
        "date": "2014-09-30", 
        "operating_revenue": 434447, 
        "short_term_average": 379920
    }, 
    {
        "accumulated_operating_revenue_yoy": -2.567312134654109, 
        "accumulated_operating_revenue": 3787610, 
        "long_term_average": 371283, 
        "date": "2014-10-31", 
        "operating_revenue": 526845, 
        "short_term_average": 435483
    }, 
    {
        "accumulated_operating_revenue_yoy": 1.304917917979968, 
        "accumulated_operating_revenue": 4281780, 
        "long_term_average": 384196, 
        "date": "2014-11-30", 
        "operating_revenue": 494170, 
        "short_term_average": 485154
    }, 
    {
        "accumulated_operating_revenue_yoy": 5.4486728467086305, 
        "accumulated_operating_revenue": 4803399, 
        "long_term_average": 400283, 
        "date": "2014-12-31", 
        "operating_revenue": 521619, 
        "short_term_average": 514211
    }, 
    {
        "accumulated_operating_revenue_yoy": 100.66165537749876, 
        "accumulated_operating_revenue": 485842, 
        "long_term_average": 420593, 
        "date": "2015-01-31", 
        "operating_revenue": 485842, 
        "short_term_average": 500543
    }, 
    {
        "accumulated_operating_revenue_yoy": 45.65042766971781, 
        "accumulated_operating_revenue": 752484, 
        "long_term_average": 419937, 
        "date": "2015-02-28", 
        "operating_revenue": 266642, 
        "short_term_average": 424701
    }, 
    {
        "accumulated_operating_revenue_yoy": 17.89923334467039, 
        "accumulated_operating_revenue": 1133541, 
        "long_term_average": 414624, 
        "date": "2015-03-31", 
        "operating_revenue": 381057, 
        "short_term_average": 377847
    }, 
    {
        "accumulated_operating_revenue_yoy": 7.959131815775542, 
        "accumulated_operating_revenue": 1529511, 
        "long_term_average": 409680, 
        "date": "2015-04-30", 
        "operating_revenue": 395970, 
        "short_term_average": 347889
    }, 
    {
        "accumulated_operating_revenue_yoy": 7.9862222736881305, 
        "accumulated_operating_revenue": 1902376, 
        "long_term_average": 412007, 
        "date": "2015-05-31", 
        "operating_revenue": 372865, 
        "short_term_average": 383297
    }, 
    {
        "accumulated_operating_revenue_yoy": 8.91846502882597, 
        "accumulated_operating_revenue": 2310165, 
        "long_term_average": 416046, 
        "date": "2015-06-30", 
        "operating_revenue": 407789, 
        "short_term_average": 392208
    }, 
    {
        "accumulated_operating_revenue_yoy": 7.860358808121528, 
        "accumulated_operating_revenue": 2676187, 
        "long_term_average": 416535, 
        "date": "2015-07-31", 
        "operating_revenue": 366022, 
        "short_term_average": 382225
    }, 
    {
        "accumulated_operating_revenue_yoy": 9.63865354146278, 
        "accumulated_operating_revenue": 3098737, 
        "long_term_average": 422984, 
        "date": "2015-08-31", 
        "operating_revenue": 422550, 
        "short_term_average": 398787
    }, 
    {
        "accumulated_operating_revenue_yoy": 9.990753703502092, 
        "accumulated_operating_revenue": 3586540, 
        "long_term_average": 427431, 
        "date": "2015-09-30", 
        "operating_revenue": 487803, 
        "short_term_average": 425458
    }
]