[
    {
        "date": "2011-09-30", 
        "operating_revenue": 384017, 
        "accumulated_operating_revenue": 384017, 
        "long_term_average": 384017, 
        "short_term_average": 384017
    }, 
    {
        "date": "2011-10-31", 
        "operating_revenue": 429146, 
        "accumulated_operating_revenue": 813163, 
        "long_term_average": 406581, 
        "short_term_average": 406581
    }, 
    {
        "date": "2011-11-30", 
        "operating_revenue": 414440, 
        "accumulated_operating_revenue": 1227603, 
        "long_term_average": 409201, 
        "short_term_average": 409201
    }, 
    {
        "date": "2011-12-31", 
        "operating_revenue": 372160, 
        "accumulated_operating_revenue": 1599763, 
        "long_term_average": 399940, 
        "short_term_average": 405248
    }, 
    {
        "date": "2012-01-31", 
        "operating_revenue": 325910, 
        "accumulated_operating_revenue": 325910, 
        "long_term_average": 385134, 
        "short_term_average": 370836
    }, 
    {
        "date": "2012-02-29", 
        "operating_revenue": 329794, 
        "accumulated_operating_revenue": 655704, 
        "long_term_average": 375911, 
        "short_term_average": 342621
    }, 
    {
        "date": "2012-03-31", 
        "operating_revenue": 403309, 
        "accumulated_operating_revenue": 1059013, 
        "long_term_average": 379825, 
        "short_term_average": 353004
    }, 
    {
        "date": "2012-04-30", 
        "operating_revenue": 369032, 
        "accumulated_operating_revenue": 1428045, 
        "long_term_average": 378476, 
        "short_term_average": 367378
    }, 
    {
        "date": "2012-05-31", 
        "operating_revenue": 416679, 
        "accumulated_operating_revenue": 1844724, 
        "long_term_average": 382720, 
        "short_term_average": 396340
    }, 
    {
        "date": "2012-06-30", 
        "operating_revenue": 382005, 
        "accumulated_operating_revenue": 2226729, 
        "long_term_average": 382649, 
        "short_term_average": 389238
    }, 
    {
        "date": "2012-07-31", 
        "operating_revenue": 434452, 
        "accumulated_operating_revenue": 2661181, 
        "long_term_average": 387358, 
        "short_term_average": 411045
    }, 
    {
        "date": "2012-08-31", 
        "operating_revenue": 425673, 
        "accumulated_operating_revenue": 3086854, 
        "long_term_average": 390551, 
        "short_term_average": 414043
    }, 
    {
        "accumulated_operating_revenue_yoy": 819.9137017371627, 
        "accumulated_operating_revenue": 3532625, 
        "long_term_average": 395697, 
        "date": "2012-09-30", 
        "operating_revenue": 445771, 
        "short_term_average": 435298
    }, 
    {
        "accumulated_operating_revenue_yoy": 381.85911065801076, 
        "accumulated_operating_revenue": 3918300, 
        "long_term_average": 392075, 
        "date": "2012-10-31", 
        "operating_revenue": 385675, 
        "short_term_average": 419039
    }, 
    {
        "accumulated_operating_revenue_yoy": 249.42876483684054, 
        "accumulated_operating_revenue": 4289598, 
        "long_term_average": 388479, 
        "date": "2012-11-30", 
        "operating_revenue": 371298, 
        "short_term_average": 400914
    }, 
    {
        "accumulated_operating_revenue_yoy": 190.57972962245034, 
        "accumulated_operating_revenue": 4648587, 
        "long_term_average": 387382, 
        "date": "2012-12-31", 
        "operating_revenue": 358989, 
        "short_term_average": 371987
    }, 
    {
        "accumulated_operating_revenue_yoy": 21.092939768647785, 
        "accumulated_operating_revenue": 394654, 
        "long_term_average": 393110, 
        "date": "2013-01-31", 
        "operating_revenue": 394654, 
        "short_term_average": 374980
    }, 
    {
        "accumulated_operating_revenue_yoy": -7.591230189231727, 
        "accumulated_operating_revenue": 605928, 
        "long_term_average": 383234, 
        "date": "2013-02-28", 
        "operating_revenue": 211274, 
        "short_term_average": 321639
    }, 
    {
        "accumulated_operating_revenue_yoy": -10.136797187569934, 
        "accumulated_operating_revenue": 951663, 
        "long_term_average": 378436, 
        "date": "2013-03-31", 
        "operating_revenue": 345735, 
        "short_term_average": 317221
    }, 
    {
        "accumulated_operating_revenue_yoy": -12.531607897510233, 
        "accumulated_operating_revenue": 1249088, 
        "long_term_average": 372469, 
        "date": "2013-04-30", 
        "operating_revenue": 297425, 
        "short_term_average": 284811
    }, 
    {
        "accumulated_operating_revenue_yoy": -12.29880459082226, 
        "accumulated_operating_revenue": 1617845, 
        "long_term_average": 368475, 
        "date": "2013-05-31", 
        "operating_revenue": 368757, 
        "short_term_average": 337305
    }, 
    {
        "accumulated_operating_revenue_yoy": -9.728350418932884, 
        "accumulated_operating_revenue": 2010105, 
        "long_term_average": 369330, 
        "date": "2013-06-30", 
        "operating_revenue": 392260, 
        "short_term_average": 352814
    }, 
    {
        "accumulated_operating_revenue_yoy": -7.688879486213077, 
        "accumulated_operating_revenue": 2456566, 
        "long_term_average": 370331, 
        "date": "2013-07-31", 
        "operating_revenue": 446461, 
        "short_term_average": 402492
    }, 
    {
        "accumulated_operating_revenue_yoy": -6.421489322138332, 
        "accumulated_operating_revenue": 2888632, 
        "long_term_average": 370863, 
        "date": "2013-08-31", 
        "operating_revenue": 432066, 
        "short_term_average": 423595
    }, 
    {
        "accumulated_operating_revenue_yoy": -6.932946463324015, 
        "accumulated_operating_revenue": 3287710, 
        "long_term_average": 366972, 
        "date": "2013-09-30", 
        "operating_revenue": 399078, 
        "short_term_average": 425868
    }, 
    {
        "accumulated_operating_revenue_yoy": -7.1409795064186, 
        "accumulated_operating_revenue": 3638495, 
        "long_term_average": 364065, 
        "date": "2013-10-31", 
        "operating_revenue": 350785, 
        "short_term_average": 393976
    }, 
    {
        "accumulated_operating_revenue_yoy": -7.2754369989915135, 
        "accumulated_operating_revenue": 3977511, 
        "long_term_average": 361375, 
        "date": "2013-11-30", 
        "operating_revenue": 339016, 
        "short_term_average": 362959
    }, 
    {
        "accumulated_operating_revenue_yoy": -6.178329027723908, 
        "accumulated_operating_revenue": 4361382, 
        "long_term_average": 363448, 
        "date": "2013-12-31", 
        "operating_revenue": 383871, 
        "short_term_average": 357890
    }, 
    {
        "accumulated_operating_revenue_yoy": -6.418026929918359, 
        "accumulated_operating_revenue": 369325, 
        "long_term_average": 361337, 
        "date": "2014-01-31", 
        "operating_revenue": 369325, 
        "short_term_average": 364070
    }, 
    {
        "accumulated_operating_revenue_yoy": -0.11602038526029494, 
        "accumulated_operating_revenue": 605225, 
        "long_term_average": 363389, 
        "date": "2014-02-28", 
        "operating_revenue": 235900, 
        "short_term_average": 329698
    }, 
    {
        "accumulated_operating_revenue_yoy": 4.45788057327016, 
        "accumulated_operating_revenue": 994087, 
        "long_term_average": 366983, 
        "date": "2014-03-31", 
        "operating_revenue": 388862, 
        "short_term_average": 331362
    }, 
    {
        "accumulated_operating_revenue_yoy": 10.048531408515652, 
        "accumulated_operating_revenue": 1374603, 
        "long_term_average": 373908, 
        "date": "2014-04-30", 
        "operating_revenue": 380516, 
        "short_term_average": 335092
    }, 
    {
        "accumulated_operating_revenue_yoy": 4.572564120790311, 
        "accumulated_operating_revenue": 1691822, 
        "long_term_average": 369613, 
        "date": "2014-05-31", 
        "operating_revenue": 317219, 
        "short_term_average": 362199
    }, 
    {
        "accumulated_operating_revenue_yoy": -1.0427315985980832, 
        "accumulated_operating_revenue": 1989145, 
        "long_term_average": 361701, 
        "date": "2014-06-30", 
        "operating_revenue": 297323, 
        "short_term_average": 331686
    }, 
    {
        "accumulated_operating_revenue_yoy": -6.802137618122208, 
        "accumulated_operating_revenue": 2289467, 
        "long_term_average": 349523, 
        "date": "2014-07-31", 
        "operating_revenue": 300322, 
        "short_term_average": 304954
    }, 
    {
        "accumulated_operating_revenue_yoy": -9.947719197183996, 
        "accumulated_operating_revenue": 2601279, 
        "long_term_average": 339502, 
        "date": "2014-08-31", 
        "operating_revenue": 311812, 
        "short_term_average": 303152
    }, 
    {
        "accumulated_operating_revenue_yoy": -9.279437663297553, 
        "accumulated_operating_revenue": 2982629, 
        "long_term_average": 338025, 
        "date": "2014-09-30", 
        "operating_revenue": 381350, 
        "short_term_average": 331161
    }, 
    {
        "accumulated_operating_revenue_yoy": -7.310275264910354, 
        "accumulated_operating_revenue": 3372511, 
        "long_term_average": 341283, 
        "date": "2014-10-31", 
        "operating_revenue": 389882, 
        "short_term_average": 361014
    }, 
    {
        "accumulated_operating_revenue_yoy": -4.484839891077611, 
        "accumulated_operating_revenue": 3799126, 
        "long_term_average": 348583, 
        "date": "2014-11-30", 
        "operating_revenue": 426615, 
        "short_term_average": 399282
    }, 
    {
        "accumulated_operating_revenue_yoy": -2.9014656363510465, 
        "accumulated_operating_revenue": 4234838, 
        "long_term_average": 352903, 
        "date": "2014-12-31", 
        "operating_revenue": 435712, 
        "short_term_average": 417403
    }, 
    {
        "accumulated_operating_revenue_yoy": 17.7494077032424, 
        "accumulated_operating_revenue": 434878, 
        "long_term_average": 358365, 
        "date": "2015-01-31", 
        "operating_revenue": 434878, 
        "short_term_average": 432401
    }, 
    {
        "accumulated_operating_revenue_yoy": 18.207443512743197, 
        "accumulated_operating_revenue": 715421, 
        "long_term_average": 362086, 
        "date": "2015-02-28", 
        "operating_revenue": 280543, 
        "short_term_average": 383711
    }, 
    {
        "accumulated_operating_revenue_yoy": 4.872511158480092, 
        "accumulated_operating_revenue": 1042524, 
        "long_term_average": 356939, 
        "date": "2015-03-31", 
        "operating_revenue": 327103, 
        "short_term_average": 347508
    }, 
    {
        "accumulated_operating_revenue_yoy": 0.3451178267470681, 
        "accumulated_operating_revenue": 1379347, 
        "long_term_average": 353298, 
        "date": "2015-04-30", 
        "operating_revenue": 336823, 
        "short_term_average": 314823
    }, 
    {
        "accumulated_operating_revenue_yoy": 0.352342031253879, 
        "accumulated_operating_revenue": 1697783, 
        "long_term_average": 353399, 
        "date": "2015-05-31", 
        "operating_revenue": 318436, 
        "short_term_average": 327454
    }, 
    {
        "accumulated_operating_revenue_yoy": -0.012920123972862713, 
        "accumulated_operating_revenue": 1988888, 
        "long_term_average": 352881, 
        "date": "2015-06-30", 
        "operating_revenue": 291105, 
        "short_term_average": 315454
    }, 
    {
        "accumulated_operating_revenue_yoy": 5.135431085051674, 
        "accumulated_operating_revenue": 2407041, 
        "long_term_average": 362701, 
        "date": "2015-07-31", 
        "operating_revenue": 418153, 
        "short_term_average": 342564
    }, 
    {
        "accumulated_operating_revenue_yoy": 9.391726147022291, 
        "accumulated_operating_revenue": 2845584, 
        "long_term_average": 373261, 
        "date": "2015-08-31", 
        "operating_revenue": 438543, 
        "short_term_average": 382600
    }
]