[
    {
        "date": "2011-09-30", 
        "operating_revenue": 75337, 
        "accumulated_operating_revenue": 75337, 
        "long_term_average": 75337, 
        "short_term_average": 75337
    }, 
    {
        "date": "2011-10-31", 
        "operating_revenue": 106578, 
        "accumulated_operating_revenue": 181915, 
        "long_term_average": 90957, 
        "short_term_average": 90957
    }, 
    {
        "date": "2011-11-30", 
        "operating_revenue": 86299, 
        "accumulated_operating_revenue": 268214, 
        "long_term_average": 89404, 
        "short_term_average": 89404
    }, 
    {
        "date": "2011-12-31", 
        "operating_revenue": 79620, 
        "accumulated_operating_revenue": 347834, 
        "long_term_average": 86958, 
        "short_term_average": 90832
    }, 
    {
        "date": "2012-01-31", 
        "operating_revenue": 59542, 
        "accumulated_operating_revenue": 59542, 
        "long_term_average": 81475, 
        "short_term_average": 75153
    }, 
    {
        "date": "2012-02-29", 
        "operating_revenue": 76373, 
        "accumulated_operating_revenue": 135915, 
        "long_term_average": 80624, 
        "short_term_average": 71845
    }, 
    {
        "date": "2012-03-31", 
        "operating_revenue": 85972, 
        "accumulated_operating_revenue": 221887, 
        "long_term_average": 81388, 
        "short_term_average": 73962
    }, 
    {
        "date": "2012-04-30", 
        "operating_revenue": 85972, 
        "accumulated_operating_revenue": 307859, 
        "long_term_average": 81961, 
        "short_term_average": 82772
    }, 
    {
        "date": "2012-05-31", 
        "operating_revenue": 67769, 
        "accumulated_operating_revenue": 375628, 
        "long_term_average": 80384, 
        "short_term_average": 79904
    }, 
    {
        "date": "2012-06-30", 
        "operating_revenue": 65071, 
        "accumulated_operating_revenue": 440699, 
        "long_term_average": 78853, 
        "short_term_average": 72937
    }, 
    {
        "date": "2012-07-31", 
        "operating_revenue": 95397, 
        "accumulated_operating_revenue": 536096, 
        "long_term_average": 80357, 
        "short_term_average": 76079
    }, 
    {
        "date": "2012-08-31", 
        "operating_revenue": 100364, 
        "accumulated_operating_revenue": 636460, 
        "long_term_average": 82024, 
        "short_term_average": 86944
    }, 
    {
        "accumulated_operating_revenue_yoy": 915.305892191088, 
        "accumulated_operating_revenue": 764901, 
        "long_term_average": 86449, 
        "date": "2012-09-30", 
        "operating_revenue": 128441, 
        "short_term_average": 108067
    }, 
    {
        "accumulated_operating_revenue_yoy": 384.4636231206882, 
        "accumulated_operating_revenue": 881312, 
        "long_term_average": 87269, 
        "date": "2012-10-31", 
        "operating_revenue": 116411, 
        "short_term_average": 115072
    }, 
    {
        "accumulated_operating_revenue_yoy": 277.1980582669063, 
        "accumulated_operating_revenue": 1011698, 
        "long_term_average": 90943, 
        "date": "2012-11-30", 
        "operating_revenue": 130386, 
        "short_term_average": 125079
    }, 
    {
        "accumulated_operating_revenue_yoy": 227.97483857242247, 
        "accumulated_operating_revenue": 1140808, 
        "long_term_average": 95067, 
        "date": "2012-12-31", 
        "operating_revenue": 129110, 
        "short_term_average": 125302
    }, 
    {
        "accumulated_operating_revenue_yoy": 95.50401397332975, 
        "accumulated_operating_revenue": 116407, 
        "long_term_average": 99806, 
        "date": "2013-01-31", 
        "operating_revenue": 116407, 
        "short_term_average": 125301
    }, 
    {
        "accumulated_operating_revenue_yoy": 41.42662693595261, 
        "accumulated_operating_revenue": 192220, 
        "long_term_average": 99759, 
        "date": "2013-02-28", 
        "operating_revenue": 75813, 
        "short_term_average": 107110
    }, 
    {
        "accumulated_operating_revenue_yoy": 36.539319563561634, 
        "accumulated_operating_revenue": 302963, 
        "long_term_average": 101823, 
        "date": "2013-03-31", 
        "operating_revenue": 110743, 
        "short_term_average": 100987
    }, 
    {
        "accumulated_operating_revenue_yoy": 52.29309521566691, 
        "accumulated_operating_revenue": 468848, 
        "long_term_average": 108483, 
        "date": "2013-04-30", 
        "operating_revenue": 165885, 
        "short_term_average": 117480
    }, 
    {
        "accumulated_operating_revenue_yoy": 55.138860787800695, 
        "accumulated_operating_revenue": 582745, 
        "long_term_average": 112327, 
        "date": "2013-05-31", 
        "operating_revenue": 113897, 
        "short_term_average": 130175
    }, 
    {
        "accumulated_operating_revenue_yoy": 60.674746255380654, 
        "accumulated_operating_revenue": 708092, 
        "long_term_average": 117350, 
        "date": "2013-06-30", 
        "operating_revenue": 125347, 
        "short_term_average": 135043
    }, 
    {
        "accumulated_operating_revenue_yoy": 52.82225571539426, 
        "accumulated_operating_revenue": 819274, 
        "long_term_average": 118665, 
        "date": "2013-07-31", 
        "operating_revenue": 111182, 
        "short_term_average": 116808
    }, 
    {
        "accumulated_operating_revenue_yoy": 45.77773937089526, 
        "accumulated_operating_revenue": 927817, 
        "long_term_average": 119347, 
        "date": "2013-08-31", 
        "operating_revenue": 108543, 
        "short_term_average": 115024
    }, 
    {
        "accumulated_operating_revenue_yoy": 42.06034506426322, 
        "accumulated_operating_revenue": 1086621, 
        "long_term_average": 121877, 
        "date": "2013-09-30", 
        "operating_revenue": 158804, 
        "short_term_average": 126176
    }, 
    {
        "accumulated_operating_revenue_yoy": 35.64242856105443, 
        "accumulated_operating_revenue": 1195433, 
        "long_term_average": 121244, 
        "date": "2013-10-31", 
        "operating_revenue": 108812, 
        "short_term_average": 125386
    }, 
    {
        "accumulated_operating_revenue_yoy": 31.036929992942557, 
        "accumulated_operating_revenue": 1325698, 
        "long_term_average": 121234, 
        "date": "2013-11-30", 
        "operating_revenue": 130265, 
        "short_term_average": 132627
    }, 
    {
        "accumulated_operating_revenue_yoy": 26.100185131941572, 
        "accumulated_operating_revenue": 1438561, 
        "long_term_average": 119880, 
        "date": "2013-12-31", 
        "operating_revenue": 112863, 
        "short_term_average": 117313
    }, 
    {
        "accumulated_operating_revenue_yoy": -10.8129236214317, 
        "accumulated_operating_revenue": 103820, 
        "long_term_average": 118831, 
        "date": "2014-01-31", 
        "operating_revenue": 103820, 
        "short_term_average": 115649
    }, 
    {
        "accumulated_operating_revenue_yoy": 3.330558734783061, 
        "accumulated_operating_revenue": 198622, 
        "long_term_average": 120413, 
        "date": "2014-02-28", 
        "operating_revenue": 94802, 
        "short_term_average": 103828
    }, 
    {
        "accumulated_operating_revenue_yoy": 11.21556097609279, 
        "accumulated_operating_revenue": 336942, 
        "long_term_average": 122711, 
        "date": "2014-03-31", 
        "operating_revenue": 138320, 
        "short_term_average": 112314
    }, 
    {
        "accumulated_operating_revenue_yoy": 3.238576254990957, 
        "accumulated_operating_revenue": 484032, 
        "long_term_average": 121145, 
        "date": "2014-04-30", 
        "operating_revenue": 147090, 
        "short_term_average": 126737
    }, 
    {
        "accumulated_operating_revenue_yoy": 6.1641026521034075, 
        "accumulated_operating_revenue": 618666, 
        "long_term_average": 122873, 
        "date": "2014-05-31", 
        "operating_revenue": 134634, 
        "short_term_average": 140014
    }, 
    {
        "accumulated_operating_revenue_yoy": 6.504804460437344, 
        "accumulated_operating_revenue": 754152, 
        "long_term_average": 123718, 
        "date": "2014-06-30", 
        "operating_revenue": 135486, 
        "short_term_average": 139070
    }, 
    {
        "accumulated_operating_revenue_yoy": 3.938975239053113, 
        "accumulated_operating_revenue": 851545, 
        "long_term_average": 122569, 
        "date": "2014-07-31", 
        "operating_revenue": 97393, 
        "short_term_average": 122504
    }, 
    {
        "accumulated_operating_revenue_yoy": 1.7655421273807228, 
        "accumulated_operating_revenue": 944198, 
        "long_term_average": 121245, 
        "date": "2014-08-31", 
        "operating_revenue": 92653, 
        "short_term_average": 108510
    }, 
    {
        "accumulated_operating_revenue_yoy": -2.767202179968913, 
        "accumulated_operating_revenue": 1056552, 
        "long_term_average": 117374, 
        "date": "2014-09-30", 
        "operating_revenue": 112354, 
        "short_term_average": 100800
    }, 
    {
        "accumulated_operating_revenue_yoy": -4.237376749679823, 
        "accumulated_operating_revenue": 1144778, 
        "long_term_average": 115658, 
        "date": "2014-10-31", 
        "operating_revenue": 88226, 
        "short_term_average": 97744
    }, 
    {
        "accumulated_operating_revenue_yoy": -5.497255030934648, 
        "accumulated_operating_revenue": 1252821, 
        "long_term_average": 113807, 
        "date": "2014-11-30", 
        "operating_revenue": 108043, 
        "short_term_average": 102874
    }, 
    {
        "accumulated_operating_revenue_yoy": -5.866695955194114, 
        "accumulated_operating_revenue": 1354165, 
        "long_term_average": 112847, 
        "date": "2014-12-31", 
        "operating_revenue": 101344, 
        "short_term_average": 99204
    }, 
    {
        "accumulated_operating_revenue_yoy": 13.161240608745906, 
        "accumulated_operating_revenue": 117484, 
        "long_term_average": 113985, 
        "date": "2015-01-31", 
        "operating_revenue": 117484, 
        "short_term_average": 108957
    }, 
    {
        "accumulated_operating_revenue_yoy": 10.327154091691757, 
        "accumulated_operating_revenue": 219134, 
        "long_term_average": 114556, 
        "date": "2015-02-28", 
        "operating_revenue": 101650, 
        "short_term_average": 106826
    }, 
    {
        "accumulated_operating_revenue_yoy": -6.645060574223457, 
        "accumulated_operating_revenue": 314552, 
        "long_term_average": 110981, 
        "date": "2015-03-31", 
        "operating_revenue": 95418, 
        "short_term_average": 104850
    }, 
    {
        "accumulated_operating_revenue_yoy": -5.095737471902684, 
        "accumulated_operating_revenue": 459367, 
        "long_term_average": 110791, 
        "date": "2015-04-30", 
        "operating_revenue": 144815, 
        "short_term_average": 113961
    }, 
    {
        "accumulated_operating_revenue_yoy": -12.322642589054514, 
        "accumulated_operating_revenue": 542430, 
        "long_term_average": 106494, 
        "date": "2015-05-31", 
        "operating_revenue": 83063, 
        "short_term_average": 107765
    }, 
    {
        "accumulated_operating_revenue_yoy": -14.577300066830029, 
        "accumulated_operating_revenue": 644217, 
        "long_term_average": 103685, 
        "date": "2015-06-30", 
        "operating_revenue": 101787, 
        "short_term_average": 109888
    }, 
    {
        "accumulated_operating_revenue_yoy": -15.325085579740355, 
        "accumulated_operating_revenue": 721045, 
        "long_term_average": 101972, 
        "date": "2015-07-31", 
        "operating_revenue": 76828, 
        "short_term_average": 87226
    }, 
    {
        "accumulated_operating_revenue_yoy": -13.91466620348698, 
        "accumulated_operating_revenue": 812816, 
        "long_term_average": 101898, 
        "date": "2015-08-31", 
        "operating_revenue": 91771, 
        "short_term_average": 90128
    }, 
    {
        "accumulated_operating_revenue_yoy": -10.076740188840681, 
        "accumulated_operating_revenue": 950086, 
        "long_term_average": 103974, 
        "date": "2015-09-30", 
        "operating_revenue": 137270, 
        "short_term_average": 101956
    }
]