[
    {
        "date": "2011-09-30", 
        "operating_revenue": 101117, 
        "accumulated_operating_revenue": 101117, 
        "long_term_average": 101117, 
        "short_term_average": 101117
    }, 
    {
        "date": "2011-10-31", 
        "operating_revenue": 100345, 
        "accumulated_operating_revenue": 201462, 
        "long_term_average": 100731, 
        "short_term_average": 100731
    }, 
    {
        "date": "2011-11-30", 
        "operating_revenue": 97983, 
        "accumulated_operating_revenue": 299445, 
        "long_term_average": 99815, 
        "short_term_average": 99815
    }, 
    {
        "date": "2011-12-31", 
        "operating_revenue": 85952, 
        "accumulated_operating_revenue": 385397, 
        "long_term_average": 96349, 
        "short_term_average": 94760
    }, 
    {
        "date": "2012-01-31", 
        "operating_revenue": 86750, 
        "accumulated_operating_revenue": 86750, 
        "long_term_average": 94429, 
        "short_term_average": 90228
    }, 
    {
        "date": "2012-02-29", 
        "operating_revenue": 93219, 
        "accumulated_operating_revenue": 179969, 
        "long_term_average": 94227, 
        "short_term_average": 88640
    }, 
    {
        "date": "2012-03-31", 
        "operating_revenue": 105846, 
        "accumulated_operating_revenue": 285815, 
        "long_term_average": 95887, 
        "short_term_average": 95271
    }, 
    {
        "date": "2012-04-30", 
        "operating_revenue": 100061, 
        "accumulated_operating_revenue": 385876, 
        "long_term_average": 96409, 
        "short_term_average": 99708
    }, 
    {
        "date": "2012-05-31", 
        "operating_revenue": 97364, 
        "accumulated_operating_revenue": 483240, 
        "long_term_average": 96515, 
        "short_term_average": 101090
    }, 
    {
        "date": "2012-06-30", 
        "operating_revenue": 84267, 
        "accumulated_operating_revenue": 567507, 
        "long_term_average": 95290, 
        "short_term_average": 93897
    }, 
    {
        "date": "2012-07-31", 
        "operating_revenue": 85260, 
        "accumulated_operating_revenue": 652767, 
        "long_term_average": 94378, 
        "short_term_average": 88963
    }, 
    {
        "date": "2012-08-31", 
        "operating_revenue": 112926, 
        "accumulated_operating_revenue": 765693, 
        "long_term_average": 95924, 
        "short_term_average": 94151
    }, 
    {
        "accumulated_operating_revenue_yoy": 729.8565028630201, 
        "accumulated_operating_revenue": 839126, 
        "long_term_average": 93617, 
        "date": "2012-09-30", 
        "operating_revenue": 73433, 
        "short_term_average": 90539
    }, 
    {
        "accumulated_operating_revenue_yoy": 358.930716462658, 
        "accumulated_operating_revenue": 924571, 
        "long_term_average": 92375, 
        "date": "2012-10-31", 
        "operating_revenue": 85445, 
        "short_term_average": 90601
    }, 
    {
        "accumulated_operating_revenue_yoy": 239.99565863514167, 
        "accumulated_operating_revenue": 1018100, 
        "long_term_average": 92004, 
        "date": "2012-11-30", 
        "operating_revenue": 93529, 
        "short_term_average": 84135
    }, 
    {
        "accumulated_operating_revenue_yoy": 183.5631828997112, 
        "accumulated_operating_revenue": 1092844, 
        "long_term_average": 91070, 
        "date": "2012-12-31", 
        "operating_revenue": 74744, 
        "short_term_average": 84572
    }, 
    {
        "accumulated_operating_revenue_yoy": 23.09048991354467, 
        "accumulated_operating_revenue": 106781, 
        "long_term_average": 92739, 
        "date": "2013-01-31", 
        "operating_revenue": 106781, 
        "short_term_average": 91684
    }, 
    {
        "accumulated_operating_revenue_yoy": 0.47563747089776576, 
        "accumulated_operating_revenue": 180825, 
        "long_term_average": 91141, 
        "date": "2013-02-28", 
        "operating_revenue": 74044, 
        "short_term_average": 85189
    }, 
    {
        "accumulated_operating_revenue_yoy": -4.725784161083218, 
        "accumulated_operating_revenue": 272308, 
        "long_term_average": 89944, 
        "date": "2013-03-31", 
        "operating_revenue": 91483, 
        "short_term_average": 90769
    }, 
    {
        "accumulated_operating_revenue_yoy": 0.2562999512796857, 
        "accumulated_operating_revenue": 386865, 
        "long_term_average": 91152, 
        "date": "2013-04-30", 
        "operating_revenue": 114557, 
        "short_term_average": 93361
    }, 
    {
        "accumulated_operating_revenue_yoy": 3.896407582153795, 
        "accumulated_operating_revenue": 502069, 
        "long_term_average": 92639, 
        "date": "2013-05-31", 
        "operating_revenue": 115204, 
        "short_term_average": 107081
    }, 
    {
        "accumulated_operating_revenue_yoy": 3.3127344684735167, 
        "accumulated_operating_revenue": 586307, 
        "long_term_average": 92637, 
        "date": "2013-06-30", 
        "operating_revenue": 84238, 
        "short_term_average": 104666
    }, 
    {
        "accumulated_operating_revenue_yoy": 4.746103893119598, 
        "accumulated_operating_revenue": 683748, 
        "long_term_average": 93652, 
        "date": "2013-07-31", 
        "operating_revenue": 97441, 
        "short_term_average": 98961
    }, 
    {
        "accumulated_operating_revenue_yoy": 2.4018764700735153, 
        "accumulated_operating_revenue": 784084, 
        "long_term_average": 92602, 
        "date": "2013-08-31", 
        "operating_revenue": 100336, 
        "short_term_average": 94005
    }, 
    {
        "accumulated_operating_revenue_yoy": 4.071259858471791, 
        "accumulated_operating_revenue": 873289, 
        "long_term_average": 93917, 
        "date": "2013-09-30", 
        "operating_revenue": 89205, 
        "short_term_average": 95660
    }, 
    {
        "accumulated_operating_revenue_yoy": 4.052149591540292, 
        "accumulated_operating_revenue": 962036, 
        "long_term_average": 94192, 
        "date": "2013-10-31", 
        "operating_revenue": 88747, 
        "short_term_average": 92762
    }, 
    {
        "accumulated_operating_revenue_yoy": 3.053531087319517, 
        "accumulated_operating_revenue": 1049188, 
        "long_term_average": 93661, 
        "date": "2013-11-30", 
        "operating_revenue": 87152, 
        "short_term_average": 88368
    }, 
    {
        "accumulated_operating_revenue_yoy": 3.777117319580837, 
        "accumulated_operating_revenue": 1134122, 
        "long_term_average": 94510, 
        "date": "2013-12-31", 
        "operating_revenue": 84934, 
        "short_term_average": 86944
    }, 
    {
        "accumulated_operating_revenue_yoy": -1.754993865949935, 
        "accumulated_operating_revenue": 104907, 
        "long_term_average": 94354, 
        "date": "2014-01-31", 
        "operating_revenue": 104907, 
        "short_term_average": 92331
    }, 
    {
        "accumulated_operating_revenue_yoy": 4.122217613714918, 
        "accumulated_operating_revenue": 188279, 
        "long_term_average": 95131, 
        "date": "2014-02-28", 
        "operating_revenue": 83372, 
        "short_term_average": 91071
    }, 
    {
        "accumulated_operating_revenue_yoy": 4.605079542283003, 
        "accumulated_operating_revenue": 284848, 
        "long_term_average": 95555, 
        "date": "2014-03-31", 
        "operating_revenue": 96569, 
        "short_term_average": 94949
    }, 
    {
        "accumulated_operating_revenue_yoy": 2.161219029894149, 
        "accumulated_operating_revenue": 395226, 
        "long_term_average": 95206, 
        "date": "2014-04-30", 
        "operating_revenue": 110378, 
        "short_term_average": 96773
    }, 
    {
        "accumulated_operating_revenue_yoy": 0.9247732881337027, 
        "accumulated_operating_revenue": 506712, 
        "long_term_average": 94897, 
        "date": "2014-05-31", 
        "operating_revenue": 111486, 
        "short_term_average": 106144
    }, 
    {
        "accumulated_operating_revenue_yoy": 3.0675055900748243, 
        "accumulated_operating_revenue": 604292, 
        "long_term_average": 96008, 
        "date": "2014-06-30", 
        "operating_revenue": 97580, 
        "short_term_average": 106481
    }, 
    {
        "accumulated_operating_revenue_yoy": 4.223047087523474, 
        "accumulated_operating_revenue": 712623, 
        "long_term_average": 96916, 
        "date": "2014-07-31", 
        "operating_revenue": 108331, 
        "short_term_average": 105799
    }, 
    {
        "accumulated_operating_revenue_yoy": 2.5962779498115, 
        "accumulated_operating_revenue": 804441, 
        "long_term_average": 96206, 
        "date": "2014-08-31", 
        "operating_revenue": 91818, 
        "short_term_average": 99243
    }, 
    {
        "accumulated_operating_revenue_yoy": 3.7209904166890913, 
        "accumulated_operating_revenue": 905784, 
        "long_term_average": 97218, 
        "date": "2014-09-30", 
        "operating_revenue": 101343, 
        "short_term_average": 100497
    }, 
    {
        "accumulated_operating_revenue_yoy": 3.8116037237691724, 
        "accumulated_operating_revenue": 998705, 
        "long_term_average": 97565, 
        "date": "2014-10-31", 
        "operating_revenue": 92921, 
        "short_term_average": 95360
    }, 
    {
        "accumulated_operating_revenue_yoy": 3.3695581726058625, 
        "accumulated_operating_revenue": 1084541, 
        "long_term_average": 97456, 
        "date": "2014-11-30", 
        "operating_revenue": 85836, 
        "short_term_average": 93366
    }, 
    {
        "accumulated_operating_revenue_yoy": 3.4675281847984607, 
        "accumulated_operating_revenue": 1173448, 
        "long_term_average": 97787, 
        "date": "2014-12-31", 
        "operating_revenue": 88907, 
        "short_term_average": 89221
    }, 
    {
        "accumulated_operating_revenue_yoy": 3.1551755364275027, 
        "accumulated_operating_revenue": 108217, 
        "long_term_average": 98063, 
        "date": "2015-01-31", 
        "operating_revenue": 108217, 
        "short_term_average": 94320
    }, 
    {
        "accumulated_operating_revenue_yoy": -6.106363428741389, 
        "accumulated_operating_revenue": 176782, 
        "long_term_average": 96829, 
        "date": "2015-02-28", 
        "operating_revenue": 68565, 
        "short_term_average": 88563
    }, 
    {
        "accumulated_operating_revenue_yoy": 4.2376987024658765, 
        "accumulated_operating_revenue": 296919, 
        "long_term_average": 98793, 
        "date": "2015-03-31", 
        "operating_revenue": 120137, 
        "short_term_average": 98973
    }, 
    {
        "accumulated_operating_revenue_yoy": 0.3823129045153912, 
        "accumulated_operating_revenue": 396737, 
        "long_term_average": 97913, 
        "date": "2015-04-30", 
        "operating_revenue": 99818, 
        "short_term_average": 96173
    }, 
    {
        "accumulated_operating_revenue_yoy": -2.1888173163453795, 
        "accumulated_operating_revenue": 495621, 
        "long_term_average": 96863, 
        "date": "2015-05-31", 
        "operating_revenue": 98884, 
        "short_term_average": 106279
    }, 
    {
        "accumulated_operating_revenue_yoy": -2.562171930126495, 
        "accumulated_operating_revenue": 588809, 
        "long_term_average": 96497, 
        "date": "2015-06-30", 
        "operating_revenue": 93188, 
        "short_term_average": 97296
    }, 
    {
        "accumulated_operating_revenue_yoy": -2.8389485043283758, 
        "accumulated_operating_revenue": 692392, 
        "long_term_average": 96101, 
        "date": "2015-07-31", 
        "operating_revenue": 103583, 
        "short_term_average": 98551
    }, 
    {
        "accumulated_operating_revenue_yoy": -2.94850709996134, 
        "accumulated_operating_revenue": 780722, 
        "long_term_average": 95810, 
        "date": "2015-08-31", 
        "operating_revenue": 88330, 
        "short_term_average": 95033
    }
]