[
    {
        "date": "2012-01-31", 
        "operating_revenue": 236925, 
        "accumulated_operating_revenue": 236925, 
        "long_term_average": 236925, 
        "short_term_average": 236925
    }, 
    {
        "date": "2012-02-29", 
        "operating_revenue": 187257, 
        "accumulated_operating_revenue": 424182, 
        "long_term_average": 212091, 
        "short_term_average": 212091
    }, 
    {
        "date": "2012-03-31", 
        "operating_revenue": 226831, 
        "accumulated_operating_revenue": 651013, 
        "long_term_average": 217004, 
        "short_term_average": 217004
    }, 
    {
        "date": "2012-04-30", 
        "operating_revenue": 263956, 
        "accumulated_operating_revenue": 914969, 
        "long_term_average": 228742, 
        "short_term_average": 226014
    }, 
    {
        "date": "2012-05-31", 
        "operating_revenue": 271523, 
        "accumulated_operating_revenue": 1186492, 
        "long_term_average": 237298, 
        "short_term_average": 254103
    }, 
    {
        "date": "2012-06-30", 
        "operating_revenue": 243807, 
        "accumulated_operating_revenue": 1430299, 
        "long_term_average": 238383, 
        "short_term_average": 259762
    }, 
    {
        "date": "2012-07-31", 
        "operating_revenue": 258646, 
        "accumulated_operating_revenue": 1688945, 
        "long_term_average": 241277, 
        "short_term_average": 257992
    }, 
    {
        "date": "2012-08-31", 
        "operating_revenue": 251671, 
        "accumulated_operating_revenue": 1940616, 
        "long_term_average": 242577, 
        "short_term_average": 251374
    }, 
    {
        "date": "2012-09-30", 
        "operating_revenue": 256642, 
        "accumulated_operating_revenue": 2197258, 
        "long_term_average": 244139, 
        "short_term_average": 255653
    }, 
    {
        "date": "2012-10-31", 
        "operating_revenue": 222596, 
        "accumulated_operating_revenue": 2419854, 
        "long_term_average": 241985, 
        "short_term_average": 243636
    }, 
    {
        "date": "2012-11-30", 
        "operating_revenue": 247768, 
        "accumulated_operating_revenue": 2667622, 
        "long_term_average": 242511, 
        "short_term_average": 242335
    }, 
    {
        "date": "2012-12-31", 
        "operating_revenue": 226188, 
        "accumulated_operating_revenue": 2893810, 
        "long_term_average": 241150, 
        "short_term_average": 232184
    }, 
    {
        "accumulated_operating_revenue_yoy": -5.614012873272133, 
        "accumulated_operating_revenue": 223624, 
        "long_term_average": 240042, 
        "date": "2013-01-31", 
        "operating_revenue": 223624, 
        "short_term_average": 232526
    }, 
    {
        "accumulated_operating_revenue_yoy": -11.105610327642381, 
        "accumulated_operating_revenue": 377074, 
        "long_term_average": 237225, 
        "date": "2013-02-28", 
        "operating_revenue": 153450, 
        "short_term_average": 201087
    }, 
    {
        "accumulated_operating_revenue_yoy": -7.276505999112152, 
        "accumulated_operating_revenue": 603642, 
        "long_term_average": 237203, 
        "date": "2013-03-31", 
        "operating_revenue": 226568, 
        "short_term_average": 201214
    }, 
    {
        "accumulated_operating_revenue_yoy": -7.255874242733906, 
        "accumulated_operating_revenue": 848580, 
        "long_term_average": 235618, 
        "date": "2013-04-30", 
        "operating_revenue": 244938, 
        "short_term_average": 208318
    }, 
    {
        "accumulated_operating_revenue_yoy": -6.916945078432893, 
        "accumulated_operating_revenue": 1104423, 
        "long_term_average": 234311, 
        "date": "2013-05-31", 
        "operating_revenue": 255843, 
        "short_term_average": 242449
    }, 
    {
        "accumulated_operating_revenue_yoy": -6.5865249154197825, 
        "accumulated_operating_revenue": 1336092, 
        "long_term_average": 233300, 
        "date": "2013-06-30", 
        "operating_revenue": 231669, 
        "short_term_average": 244150
    }, 
    {
        "accumulated_operating_revenue_yoy": -8.293046842851602, 
        "accumulated_operating_revenue": 1548880, 
        "long_term_average": 229478, 
        "date": "2013-07-31", 
        "operating_revenue": 212788, 
        "short_term_average": 233433
    }, 
    {
        "accumulated_operating_revenue_yoy": -9.241447045680342, 
        "accumulated_operating_revenue": 1761275, 
        "long_term_average": 226205, 
        "date": "2013-08-31", 
        "operating_revenue": 212395, 
        "short_term_average": 218950
    }, 
    {
        "accumulated_operating_revenue_yoy": -9.31551961581207, 
        "accumulated_operating_revenue": 1992572, 
        "long_term_average": 224093, 
        "date": "2013-09-30", 
        "operating_revenue": 231297, 
        "short_term_average": 218826
    }, 
    {
        "accumulated_operating_revenue_yoy": -7.182871363313654, 
        "accumulated_operating_revenue": 2246039, 
        "long_term_average": 226666, 
        "date": "2013-10-31", 
        "operating_revenue": 253467, 
        "short_term_average": 232386
    }, 
    {
        "accumulated_operating_revenue_yoy": -6.376653064039808, 
        "accumulated_operating_revenue": 2497517, 
        "long_term_average": 226975, 
        "date": "2013-11-30", 
        "operating_revenue": 251478, 
        "short_term_average": 245414
    }, 
    {
        "accumulated_operating_revenue_yoy": -3.1835193049992916, 
        "accumulated_operating_revenue": 2801685, 
        "long_term_average": 233473, 
        "date": "2013-12-31", 
        "operating_revenue": 304168, 
        "short_term_average": 269704
    }, 
    {
        "accumulated_operating_revenue_yoy": -4.5115908846993165, 
        "accumulated_operating_revenue": 213535, 
        "long_term_average": 232633, 
        "date": "2014-01-31", 
        "operating_revenue": 213535, 
        "short_term_average": 256393
    }, 
    {
        "accumulated_operating_revenue_yoy": -4.668049242323788, 
        "accumulated_operating_revenue": 359472, 
        "long_term_average": 232006, 
        "date": "2014-02-28", 
        "operating_revenue": 145937, 
        "short_term_average": 221213
    }, 
    {
        "accumulated_operating_revenue_yoy": -6.553387603910927, 
        "accumulated_operating_revenue": 564083, 
        "long_term_average": 230177, 
        "date": "2014-03-31", 
        "operating_revenue": 204611, 
        "short_term_average": 188027
    }, 
    {
        "accumulated_operating_revenue_yoy": -4.525088972165264, 
        "accumulated_operating_revenue": 810181, 
        "long_term_average": 230273, 
        "date": "2014-04-30", 
        "operating_revenue": 246098, 
        "short_term_average": 198882
    }, 
    {
        "accumulated_operating_revenue_yoy": -5.756399495483162, 
        "accumulated_operating_revenue": 1040848, 
        "long_term_average": 228175, 
        "date": "2014-05-31", 
        "operating_revenue": 230667, 
        "short_term_average": 227125
    }, 
    {
        "accumulated_operating_revenue_yoy": -5.566158617819731, 
        "accumulated_operating_revenue": 1261723, 
        "long_term_average": 227276, 
        "date": "2014-06-30", 
        "operating_revenue": 220875, 
        "short_term_average": 232546
    }, 
    {
        "accumulated_operating_revenue_yoy": -3.808041939982439, 
        "accumulated_operating_revenue": 1489898, 
        "long_term_average": 228558, 
        "date": "2014-07-31", 
        "operating_revenue": 228175, 
        "short_term_average": 226572
    }, 
    {
        "accumulated_operating_revenue_yoy": -2.3503995684944146, 
        "accumulated_operating_revenue": 1719878, 
        "long_term_average": 230024, 
        "date": "2014-08-31", 
        "operating_revenue": 229980, 
        "short_term_average": 226343
    }, 
    {
        "accumulated_operating_revenue_yoy": -2.2651628146937726, 
        "accumulated_operating_revenue": 1947437, 
        "long_term_average": 229712, 
        "date": "2014-09-30", 
        "operating_revenue": 227559, 
        "short_term_average": 228571
    }, 
    {
        "accumulated_operating_revenue_yoy": -3.6283430519238533, 
        "accumulated_operating_revenue": 2164545, 
        "long_term_average": 226682, 
        "date": "2014-10-31", 
        "operating_revenue": 217108, 
        "short_term_average": 224882
    }, 
    {
        "accumulated_operating_revenue_yoy": -4.028641246486011, 
        "accumulated_operating_revenue": 2396901, 
        "long_term_average": 225089, 
        "date": "2014-11-30", 
        "operating_revenue": 232356, 
        "short_term_average": 225674
    }, 
    {
        "accumulated_operating_revenue_yoy": -6.115355580659497, 
        "accumulated_operating_revenue": 2630352, 
        "long_term_average": 219196, 
        "date": "2014-12-31", 
        "operating_revenue": 233451, 
        "short_term_average": 227638
    }, 
    {
        "accumulated_operating_revenue_yoy": -5.075046245346196, 
        "accumulated_operating_revenue": 202698, 
        "long_term_average": 218292, 
        "date": "2015-01-31", 
        "operating_revenue": 202698, 
        "short_term_average": 222835
    }, 
    {
        "accumulated_operating_revenue_yoy": -3.316530912004273, 
        "accumulated_operating_revenue": 347550, 
        "long_term_average": 218202, 
        "date": "2015-02-28", 
        "operating_revenue": 144852, 
        "short_term_average": 193667
    }, 
    {
        "accumulated_operating_revenue_yoy": -0.9115679784712533, 
        "accumulated_operating_revenue": 558941, 
        "long_term_average": 218767, 
        "date": "2015-03-31", 
        "operating_revenue": 211391, 
        "short_term_average": 186313
    }, 
    {
        "accumulated_operating_revenue_yoy": -7.419823471545247, 
        "accumulated_operating_revenue": 750067, 
        "long_term_average": 214186, 
        "date": "2015-04-30", 
        "operating_revenue": 191126, 
        "short_term_average": 182456
    }, 
    {
        "accumulated_operating_revenue_yoy": -9.765306749880866, 
        "accumulated_operating_revenue": 939206, 
        "long_term_average": 210725, 
        "date": "2015-05-31", 
        "operating_revenue": 189139, 
        "short_term_average": 197218
    }, 
    {
        "accumulated_operating_revenue_yoy": -8.880713120074692, 
        "accumulated_operating_revenue": 1149673, 
        "long_term_average": 209858, 
        "date": "2015-06-30", 
        "operating_revenue": 210467, 
        "short_term_average": 196910
    }, 
    {
        "accumulated_operating_revenue_yoy": -10.28204615349507, 
        "accumulated_operating_revenue": 1336706, 
        "long_term_average": 206430, 
        "date": "2015-07-31", 
        "operating_revenue": 187033, 
        "short_term_average": 195546
    }, 
    {
        "accumulated_operating_revenue_yoy": -9.593413021156152, 
        "accumulated_operating_revenue": 1554883, 
        "long_term_average": 205446, 
        "date": "2015-08-31", 
        "operating_revenue": 218177, 
        "short_term_average": 205225
    }
]