[
    {
        "date": "2012-01-31", 
        "operating_revenue": 135661, 
        "accumulated_operating_revenue": 135661, 
        "long_term_average": 135661, 
        "short_term_average": 135661
    }, 
    {
        "date": "2012-02-29", 
        "operating_revenue": 132543, 
        "accumulated_operating_revenue": 268204, 
        "long_term_average": 134102, 
        "short_term_average": 134102
    }, 
    {
        "date": "2012-03-31", 
        "operating_revenue": 173556, 
        "accumulated_operating_revenue": 441760, 
        "long_term_average": 147253, 
        "short_term_average": 147253
    }, 
    {
        "date": "2012-04-30", 
        "operating_revenue": 183497, 
        "accumulated_operating_revenue": 625257, 
        "long_term_average": 156314, 
        "short_term_average": 163198
    }, 
    {
        "date": "2012-05-31", 
        "operating_revenue": 132997, 
        "accumulated_operating_revenue": 758254, 
        "long_term_average": 151650, 
        "short_term_average": 163350
    }, 
    {
        "date": "2012-06-30", 
        "operating_revenue": 138022, 
        "accumulated_operating_revenue": 896276, 
        "long_term_average": 149379, 
        "short_term_average": 151505
    }, 
    {
        "date": "2012-07-31", 
        "operating_revenue": 129163, 
        "accumulated_operating_revenue": 1025439, 
        "long_term_average": 146491, 
        "short_term_average": 133394
    }, 
    {
        "date": "2012-08-31", 
        "operating_revenue": 127932, 
        "accumulated_operating_revenue": 1153371, 
        "long_term_average": 144171, 
        "short_term_average": 131705
    }, 
    {
        "date": "2012-09-30", 
        "operating_revenue": 116668, 
        "accumulated_operating_revenue": 1270039, 
        "long_term_average": 141115, 
        "short_term_average": 124587
    }, 
    {
        "date": "2012-10-31", 
        "operating_revenue": 130799, 
        "accumulated_operating_revenue": 1400838, 
        "long_term_average": 140083, 
        "short_term_average": 125133
    }, 
    {
        "date": "2012-11-30", 
        "operating_revenue": 124687, 
        "accumulated_operating_revenue": 1525525, 
        "long_term_average": 138684, 
        "short_term_average": 124051
    }, 
    {
        "date": "2012-12-31", 
        "operating_revenue": 93862, 
        "accumulated_operating_revenue": 1619387, 
        "long_term_average": 134948, 
        "short_term_average": 116449
    }, 
    {
        "accumulated_operating_revenue_yoy": 12.158984527609261, 
        "accumulated_operating_revenue": 152156, 
        "long_term_average": 136323, 
        "date": "2013-01-31", 
        "operating_revenue": 152156, 
        "short_term_average": 123568
    }, 
    {
        "accumulated_operating_revenue_yoy": -1.024220369569432, 
        "accumulated_operating_revenue": 265457, 
        "long_term_average": 134720, 
        "date": "2013-02-28", 
        "operating_revenue": 113301, 
        "short_term_average": 119773
    }, 
    {
        "accumulated_operating_revenue_yoy": -3.610557768924303, 
        "accumulated_operating_revenue": 425810, 
        "long_term_average": 133619, 
        "date": "2013-03-31", 
        "operating_revenue": 160353, 
        "short_term_average": 141936
    }, 
    {
        "accumulated_operating_revenue_yoy": -4.540532932858008, 
        "accumulated_operating_revenue": 596867, 
        "long_term_average": 132583, 
        "date": "2013-04-30", 
        "operating_revenue": 171057, 
        "short_term_average": 148237
    }, 
    {
        "accumulated_operating_revenue_yoy": 3.993780448240299, 
        "accumulated_operating_revenue": 788537, 
        "long_term_average": 137472, 
        "date": "2013-05-31", 
        "operating_revenue": 191670, 
        "short_term_average": 174360
    }, 
    {
        "accumulated_operating_revenue_yoy": 6.618050689742892, 
        "accumulated_operating_revenue": 955592, 
        "long_term_average": 139891, 
        "date": "2013-06-30", 
        "operating_revenue": 167055, 
        "short_term_average": 176594
    }, 
    {
        "accumulated_operating_revenue_yoy": 9.537768701990075, 
        "accumulated_operating_revenue": 1123243, 
        "long_term_average": 143099, 
        "date": "2013-07-31", 
        "operating_revenue": 167651, 
        "short_term_average": 175458
    }, 
    {
        "accumulated_operating_revenue_yoy": 10.070567059515108, 
        "accumulated_operating_revenue": 1269522, 
        "long_term_average": 144628, 
        "date": "2013-08-31", 
        "operating_revenue": 146279, 
        "short_term_average": 160328
    }, 
    {
        "accumulated_operating_revenue_yoy": 13.9871295290932, 
        "accumulated_operating_revenue": 1447681, 
        "long_term_average": 149752, 
        "date": "2013-09-30", 
        "operating_revenue": 178159, 
        "short_term_average": 164029
    }, 
    {
        "accumulated_operating_revenue_yoy": 14.147817235112125, 
        "accumulated_operating_revenue": 1599026, 
        "long_term_average": 151464, 
        "date": "2013-10-31", 
        "operating_revenue": 151345, 
        "short_term_average": 158594
    }, 
    {
        "accumulated_operating_revenue_yoy": 13.59590960489012, 
        "accumulated_operating_revenue": 1732934, 
        "long_term_average": 152233, 
        "date": "2013-11-30", 
        "operating_revenue": 133908, 
        "short_term_average": 154470
    }, 
    {
        "accumulated_operating_revenue_yoy": 15.031490310839843, 
        "accumulated_operating_revenue": 1862805, 
        "long_term_average": 155233, 
        "date": "2013-12-31", 
        "operating_revenue": 129871, 
        "short_term_average": 138374
    }, 
    {
        "accumulated_operating_revenue_yoy": -17.422908068035436, 
        "accumulated_operating_revenue": 125646, 
        "long_term_average": 153024, 
        "date": "2014-01-31", 
        "operating_revenue": 125646, 
        "short_term_average": 129808
    }, 
    {
        "accumulated_operating_revenue_yoy": 1.4831027247350794, 
        "accumulated_operating_revenue": 269394, 
        "long_term_average": 155561, 
        "date": "2014-02-28", 
        "operating_revenue": 143748, 
        "short_term_average": 133088
    }, 
    {
        "accumulated_operating_revenue_yoy": 5.821140884432023, 
        "accumulated_operating_revenue": 450597, 
        "long_term_average": 157299, 
        "date": "2014-03-31", 
        "operating_revenue": 181203, 
        "short_term_average": 150199
    }, 
    {
        "accumulated_operating_revenue_yoy": 6.051934518075216, 
        "accumulated_operating_revenue": 632989, 
        "long_term_average": 158243, 
        "date": "2014-04-30", 
        "operating_revenue": 182392, 
        "short_term_average": 169114
    }, 
    {
        "accumulated_operating_revenue_yoy": 8.029680281331125, 
        "accumulated_operating_revenue": 851854, 
        "long_term_average": 160510, 
        "date": "2014-05-31", 
        "operating_revenue": 218865, 
        "short_term_average": 194153
    }, 
    {
        "accumulated_operating_revenue_yoy": 7.908605346214702, 
        "accumulated_operating_revenue": 1031166, 
        "long_term_average": 161531, 
        "date": "2014-06-30", 
        "operating_revenue": 179312, 
        "short_term_average": 193523
    }, 
    {
        "accumulated_operating_revenue_yoy": 6.893521704564373, 
        "accumulated_operating_revenue": 1200674, 
        "long_term_average": 161686, 
        "date": "2014-07-31", 
        "operating_revenue": 169508, 
        "short_term_average": 189228
    }, 
    {
        "accumulated_operating_revenue_yoy": 8.979994045002766, 
        "accumulated_operating_revenue": 1383525, 
        "long_term_average": 164734, 
        "date": "2014-08-31", 
        "operating_revenue": 182851, 
        "short_term_average": 177223
    }, 
    {
        "accumulated_operating_revenue_yoy": 7.991056040660892, 
        "accumulated_operating_revenue": 1563366, 
        "long_term_average": 164874, 
        "date": "2014-09-30", 
        "operating_revenue": 179841, 
        "short_term_average": 177400
    }, 
    {
        "accumulated_operating_revenue_yoy": 7.471173076610387, 
        "accumulated_operating_revenue": 1718492, 
        "long_term_average": 165189, 
        "date": "2014-10-31", 
        "operating_revenue": 155126, 
        "short_term_average": 172606
    }, 
    {
        "accumulated_operating_revenue_yoy": 6.9866480777686855, 
        "accumulated_operating_revenue": 1854008, 
        "long_term_average": 165323, 
        "date": "2014-11-30", 
        "operating_revenue": 135516, 
        "short_term_average": 156827
    }, 
    {
        "accumulated_operating_revenue_yoy": 6.185725290623549, 
        "accumulated_operating_revenue": 1978033, 
        "long_term_average": 164836, 
        "date": "2014-12-31", 
        "operating_revenue": 124025, 
        "short_term_average": 138222
    }, 
    {
        "accumulated_operating_revenue_yoy": -15.100361332632954, 
        "accumulated_operating_revenue": 106673, 
        "long_term_average": 163255, 
        "date": "2015-01-31", 
        "operating_revenue": 106673, 
        "short_term_average": 122071
    }, 
    {
        "accumulated_operating_revenue_yoy": -17.695271609612686, 
        "accumulated_operating_revenue": 221724, 
        "long_term_average": 160863, 
        "date": "2015-02-28", 
        "operating_revenue": 115051, 
        "short_term_average": 115249
    }, 
    {
        "accumulated_operating_revenue_yoy": -24.802206850023413, 
        "accumulated_operating_revenue": 338839, 
        "long_term_average": 155522, 
        "date": "2015-03-31", 
        "operating_revenue": 117115, 
        "short_term_average": 112946
    }, 
    {
        "accumulated_operating_revenue_yoy": -29.598776598013554, 
        "accumulated_operating_revenue": 445632, 
        "long_term_average": 149223, 
        "date": "2015-04-30", 
        "operating_revenue": 106793, 
        "short_term_average": 112986
    }, 
    {
        "accumulated_operating_revenue_yoy": -38.48852033329655, 
        "accumulated_operating_revenue": 523988, 
        "long_term_average": 137513, 
        "date": "2015-05-31", 
        "operating_revenue": 78356, 
        "short_term_average": 100754
    }, 
    {
        "accumulated_operating_revenue_yoy": -42.01981058335903, 
        "accumulated_operating_revenue": 597872, 
        "long_term_average": 128728, 
        "date": "2015-06-30", 
        "operating_revenue": 73884, 
        "short_term_average": 86344
    }, 
    {
        "accumulated_operating_revenue_yoy": -43.02250236117381, 
        "accumulated_operating_revenue": 684114, 
        "long_term_average": 121789, 
        "date": "2015-07-31", 
        "operating_revenue": 86242, 
        "short_term_average": 79494
    }, 
    {
        "accumulated_operating_revenue_yoy": -44.5923998482138, 
        "accumulated_operating_revenue": 766578, 
        "long_term_average": 113423, 
        "date": "2015-08-31", 
        "operating_revenue": 82464, 
        "short_term_average": 80863
    }, 
    {
        "accumulated_operating_revenue_yoy": -45.1466898985906, 
        "accumulated_operating_revenue": 857558, 
        "long_term_average": 106018, 
        "date": "2015-09-30", 
        "operating_revenue": 90980, 
        "short_term_average": 86562
    }
]