[
    {
        "date": "2011-09-30", 
        "operating_revenue": 136885, 
        "accumulated_operating_revenue": 136885, 
        "long_term_average": 136885, 
        "short_term_average": 136885
    }, 
    {
        "date": "2011-10-31", 
        "operating_revenue": 82640, 
        "accumulated_operating_revenue": 219525, 
        "long_term_average": 109762, 
        "short_term_average": 109762
    }, 
    {
        "date": "2011-11-30", 
        "operating_revenue": 73420, 
        "accumulated_operating_revenue": 292945, 
        "long_term_average": 97648, 
        "short_term_average": 97648
    }, 
    {
        "date": "2011-12-31", 
        "operating_revenue": 56256, 
        "accumulated_operating_revenue": 349201, 
        "long_term_average": 87300, 
        "short_term_average": 70772
    }, 
    {
        "date": "2012-01-31", 
        "operating_revenue": 44297, 
        "accumulated_operating_revenue": 44297, 
        "long_term_average": 78699, 
        "short_term_average": 57991
    }, 
    {
        "date": "2012-02-29", 
        "operating_revenue": 86290, 
        "accumulated_operating_revenue": 130587, 
        "long_term_average": 79964, 
        "short_term_average": 62281
    }, 
    {
        "date": "2012-03-31", 
        "operating_revenue": 85482, 
        "accumulated_operating_revenue": 216069, 
        "long_term_average": 80752, 
        "short_term_average": 72023
    }, 
    {
        "date": "2012-04-30", 
        "operating_revenue": 81494, 
        "accumulated_operating_revenue": 297563, 
        "long_term_average": 80845, 
        "short_term_average": 84422
    }, 
    {
        "date": "2012-05-31", 
        "operating_revenue": 78797, 
        "accumulated_operating_revenue": 376360, 
        "long_term_average": 80617, 
        "short_term_average": 81924
    }, 
    {
        "date": "2012-06-30", 
        "operating_revenue": 68718, 
        "accumulated_operating_revenue": 445078, 
        "long_term_average": 79427, 
        "short_term_average": 76336
    }, 
    {
        "date": "2012-07-31", 
        "operating_revenue": 79239, 
        "accumulated_operating_revenue": 524317, 
        "long_term_average": 79410, 
        "short_term_average": 75584
    }, 
    {
        "date": "2012-08-31", 
        "operating_revenue": 82214, 
        "accumulated_operating_revenue": 606531, 
        "long_term_average": 79644, 
        "short_term_average": 76723
    }, 
    {
        "accumulated_operating_revenue_yoy": 416.05362165321253, 
        "accumulated_operating_revenue": 706400, 
        "long_term_average": 76559, 
        "date": "2012-09-30", 
        "operating_revenue": 99869, 
        "short_term_average": 87107
    }, 
    {
        "accumulated_operating_revenue_yoy": 270.7523061154766, 
        "accumulated_operating_revenue": 813894, 
        "long_term_average": 78630, 
        "date": "2012-10-31", 
        "operating_revenue": 107494, 
        "short_term_average": 96525
    }, 
    {
        "accumulated_operating_revenue_yoy": 211.40179897250334, 
        "accumulated_operating_revenue": 912236, 
        "long_term_average": 80707, 
        "date": "2012-11-30", 
        "operating_revenue": 98342, 
        "short_term_average": 101901
    }, 
    {
        "accumulated_operating_revenue_yoy": 181.49174830541725, 
        "accumulated_operating_revenue": 982972, 
        "long_term_average": 81914, 
        "date": "2012-12-31", 
        "operating_revenue": 70736, 
        "short_term_average": 92190
    }, 
    {
        "accumulated_operating_revenue_yoy": 68.0474975731991, 
        "accumulated_operating_revenue": 74440, 
        "long_term_average": 84426, 
        "date": "2013-01-31", 
        "operating_revenue": 74440, 
        "short_term_average": 81172
    }, 
    {
        "accumulated_operating_revenue_yoy": 3.382419383246418, 
        "accumulated_operating_revenue": 135004, 
        "long_term_average": 82282, 
        "date": "2013-02-28", 
        "operating_revenue": 60564, 
        "short_term_average": 68580
    }, 
    {
        "accumulated_operating_revenue_yoy": 0.06803382252891438, 
        "accumulated_operating_revenue": 216216, 
        "long_term_average": 81926, 
        "date": "2013-03-31", 
        "operating_revenue": 81212, 
        "short_term_average": 72072
    }, 
    {
        "accumulated_operating_revenue_yoy": -4.280774155388943, 
        "accumulated_operating_revenue": 284825, 
        "long_term_average": 80852, 
        "date": "2013-04-30", 
        "operating_revenue": 68609, 
        "short_term_average": 70128
    }, 
    {
        "accumulated_operating_revenue_yoy": -4.23716654267191, 
        "accumulated_operating_revenue": 360413, 
        "long_term_average": 80585, 
        "date": "2013-05-31", 
        "operating_revenue": 75588, 
        "short_term_average": 75136
    }, 
    {
        "accumulated_operating_revenue_yoy": -2.443391944782712, 
        "accumulated_operating_revenue": 434203, 
        "long_term_average": 81008, 
        "date": "2013-06-30", 
        "operating_revenue": 73790, 
        "short_term_average": 72662
    }, 
    {
        "accumulated_operating_revenue_yoy": -1.7479883353009724, 
        "accumulated_operating_revenue": 515152, 
        "long_term_average": 81150, 
        "date": "2013-07-31", 
        "operating_revenue": 80949, 
        "short_term_average": 76775
    }, 
    {
        "accumulated_operating_revenue_yoy": -3.3457481975364822, 
        "accumulated_operating_revenue": 586238, 
        "long_term_average": 80223, 
        "date": "2013-08-31", 
        "operating_revenue": 71086, 
        "short_term_average": 75275
    }, 
    {
        "accumulated_operating_revenue_yoy": -7.502123442808608, 
        "accumulated_operating_revenue": 653405, 
        "long_term_average": 77498, 
        "date": "2013-09-30", 
        "operating_revenue": 67167, 
        "short_term_average": 73067
    }, 
    {
        "accumulated_operating_revenue_yoy": -11.382440465220286, 
        "accumulated_operating_revenue": 721253, 
        "long_term_average": 74194, 
        "date": "2013-10-31", 
        "operating_revenue": 67848, 
        "short_term_average": 68700
    }, 
    {
        "accumulated_operating_revenue_yoy": -13.873054779684205, 
        "accumulated_operating_revenue": 785681, 
        "long_term_average": 71368, 
        "date": "2013-11-30", 
        "operating_revenue": 64428, 
        "short_term_average": 66481
    }, 
    {
        "accumulated_operating_revenue_yoy": -13.223672698713699, 
        "accumulated_operating_revenue": 852987, 
        "long_term_average": 71082, 
        "date": "2013-12-31", 
        "operating_revenue": 67306, 
        "short_term_average": 66527
    }, 
    {
        "accumulated_operating_revenue_yoy": -13.50349274583557, 
        "accumulated_operating_revenue": 64388, 
        "long_term_average": 70244, 
        "date": "2014-01-31", 
        "operating_revenue": 64388, 
        "short_term_average": 65374
    }, 
    {
        "accumulated_operating_revenue_yoy": 0.18814257355337619, 
        "accumulated_operating_revenue": 135258, 
        "long_term_average": 71103, 
        "date": "2014-02-28", 
        "operating_revenue": 70870, 
        "short_term_average": 67521
    }, 
    {
        "accumulated_operating_revenue_yoy": 3.038165538165538, 
        "accumulated_operating_revenue": 222785, 
        "long_term_average": 71629, 
        "date": "2014-03-31", 
        "operating_revenue": 87527, 
        "short_term_average": 74261
    }, 
    {
        "accumulated_operating_revenue_yoy": 7.414728341964365, 
        "accumulated_operating_revenue": 305944, 
        "long_term_average": 72842, 
        "date": "2014-04-30", 
        "operating_revenue": 83159, 
        "short_term_average": 80518
    }, 
    {
        "accumulated_operating_revenue_yoy": 4.926570351235943, 
        "accumulated_operating_revenue": 378169, 
        "long_term_average": 72561, 
        "date": "2014-05-31", 
        "operating_revenue": 72225, 
        "short_term_average": 80970
    }, 
    {
        "accumulated_operating_revenue_yoy": 0.5944224245341465, 
        "accumulated_operating_revenue": 436784, 
        "long_term_average": 71297, 
        "date": "2014-06-30", 
        "operating_revenue": 58615, 
        "short_term_average": 71333
    }, 
    {
        "accumulated_operating_revenue_yoy": -3.5385672578190515, 
        "accumulated_operating_revenue": 496923, 
        "long_term_average": 69563, 
        "date": "2014-07-31", 
        "operating_revenue": 60139, 
        "short_term_average": 63659
    }, 
    {
        "accumulated_operating_revenue_yoy": -5.047779229596171, 
        "accumulated_operating_revenue": 556646, 
        "long_term_average": 68616, 
        "date": "2014-08-31", 
        "operating_revenue": 59723, 
        "short_term_average": 59492
    }, 
    {
        "accumulated_operating_revenue_yoy": -3.31325900475203, 
        "accumulated_operating_revenue": 631756, 
        "long_term_average": 69278, 
        "date": "2014-09-30", 
        "operating_revenue": 75110, 
        "short_term_average": 64990
    }, 
    {
        "accumulated_operating_revenue_yoy": -4.0530853944455, 
        "accumulated_operating_revenue": 692020, 
        "long_term_average": 68646, 
        "date": "2014-10-31", 
        "operating_revenue": 60264, 
        "short_term_average": 65032
    }, 
    {
        "accumulated_operating_revenue_yoy": -4.589776257794194, 
        "accumulated_operating_revenue": 749620, 
        "long_term_average": 68077, 
        "date": "2014-11-30", 
        "operating_revenue": 57600, 
        "short_term_average": 64324
    }, 
    {
        "accumulated_operating_revenue_yoy": -5.43337706201853, 
        "accumulated_operating_revenue": 806641, 
        "long_term_average": 67220, 
        "date": "2014-12-31", 
        "operating_revenue": 57021, 
        "short_term_average": 58295
    }, 
    {
        "accumulated_operating_revenue_yoy": -9.627570354724483, 
        "accumulated_operating_revenue": 58189, 
        "long_term_average": 66703, 
        "date": "2015-01-31", 
        "operating_revenue": 58189, 
        "short_term_average": 57603
    }, 
    {
        "accumulated_operating_revenue_yoy": -28.850049534962814, 
        "accumulated_operating_revenue": 96236, 
        "long_term_average": 63968, 
        "date": "2015-02-28", 
        "operating_revenue": 38047, 
        "short_term_average": 51085
    }, 
    {
        "accumulated_operating_revenue_yoy": -31.108916668536928, 
        "accumulated_operating_revenue": 153479, 
        "long_term_average": 61444, 
        "date": "2015-03-31", 
        "operating_revenue": 57243, 
        "short_term_average": 51159
    }, 
    {
        "accumulated_operating_revenue_yoy": -33.761080459168994, 
        "accumulated_operating_revenue": 202654, 
        "long_term_average": 58612, 
        "date": "2015-04-30", 
        "operating_revenue": 49175, 
        "short_term_average": 48155
    }, 
    {
        "accumulated_operating_revenue_yoy": -35.1935245882132, 
        "accumulated_operating_revenue": 245078, 
        "long_term_average": 56129, 
        "date": "2015-05-31", 
        "operating_revenue": 42424, 
        "short_term_average": 49614
    }, 
    {
        "accumulated_operating_revenue_yoy": -33.54839005091762, 
        "accumulated_operating_revenue": 290250, 
        "long_term_average": 55008, 
        "date": "2015-06-30", 
        "operating_revenue": 45172, 
        "short_term_average": 45590
    }, 
    {
        "accumulated_operating_revenue_yoy": -32.534215562572065, 
        "accumulated_operating_revenue": 335253, 
        "long_term_average": 53747, 
        "date": "2015-07-31", 
        "operating_revenue": 45003, 
        "short_term_average": 44199
    }, 
    {
        "accumulated_operating_revenue_yoy": -32.01963186657229, 
        "accumulated_operating_revenue": 378410, 
        "long_term_average": 52367, 
        "date": "2015-08-31", 
        "operating_revenue": 43157, 
        "short_term_average": 44444
    }, 
    {
        "accumulated_operating_revenue_yoy": -32.84575057458892, 
        "accumulated_operating_revenue": 424251, 
        "long_term_average": 49928, 
        "date": "2015-09-30", 
        "operating_revenue": 45841, 
        "short_term_average": 44667
    }
]