[
    {
        "date": "2011-09-30", 
        "operating_revenue": 142640, 
        "accumulated_operating_revenue": 142640, 
        "long_term_average": 142640, 
        "short_term_average": 142640
    }, 
    {
        "date": "2011-10-31", 
        "operating_revenue": 164146, 
        "accumulated_operating_revenue": 306786, 
        "long_term_average": 153393, 
        "short_term_average": 153393
    }, 
    {
        "date": "2011-11-30", 
        "operating_revenue": 170798, 
        "accumulated_operating_revenue": 477584, 
        "long_term_average": 159194, 
        "short_term_average": 159194
    }, 
    {
        "date": "2011-12-31", 
        "operating_revenue": 127846, 
        "accumulated_operating_revenue": 605430, 
        "long_term_average": 151357, 
        "short_term_average": 154263
    }, 
    {
        "date": "2012-01-31", 
        "operating_revenue": 125558, 
        "accumulated_operating_revenue": 125558, 
        "long_term_average": 146197, 
        "short_term_average": 141400
    }, 
    {
        "date": "2012-02-29", 
        "operating_revenue": 158580, 
        "accumulated_operating_revenue": 284138, 
        "long_term_average": 148261, 
        "short_term_average": 137328
    }, 
    {
        "date": "2012-03-31", 
        "operating_revenue": 156028, 
        "accumulated_operating_revenue": 440166, 
        "long_term_average": 149370, 
        "short_term_average": 146722
    }, 
    {
        "date": "2012-04-30", 
        "operating_revenue": 160216, 
        "accumulated_operating_revenue": 600382, 
        "long_term_average": 150726, 
        "short_term_average": 158274
    }, 
    {
        "date": "2012-05-31", 
        "operating_revenue": 172255, 
        "accumulated_operating_revenue": 772637, 
        "long_term_average": 153118, 
        "short_term_average": 162833
    }, 
    {
        "date": "2012-06-30", 
        "operating_revenue": 168037, 
        "accumulated_operating_revenue": 940674, 
        "long_term_average": 154610, 
        "short_term_average": 166836
    }, 
    {
        "date": "2012-07-31", 
        "operating_revenue": 166163, 
        "accumulated_operating_revenue": 1106837, 
        "long_term_average": 155660, 
        "short_term_average": 168818
    }, 
    {
        "date": "2012-08-31", 
        "operating_revenue": 172518, 
        "accumulated_operating_revenue": 1279355, 
        "long_term_average": 157065, 
        "short_term_average": 168906
    }, 
    {
        "accumulated_operating_revenue_yoy": 910.4059169938306, 
        "accumulated_operating_revenue": 1441243, 
        "long_term_average": 158669, 
        "date": "2012-09-30", 
        "operating_revenue": 161888, 
        "short_term_average": 166856
    }, 
    {
        "accumulated_operating_revenue_yoy": 433.14199474552294, 
        "accumulated_operating_revenue": 1635605, 
        "long_term_average": 161187, 
        "date": "2012-10-31", 
        "operating_revenue": 194362, 
        "short_term_average": 176256
    }, 
    {
        "accumulated_operating_revenue_yoy": 284.1219555093973, 
        "accumulated_operating_revenue": 1834505, 
        "long_term_average": 163529, 
        "date": "2012-11-30", 
        "operating_revenue": 198900, 
        "short_term_average": 185050
    }, 
    {
        "accumulated_operating_revenue_yoy": 232.65315560841054, 
        "accumulated_operating_revenue": 2013982, 
        "long_term_average": 167831, 
        "date": "2012-12-31", 
        "operating_revenue": 179477, 
        "short_term_average": 190913
    }, 
    {
        "accumulated_operating_revenue_yoy": 33.46421574093248, 
        "accumulated_operating_revenue": 167575, 
        "long_term_average": 171333, 
        "date": "2013-01-31", 
        "operating_revenue": 167575, 
        "short_term_average": 181984
    }, 
    {
        "accumulated_operating_revenue_yoy": 13.289317162787096, 
        "accumulated_operating_revenue": 321898, 
        "long_term_average": 170978, 
        "date": "2013-02-28", 
        "operating_revenue": 154323, 
        "short_term_average": 167125
    }, 
    {
        "accumulated_operating_revenue_yoy": 13.13481731892059, 
        "accumulated_operating_revenue": 497981, 
        "long_term_average": 172649, 
        "date": "2013-03-31", 
        "operating_revenue": 176083, 
        "short_term_average": 165993
    }, 
    {
        "accumulated_operating_revenue_yoy": 13.539379928112435, 
        "accumulated_operating_revenue": 681670, 
        "long_term_average": 174605, 
        "date": "2013-04-30", 
        "operating_revenue": 183689, 
        "short_term_average": 171365
    }, 
    {
        "accumulated_operating_revenue_yoy": 15.13867443573114, 
        "accumulated_operating_revenue": 889604, 
        "long_term_average": 177579, 
        "date": "2013-05-31", 
        "operating_revenue": 207934, 
        "short_term_average": 189235
    }, 
    {
        "accumulated_operating_revenue_yoy": 16.03297210298148, 
        "accumulated_operating_revenue": 1091492, 
        "long_term_average": 180400, 
        "date": "2013-06-30", 
        "operating_revenue": 201888, 
        "short_term_average": 197837
    }, 
    {
        "accumulated_operating_revenue_yoy": 17.852944923236215, 
        "accumulated_operating_revenue": 1304440, 
        "long_term_average": 184298, 
        "date": "2013-07-31", 
        "operating_revenue": 212948, 
        "short_term_average": 207590
    }, 
    {
        "accumulated_operating_revenue_yoy": 17.740502049861064, 
        "accumulated_operating_revenue": 1506319, 
        "long_term_average": 186745, 
        "date": "2013-08-31", 
        "operating_revenue": 201879, 
        "short_term_average": 205571
    }, 
    {
        "accumulated_operating_revenue_yoy": 17.81795297531367, 
        "accumulated_operating_revenue": 1698043, 
        "long_term_average": 189231, 
        "date": "2013-09-30", 
        "operating_revenue": 191724, 
        "short_term_average": 202183
    }, 
    {
        "accumulated_operating_revenue_yoy": 16.976898456534432, 
        "accumulated_operating_revenue": 1913280, 
        "long_term_average": 190971, 
        "date": "2013-10-31", 
        "operating_revenue": 215237, 
        "short_term_average": 202946
    }, 
    {
        "accumulated_operating_revenue_yoy": 13.54468916683247, 
        "accumulated_operating_revenue": 2082983, 
        "long_term_average": 188538, 
        "date": "2013-11-30", 
        "operating_revenue": 169703, 
        "short_term_average": 192221
    }, 
    {
        "accumulated_operating_revenue_yoy": 12.114805395480198, 
        "accumulated_operating_revenue": 2257972, 
        "long_term_average": 188164, 
        "date": "2013-12-31", 
        "operating_revenue": 174989, 
        "short_term_average": 186643
    }, 
    {
        "accumulated_operating_revenue_yoy": 8.14560644487543, 
        "accumulated_operating_revenue": 181225, 
        "long_term_average": 189301, 
        "date": "2014-01-31", 
        "operating_revenue": 181225, 
        "short_term_average": 175305
    }, 
    {
        "accumulated_operating_revenue_yoy": 9.187382338504744, 
        "accumulated_operating_revenue": 351472, 
        "long_term_average": 190628, 
        "date": "2014-02-28", 
        "operating_revenue": 170247, 
        "short_term_average": 175487
    }, 
    {
        "accumulated_operating_revenue_yoy": 9.347545388277865, 
        "accumulated_operating_revenue": 544530, 
        "long_term_average": 192043, 
        "date": "2014-03-31", 
        "operating_revenue": 193058, 
        "short_term_average": 181510
    }, 
    {
        "accumulated_operating_revenue_yoy": 4.190003960860826, 
        "accumulated_operating_revenue": 710232, 
        "long_term_average": 190544, 
        "date": "2014-04-30", 
        "operating_revenue": 165702, 
        "short_term_average": 176335
    }, 
    {
        "accumulated_operating_revenue_yoy": 3.536854600473919, 
        "accumulated_operating_revenue": 921068, 
        "long_term_average": 190786, 
        "date": "2014-05-31", 
        "operating_revenue": 210836, 
        "short_term_average": 189865
    }, 
    {
        "accumulated_operating_revenue_yoy": 1.7345981463904452, 
        "accumulated_operating_revenue": 1110425, 
        "long_term_average": 189742, 
        "date": "2014-06-30", 
        "operating_revenue": 189357, 
        "short_term_average": 188631
    }, 
    {
        "accumulated_operating_revenue_yoy": -0.19517954064579435, 
        "accumulated_operating_revenue": 1301894, 
        "long_term_average": 187952, 
        "date": "2014-07-31", 
        "operating_revenue": 191469, 
        "short_term_average": 197220
    }, 
    {
        "accumulated_operating_revenue_yoy": -2.2193174221396665, 
        "accumulated_operating_revenue": 1472889, 
        "long_term_average": 185378, 
        "date": "2014-08-31", 
        "operating_revenue": 170995, 
        "short_term_average": 183940
    }, 
    {
        "accumulated_operating_revenue_yoy": -2.0238003395673725, 
        "accumulated_operating_revenue": 1663678, 
        "long_term_average": 185300, 
        "date": "2014-09-30", 
        "operating_revenue": 190789, 
        "short_term_average": 184417
    }, 
    {
        "accumulated_operating_revenue_yoy": -2.679430088643586, 
        "accumulated_operating_revenue": 1862015, 
        "long_term_average": 183892, 
        "date": "2014-10-31", 
        "operating_revenue": 198337, 
        "short_term_average": 186707
    }, 
    {
        "accumulated_operating_revenue_yoy": -1.717776861357006, 
        "accumulated_operating_revenue": 2047202, 
        "long_term_average": 185182, 
        "date": "2014-11-30", 
        "operating_revenue": 185187, 
        "short_term_average": 191437
    }, 
    {
        "accumulated_operating_revenue_yoy": -1.5924909609153701, 
        "accumulated_operating_revenue": 2222014, 
        "long_term_average": 185167, 
        "date": "2014-12-31", 
        "operating_revenue": 174812, 
        "short_term_average": 186112
    }, 
    {
        "accumulated_operating_revenue_yoy": -4.3691543661194645, 
        "accumulated_operating_revenue": 173307, 
        "long_term_average": 184508, 
        "date": "2015-01-31", 
        "operating_revenue": 173307, 
        "short_term_average": 177768
    }, 
    {
        "accumulated_operating_revenue_yoy": -4.869235671689352, 
        "accumulated_operating_revenue": 334358, 
        "long_term_average": 183741, 
        "date": "2015-02-28", 
        "operating_revenue": 161051, 
        "short_term_average": 169723
    }, 
    {
        "accumulated_operating_revenue_yoy": -2.7480579582392153, 
        "accumulated_operating_revenue": 529566, 
        "long_term_average": 183920, 
        "date": "2015-03-31", 
        "operating_revenue": 195208, 
        "short_term_average": 176522
    }, 
    {
        "accumulated_operating_revenue_yoy": -2.2906599533673506, 
        "accumulated_operating_revenue": 693963, 
        "long_term_average": 183812, 
        "date": "2015-04-30", 
        "operating_revenue": 164397, 
        "short_term_average": 173552
    }, 
    {
        "accumulated_operating_revenue_yoy": -6.72588777375829, 
        "accumulated_operating_revenue": 859118, 
        "long_term_average": 180005, 
        "date": "2015-05-31", 
        "operating_revenue": 165155, 
        "short_term_average": 174920
    }, 
    {
        "accumulated_operating_revenue_yoy": -6.27966769480154, 
        "accumulated_operating_revenue": 1040694, 
        "long_term_average": 179356, 
        "date": "2015-06-30", 
        "operating_revenue": 181576, 
        "short_term_average": 170376
    }, 
    {
        "accumulated_operating_revenue_yoy": -4.995337562044222, 
        "accumulated_operating_revenue": 1236860, 
        "long_term_average": 179748, 
        "date": "2015-07-31", 
        "operating_revenue": 196166, 
        "short_term_average": 180965
    }, 
    {
        "accumulated_operating_revenue_yoy": -4.314513856780789, 
        "accumulated_operating_revenue": 1409341, 
        "long_term_average": 179872, 
        "date": "2015-08-31", 
        "operating_revenue": 172481, 
        "short_term_average": 183407
    }
]