[
    {
        "date": "2011-09-30", 
        "operating_revenue": 603044, 
        "accumulated_operating_revenue": 603044, 
        "long_term_average": 603044, 
        "short_term_average": 603044
    }, 
    {
        "date": "2011-10-31", 
        "operating_revenue": 666999, 
        "accumulated_operating_revenue": 1270043, 
        "long_term_average": 635021, 
        "short_term_average": 635021
    }, 
    {
        "date": "2011-11-30", 
        "operating_revenue": 549516, 
        "accumulated_operating_revenue": 1819559, 
        "long_term_average": 606519, 
        "short_term_average": 606519
    }, 
    {
        "date": "2011-12-31", 
        "operating_revenue": 807727, 
        "accumulated_operating_revenue": 2627286, 
        "long_term_average": 656821, 
        "short_term_average": 674747
    }, 
    {
        "date": "2012-01-31", 
        "operating_revenue": 450817, 
        "accumulated_operating_revenue": 450817, 
        "long_term_average": 615620, 
        "short_term_average": 602686
    }, 
    {
        "date": "2012-02-29", 
        "operating_revenue": 622348, 
        "accumulated_operating_revenue": 1073165, 
        "long_term_average": 616741, 
        "short_term_average": 626964
    }, 
    {
        "date": "2012-03-31", 
        "operating_revenue": 741318, 
        "accumulated_operating_revenue": 1814483, 
        "long_term_average": 634538, 
        "short_term_average": 604827
    }, 
    {
        "date": "2012-04-30", 
        "operating_revenue": 584140, 
        "accumulated_operating_revenue": 2398623, 
        "long_term_average": 628238, 
        "short_term_average": 649268
    }, 
    {
        "date": "2012-05-31", 
        "operating_revenue": 617245, 
        "accumulated_operating_revenue": 3015868, 
        "long_term_average": 627017, 
        "short_term_average": 647567
    }, 
    {
        "date": "2012-06-30", 
        "operating_revenue": 646257, 
        "accumulated_operating_revenue": 3662125, 
        "long_term_average": 628941, 
        "short_term_average": 615880
    }, 
    {
        "date": "2012-07-31", 
        "operating_revenue": 849680, 
        "accumulated_operating_revenue": 4511805, 
        "long_term_average": 649008, 
        "short_term_average": 704394
    }, 
    {
        "date": "2012-08-31", 
        "operating_revenue": 699018, 
        "accumulated_operating_revenue": 5210823, 
        "long_term_average": 653175, 
        "short_term_average": 731651
    }, 
    {
        "accumulated_operating_revenue_yoy": 900.9672594371223, 
        "accumulated_operating_revenue": 6036273, 
        "long_term_average": 671709, 
        "date": "2012-09-30", 
        "operating_revenue": 825450, 
        "short_term_average": 791382
    }, 
    {
        "accumulated_operating_revenue_yoy": 450.5999403169814, 
        "accumulated_operating_revenue": 6992856, 
        "long_term_average": 695841, 
        "date": "2012-10-31", 
        "operating_revenue": 956583, 
        "short_term_average": 827017
    }, 
    {
        "accumulated_operating_revenue_yoy": 336.81925125813456, 
        "accumulated_operating_revenue": 7948184, 
        "long_term_average": 729659, 
        "date": "2012-11-30", 
        "operating_revenue": 955328, 
        "short_term_average": 912453
    }, 
    {
        "accumulated_operating_revenue_yoy": 231.90562428300535, 
        "accumulated_operating_revenue": 8720110, 
        "long_term_average": 726675, 
        "date": "2012-12-31", 
        "operating_revenue": 771926, 
        "short_term_average": 894612
    }, 
    {
        "accumulated_operating_revenue_yoy": 46.22940128699672, 
        "accumulated_operating_revenue": 659227, 
        "long_term_average": 744043, 
        "date": "2013-01-31", 
        "operating_revenue": 659227, 
        "short_term_average": 795493
    }, 
    {
        "accumulated_operating_revenue_yoy": 3.159160054604837, 
        "accumulated_operating_revenue": 1107068, 
        "long_term_average": 729501, 
        "date": "2013-02-28", 
        "operating_revenue": 447841, 
        "short_term_average": 626331
    }, 
    {
        "accumulated_operating_revenue_yoy": -4.79662802021292, 
        "accumulated_operating_revenue": 1727449, 
        "long_term_average": 719423, 
        "date": "2013-03-31", 
        "operating_revenue": 620381, 
        "short_term_average": 575816
    }, 
    {
        "accumulated_operating_revenue_yoy": 0.27845142817358126, 
        "accumulated_operating_revenue": 2405302, 
        "long_term_average": 727232, 
        "date": "2013-04-30", 
        "operating_revenue": 677853, 
        "short_term_average": 582025
    }, 
    {
        "accumulated_operating_revenue_yoy": 4.129656868271423, 
        "accumulated_operating_revenue": 3140413, 
        "long_term_average": 737054, 
        "date": "2013-05-31", 
        "operating_revenue": 735111, 
        "short_term_average": 677781
    }, 
    {
        "accumulated_operating_revenue_yoy": 1.4433150151892684, 
        "accumulated_operating_revenue": 3714981, 
        "long_term_average": 731080, 
        "date": "2013-06-30", 
        "operating_revenue": 574568, 
        "short_term_average": 662510
    }, 
    {
        "accumulated_operating_revenue_yoy": 1.8909505175866421, 
        "accumulated_operating_revenue": 4597121, 
        "long_term_average": 733785, 
        "date": "2013-07-31", 
        "operating_revenue": 882140, 
        "short_term_average": 730606
    }, 
    {
        "accumulated_operating_revenue_yoy": -2.159946710913036, 
        "accumulated_operating_revenue": 5098272, 
        "long_term_average": 717296, 
        "date": "2013-08-31", 
        "operating_revenue": 501151, 
        "short_term_average": 652619
    }, 
    {
        "accumulated_operating_revenue_yoy": -6.736988204476504, 
        "accumulated_operating_revenue": 5629610, 
        "long_term_average": 692787, 
        "date": "2013-09-30", 
        "operating_revenue": 531338, 
        "short_term_average": 638209
    }, 
    {
        "accumulated_operating_revenue_yoy": -5.90990290662356, 
        "accumulated_operating_revenue": 6579585, 
        "long_term_average": 692236, 
        "date": "2013-10-31", 
        "operating_revenue": 949975, 
        "short_term_average": 660821
    }, 
    {
        "accumulated_operating_revenue_yoy": -2.606205392326096, 
        "accumulated_operating_revenue": 7741038, 
        "long_term_average": 709413, 
        "date": "2013-11-30", 
        "operating_revenue": 1161453, 
        "short_term_average": 880922
    }, 
    {
        "accumulated_operating_revenue_yoy": -2.71766067171171, 
        "accumulated_operating_revenue": 8483127, 
        "long_term_average": 706927, 
        "date": "2013-12-31", 
        "operating_revenue": 742089, 
        "short_term_average": 951172
    }, 
    {
        "accumulated_operating_revenue_yoy": 6.600912887366567, 
        "accumulated_operating_revenue": 702742, 
        "long_term_average": 710553, 
        "date": "2014-01-31", 
        "operating_revenue": 702742, 
        "short_term_average": 868761
    }, 
    {
        "accumulated_operating_revenue_yoy": 33.39279971961975, 
        "accumulated_operating_revenue": 1476749, 
        "long_term_average": 737734, 
        "date": "2014-02-28", 
        "operating_revenue": 774007, 
        "short_term_average": 739612
    }, 
    {
        "accumulated_operating_revenue_yoy": 31.46472052141626, 
        "accumulated_operating_revenue": 2270986, 
        "long_term_average": 752222, 
        "date": "2014-03-31", 
        "operating_revenue": 794237, 
        "short_term_average": 756995
    }, 
    {
        "accumulated_operating_revenue_yoy": 35.99232029907263, 
        "accumulated_operating_revenue": 3271026, 
        "long_term_average": 779070, 
        "date": "2014-04-30", 
        "operating_revenue": 1000040, 
        "short_term_average": 856094
    }, 
    {
        "accumulated_operating_revenue_yoy": 41.25409619690149, 
        "accumulated_operating_revenue": 4435962, 
        "long_term_average": 814889, 
        "date": "2014-05-31", 
        "operating_revenue": 1164936, 
        "short_term_average": 986404
    }, 
    {
        "accumulated_operating_revenue_yoy": 56.50599558921028, 
        "accumulated_operating_revenue": 5814168, 
        "long_term_average": 881859, 
        "date": "2014-06-30", 
        "operating_revenue": 1378206, 
        "short_term_average": 1181060
    }, 
    {
        "accumulated_operating_revenue_yoy": 55.29726104664202, 
        "accumulated_operating_revenue": 7139203, 
        "long_term_average": 918767, 
        "date": "2014-07-31", 
        "operating_revenue": 1325035, 
        "short_term_average": 1289392
    }, 
    {
        "accumulated_operating_revenue_yoy": 59.74069253268558, 
        "accumulated_operating_revenue": 8144015, 
        "long_term_average": 960739, 
        "date": "2014-08-31", 
        "operating_revenue": 1004812, 
        "short_term_average": 1236017
    }, 
    {
        "accumulated_operating_revenue_yoy": 60.8845372947682, 
        "accumulated_operating_revenue": 9057172, 
        "long_term_average": 992557, 
        "date": "2014-09-30", 
        "operating_revenue": 913157, 
        "short_term_average": 1081001
    }, 
    {
        "accumulated_operating_revenue_yoy": 54.51606750273763, 
        "accumulated_operating_revenue": 10166516, 
        "long_term_average": 1005838, 
        "date": "2014-10-31", 
        "operating_revenue": 1109344, 
        "short_term_average": 1009104
    }, 
    {
        "accumulated_operating_revenue_yoy": 46.96056265322557, 
        "accumulated_operating_revenue": 11376273, 
        "long_term_average": 1009863, 
        "date": "2014-11-30", 
        "operating_revenue": 1209757, 
        "short_term_average": 1077419
    }, 
    {
        "accumulated_operating_revenue_yoy": 53.3365114067018, 
        "accumulated_operating_revenue": 13007731, 
        "long_term_average": 1083977, 
        "date": "2014-12-31", 
        "operating_revenue": 1631458, 
        "short_term_average": 1316853
    }, 
    {
        "accumulated_operating_revenue_yoy": 45.96124893630949, 
        "accumulated_operating_revenue": 1025731, 
        "long_term_average": 1110893, 
        "date": "2015-01-31", 
        "operating_revenue": 1025731, 
        "short_term_average": 1288982
    }, 
    {
        "accumulated_operating_revenue_yoy": 6.795467611625266, 
        "accumulated_operating_revenue": 1577101, 
        "long_term_average": 1092340, 
        "date": "2015-02-28", 
        "operating_revenue": 551370, 
        "short_term_average": 1069519
    }, 
    {
        "accumulated_operating_revenue_yoy": 0.4929136507226377, 
        "accumulated_operating_revenue": 2282180, 
        "long_term_average": 1084910, 
        "date": "2015-03-31", 
        "operating_revenue": 705079, 
        "short_term_average": 760726
    }, 
    {
        "accumulated_operating_revenue_yoy": -5.024264557970496, 
        "accumulated_operating_revenue": 3106681, 
        "long_term_average": 1070282, 
        "date": "2015-04-30", 
        "operating_revenue": 824501, 
        "short_term_average": 693650
    }, 
    {
        "accumulated_operating_revenue_yoy": -10.335097550429872, 
        "accumulated_operating_revenue": 3977501, 
        "long_term_average": 1045772, 
        "date": "2015-05-31", 
        "operating_revenue": 870820, 
        "short_term_average": 800133
    }, 
    {
        "accumulated_operating_revenue_yoy": -13.51832282796094, 
        "accumulated_operating_revenue": 5028190, 
        "long_term_average": 1018479, 
        "date": "2015-06-30", 
        "operating_revenue": 1050689, 
        "short_term_average": 915336
    }, 
    {
        "accumulated_operating_revenue_yoy": -15.488395553397208, 
        "accumulated_operating_revenue": 6033455, 
        "long_term_average": 991831, 
        "date": "2015-07-31", 
        "operating_revenue": 1005265, 
        "short_term_average": 975591
    }, 
    {
        "accumulated_operating_revenue_yoy": -12.097865733302308, 
        "accumulated_operating_revenue": 7158763, 
        "long_term_average": 1001873, 
        "date": "2015-08-31", 
        "operating_revenue": 1125308, 
        "short_term_average": 1060420
    }, 
    {
        "accumulated_operating_revenue_yoy": -7.536027802055653, 
        "accumulated_operating_revenue": 8374621, 
        "long_term_average": 1027098, 
        "date": "2015-09-30", 
        "operating_revenue": 1215858, 
        "short_term_average": 1115477
    }
]