[
    {
        "date": "2011-09-30", 
        "operating_revenue": 56036, 
        "accumulated_operating_revenue": 56036, 
        "long_term_average": 56036, 
        "short_term_average": 56036
    }, 
    {
        "date": "2011-10-31", 
        "operating_revenue": 72442, 
        "accumulated_operating_revenue": 128478, 
        "long_term_average": 64239, 
        "short_term_average": 64239
    }, 
    {
        "date": "2011-11-30", 
        "operating_revenue": 69000, 
        "accumulated_operating_revenue": 197478, 
        "long_term_average": 65826, 
        "short_term_average": 65826
    }, 
    {
        "date": "2011-12-31", 
        "operating_revenue": 70920, 
        "accumulated_operating_revenue": 268398, 
        "long_term_average": 67099, 
        "short_term_average": 70787
    }, 
    {
        "date": "2012-01-31", 
        "operating_revenue": 48553, 
        "accumulated_operating_revenue": 48553, 
        "long_term_average": 63390, 
        "short_term_average": 62824
    }, 
    {
        "date": "2012-02-29", 
        "operating_revenue": 66597, 
        "accumulated_operating_revenue": 115150, 
        "long_term_average": 63924, 
        "short_term_average": 62023
    }, 
    {
        "date": "2012-03-31", 
        "operating_revenue": 71807, 
        "accumulated_operating_revenue": 186957, 
        "long_term_average": 65050, 
        "short_term_average": 62319
    }, 
    {
        "date": "2012-04-30", 
        "operating_revenue": 85093, 
        "accumulated_operating_revenue": 272050, 
        "long_term_average": 67556, 
        "short_term_average": 74499
    }, 
    {
        "date": "2012-05-31", 
        "operating_revenue": 103908, 
        "accumulated_operating_revenue": 375958, 
        "long_term_average": 71595, 
        "short_term_average": 86936
    }, 
    {
        "date": "2012-06-30", 
        "operating_revenue": 94731, 
        "accumulated_operating_revenue": 470689, 
        "long_term_average": 73908, 
        "short_term_average": 94577
    }, 
    {
        "date": "2012-07-31", 
        "operating_revenue": 85152, 
        "accumulated_operating_revenue": 555841, 
        "long_term_average": 74930, 
        "short_term_average": 94597
    }, 
    {
        "date": "2012-08-31", 
        "operating_revenue": 90710, 
        "accumulated_operating_revenue": 646551, 
        "long_term_average": 76245, 
        "short_term_average": 90197
    }, 
    {
        "accumulated_operating_revenue_yoy": 1239.2586908416017, 
        "accumulated_operating_revenue": 750467, 
        "long_term_average": 80235, 
        "date": "2012-09-30", 
        "operating_revenue": 103916, 
        "short_term_average": 93259
    }, 
    {
        "accumulated_operating_revenue_yoy": 555.657777985336, 
        "accumulated_operating_revenue": 842376, 
        "long_term_average": 81858, 
        "date": "2012-10-31", 
        "operating_revenue": 91909, 
        "short_term_average": 95511
    }, 
    {
        "accumulated_operating_revenue_yoy": 372.7286077436474, 
        "accumulated_operating_revenue": 933535, 
        "long_term_average": 83704, 
        "date": "2012-11-30", 
        "operating_revenue": 91159, 
        "short_term_average": 95661
    }, 
    {
        "accumulated_operating_revenue_yoy": 280.4625965916288, 
        "accumulated_operating_revenue": 1021154, 
        "long_term_average": 85096, 
        "date": "2012-12-31", 
        "operating_revenue": 87619, 
        "short_term_average": 90229
    }, 
    {
        "accumulated_operating_revenue_yoy": 66.1730480093918, 
        "accumulated_operating_revenue": 80682, 
        "long_term_average": 87773, 
        "date": "2013-01-31", 
        "operating_revenue": 80682, 
        "short_term_average": 86486
    }, 
    {
        "accumulated_operating_revenue_yoy": 23.565783760312637, 
        "accumulated_operating_revenue": 142286, 
        "long_term_average": 87357, 
        "date": "2013-02-28", 
        "operating_revenue": 61604, 
        "short_term_average": 76635
    }, 
    {
        "accumulated_operating_revenue_yoy": 15.437774461507193, 
        "accumulated_operating_revenue": 215819, 
        "long_term_average": 87501, 
        "date": "2013-03-31", 
        "operating_revenue": 73533, 
        "short_term_average": 71939
    }, 
    {
        "accumulated_operating_revenue_yoy": 16.68847638301783, 
        "accumulated_operating_revenue": 317451, 
        "long_term_average": 88879, 
        "date": "2013-04-30", 
        "operating_revenue": 101632, 
        "short_term_average": 78923
    }, 
    {
        "accumulated_operating_revenue_yoy": 17.003229084099818, 
        "accumulated_operating_revenue": 439883, 
        "long_term_average": 90423, 
        "date": "2013-05-31", 
        "operating_revenue": 122432, 
        "short_term_average": 99199
    }, 
    {
        "accumulated_operating_revenue_yoy": 20.146211192528398, 
        "accumulated_operating_revenue": 565515, 
        "long_term_average": 92998, 
        "date": "2013-06-30", 
        "operating_revenue": 125632, 
        "short_term_average": 116565
    }, 
    {
        "accumulated_operating_revenue_yoy": 23.78611869221594, 
        "accumulated_operating_revenue": 688054, 
        "long_term_average": 96113, 
        "date": "2013-07-31", 
        "operating_revenue": 122539, 
        "short_term_average": 123534
    }, 
    {
        "accumulated_operating_revenue_yoy": 22.69302808285812, 
        "accumulated_operating_revenue": 793273, 
        "long_term_average": 97323, 
        "date": "2013-08-31", 
        "operating_revenue": 105219, 
        "short_term_average": 117796
    }, 
    {
        "accumulated_operating_revenue_yoy": 21.350838877658845, 
        "accumulated_operating_revenue": 910698, 
        "long_term_average": 98448, 
        "date": "2013-09-30", 
        "operating_revenue": 117425, 
        "short_term_average": 115061
    }, 
    {
        "accumulated_operating_revenue_yoy": 20.138512968080764, 
        "accumulated_operating_revenue": 1012018, 
        "long_term_average": 99233, 
        "date": "2013-10-31", 
        "operating_revenue": 101320, 
        "short_term_average": 107988
    }, 
    {
        "accumulated_operating_revenue_yoy": 22.60782937972331, 
        "accumulated_operating_revenue": 1144587, 
        "long_term_average": 102683, 
        "date": "2013-11-30", 
        "operating_revenue": 132569, 
        "short_term_average": 117104
    }, 
    {
        "accumulated_operating_revenue_yoy": 24.383687475150662, 
        "accumulated_operating_revenue": 1270149, 
        "long_term_average": 105845, 
        "date": "2013-12-31", 
        "operating_revenue": 125562, 
        "short_term_average": 119817
    }, 
    {
        "accumulated_operating_revenue_yoy": 30.186410847524854, 
        "accumulated_operating_revenue": 105037, 
        "long_term_average": 107875, 
        "date": "2014-01-31", 
        "operating_revenue": 105037, 
        "short_term_average": 121056
    }, 
    {
        "accumulated_operating_revenue_yoy": 43.09981305258423, 
        "accumulated_operating_revenue": 203611, 
        "long_term_average": 110956, 
        "date": "2014-02-28", 
        "operating_revenue": 98574, 
        "short_term_average": 109724
    }, 
    {
        "accumulated_operating_revenue_yoy": 43.145413517808905, 
        "accumulated_operating_revenue": 308935, 
        "long_term_average": 113605, 
        "date": "2014-03-31", 
        "operating_revenue": 105324, 
        "short_term_average": 102978
    }, 
    {
        "accumulated_operating_revenue_yoy": 32.92193125868244, 
        "accumulated_operating_revenue": 421962, 
        "long_term_average": 114555, 
        "date": "2014-04-30", 
        "operating_revenue": 113027, 
        "short_term_average": 105641
    }, 
    {
        "accumulated_operating_revenue_yoy": 23.808830984602725, 
        "accumulated_operating_revenue": 544614, 
        "long_term_average": 114573, 
        "date": "2014-05-31", 
        "operating_revenue": 122652, 
        "short_term_average": 113667
    }, 
    {
        "accumulated_operating_revenue_yoy": 19.783560117768758, 
        "accumulated_operating_revenue": 677394, 
        "long_term_average": 115169, 
        "date": "2014-06-30", 
        "operating_revenue": 132780, 
        "short_term_average": 122819
    }, 
    {
        "accumulated_operating_revenue_yoy": 18.08622579041761, 
        "accumulated_operating_revenue": 812497, 
        "long_term_average": 116216, 
        "date": "2014-07-31", 
        "operating_revenue": 135103, 
        "short_term_average": 130178
    }, 
    {
        "accumulated_operating_revenue_yoy": 21.350279159885687, 
        "accumulated_operating_revenue": 962639, 
        "long_term_average": 119959, 
        "date": "2014-08-31", 
        "operating_revenue": 150142, 
        "short_term_average": 139341
    }, 
    {
        "accumulated_operating_revenue_yoy": 22.179251519164424, 
        "accumulated_operating_revenue": 1112684, 
        "long_term_average": 122677, 
        "date": "2014-09-30", 
        "operating_revenue": 150045, 
        "short_term_average": 145096
    }, 
    {
        "accumulated_operating_revenue_yoy": 21.045475475732644, 
        "accumulated_operating_revenue": 1225002, 
        "long_term_average": 123594, 
        "date": "2014-10-31", 
        "operating_revenue": 112318, 
        "short_term_average": 137501
    }, 
    {
        "accumulated_operating_revenue_yoy": 19.469031187668566, 
        "accumulated_operating_revenue": 1367427, 
        "long_term_average": 124415, 
        "date": "2014-11-30", 
        "operating_revenue": 142425, 
        "short_term_average": 134929
    }, 
    {
        "accumulated_operating_revenue_yoy": 16.33469774018639, 
        "accumulated_operating_revenue": 1477624, 
        "long_term_average": 123135, 
        "date": "2014-12-31", 
        "operating_revenue": 110197, 
        "short_term_average": 121646
    }, 
    {
        "accumulated_operating_revenue_yoy": 18.847644163485246, 
        "accumulated_operating_revenue": 124834, 
        "long_term_average": 124785, 
        "date": "2015-01-31", 
        "operating_revenue": 124834, 
        "short_term_average": 125818
    }, 
    {
        "accumulated_operating_revenue_yoy": 3.9894701170368987, 
        "accumulated_operating_revenue": 211734, 
        "long_term_average": 123812, 
        "date": "2015-02-28", 
        "operating_revenue": 86900, 
        "short_term_average": 107310
    }, 
    {
        "accumulated_operating_revenue_yoy": 2.7792254034020103, 
        "accumulated_operating_revenue": 317521, 
        "long_term_average": 123850, 
        "date": "2015-03-31", 
        "operating_revenue": 105787, 
        "short_term_average": 105840
    }, 
    {
        "accumulated_operating_revenue_yoy": 1.4224029651959182, 
        "accumulated_operating_revenue": 427964, 
        "long_term_average": 123635, 
        "date": "2015-04-30", 
        "operating_revenue": 110443, 
        "short_term_average": 101043
    }, 
    {
        "accumulated_operating_revenue_yoy": -6.714113114976845, 
        "accumulated_operating_revenue": 508048, 
        "long_term_average": 120088, 
        "date": "2015-05-31", 
        "operating_revenue": 80084, 
        "short_term_average": 98771
    }, 
    {
        "accumulated_operating_revenue_yoy": -10.434990566789786, 
        "accumulated_operating_revenue": 606708, 
        "long_term_average": 117244, 
        "date": "2015-06-30", 
        "operating_revenue": 98660, 
        "short_term_average": 96395
    }, 
    {
        "accumulated_operating_revenue_yoy": -12.657400581171377, 
        "accumulated_operating_revenue": 709656, 
        "long_term_average": 114565, 
        "date": "2015-07-31", 
        "operating_revenue": 102948, 
        "short_term_average": 93897
    }, 
    {
        "accumulated_operating_revenue_yoy": -15.679294107136736, 
        "accumulated_operating_revenue": 811704, 
        "long_term_average": 110557, 
        "date": "2015-08-31", 
        "operating_revenue": 102048, 
        "short_term_average": 101218
    }, 
    {
        "accumulated_operating_revenue_yoy": -17.56635307059327, 
        "accumulated_operating_revenue": 917226, 
        "long_term_average": 106847, 
        "date": "2015-09-30", 
        "operating_revenue": 105522, 
        "short_term_average": 103506
    }
]