[
    {
        "date": "2011-09-30", 
        "operating_revenue": 120694, 
        "accumulated_operating_revenue": 120694, 
        "long_term_average": 120694, 
        "short_term_average": 120694
    }, 
    {
        "date": "2011-10-31", 
        "operating_revenue": 110998, 
        "accumulated_operating_revenue": 231692, 
        "long_term_average": 115846, 
        "short_term_average": 115846
    }, 
    {
        "date": "2011-11-30", 
        "operating_revenue": 119906, 
        "accumulated_operating_revenue": 351598, 
        "long_term_average": 117199, 
        "short_term_average": 117199
    }, 
    {
        "date": "2011-12-31", 
        "operating_revenue": 125612, 
        "accumulated_operating_revenue": 477210, 
        "long_term_average": 119302, 
        "short_term_average": 118838
    }, 
    {
        "date": "2012-01-31", 
        "operating_revenue": 78123, 
        "accumulated_operating_revenue": 78123, 
        "long_term_average": 111066, 
        "short_term_average": 107880
    }, 
    {
        "date": "2012-02-29", 
        "operating_revenue": 108921, 
        "accumulated_operating_revenue": 187044, 
        "long_term_average": 110709, 
        "short_term_average": 104218
    }, 
    {
        "date": "2012-03-31", 
        "operating_revenue": 152940, 
        "accumulated_operating_revenue": 339984, 
        "long_term_average": 116742, 
        "short_term_average": 113328
    }, 
    {
        "date": "2012-04-30", 
        "operating_revenue": 114065, 
        "accumulated_operating_revenue": 454049, 
        "long_term_average": 116407, 
        "short_term_average": 125308
    }, 
    {
        "date": "2012-05-31", 
        "operating_revenue": 140838, 
        "accumulated_operating_revenue": 594887, 
        "long_term_average": 119121, 
        "short_term_average": 135947
    }, 
    {
        "date": "2012-06-30", 
        "operating_revenue": 160701, 
        "accumulated_operating_revenue": 755588, 
        "long_term_average": 123279, 
        "short_term_average": 138534
    }, 
    {
        "date": "2012-07-31", 
        "operating_revenue": 162752, 
        "accumulated_operating_revenue": 918340, 
        "long_term_average": 126868, 
        "short_term_average": 154763
    }, 
    {
        "date": "2012-08-31", 
        "operating_revenue": 124919, 
        "accumulated_operating_revenue": 1043259, 
        "long_term_average": 126705, 
        "short_term_average": 149457
    }, 
    {
        "accumulated_operating_revenue_yoy": 876.745322882662, 
        "accumulated_operating_revenue": 1178873, 
        "long_term_average": 127949, 
        "date": "2012-09-30", 
        "operating_revenue": 135614, 
        "short_term_average": 141095
    }, 
    {
        "accumulated_operating_revenue_yoy": 453.35574814840396, 
        "accumulated_operating_revenue": 1282081, 
        "long_term_average": 127299, 
        "date": "2012-10-31", 
        "operating_revenue": 103208, 
        "short_term_average": 121247
    }, 
    {
        "accumulated_operating_revenue_yoy": 297.8466885477164, 
        "accumulated_operating_revenue": 1398821, 
        "long_term_average": 127036, 
        "date": "2012-11-30", 
        "operating_revenue": 116740, 
        "short_term_average": 118520
    }, 
    {
        "accumulated_operating_revenue_yoy": 213.9422895580562, 
        "accumulated_operating_revenue": 1498164, 
        "long_term_average": 124847, 
        "date": "2012-12-31", 
        "operating_revenue": 99343, 
        "short_term_average": 106430
    }, 
    {
        "accumulated_operating_revenue_yoy": 6.49232620355081, 
        "accumulated_operating_revenue": 83195, 
        "long_term_average": 125269, 
        "date": "2013-01-31", 
        "operating_revenue": 83195, 
        "short_term_average": 99759
    }, 
    {
        "accumulated_operating_revenue_yoy": -26.52049785077308, 
        "accumulated_operating_revenue": 137439, 
        "long_term_average": 120713, 
        "date": "2013-02-28", 
        "operating_revenue": 54244, 
        "short_term_average": 78927
    }, 
    {
        "accumulated_operating_revenue_yoy": -31.650607087392345, 
        "accumulated_operating_revenue": 232377, 
        "long_term_average": 115879, 
        "date": "2013-03-31", 
        "operating_revenue": 94938, 
        "short_term_average": 77459
    }, 
    {
        "accumulated_operating_revenue_yoy": -27.315994529224817, 
        "accumulated_operating_revenue": 330021, 
        "long_term_average": 114511, 
        "date": "2013-04-30", 
        "operating_revenue": 97644, 
        "short_term_average": 82275
    }, 
    {
        "accumulated_operating_revenue_yoy": -31.21500385787553, 
        "accumulated_operating_revenue": 409193, 
        "long_term_average": 109372, 
        "date": "2013-05-31", 
        "operating_revenue": 79172, 
        "short_term_average": 90584
    }, 
    {
        "accumulated_operating_revenue_yoy": -35.021863767026474, 
        "accumulated_operating_revenue": 490967, 
        "long_term_average": 102795, 
        "date": "2013-06-30", 
        "operating_revenue": 81774, 
        "short_term_average": 86196
    }, 
    {
        "accumulated_operating_revenue_yoy": -35.60086678136638, 
        "accumulated_operating_revenue": 591403, 
        "long_term_average": 97602, 
        "date": "2013-07-31", 
        "operating_revenue": 100436, 
        "short_term_average": 87127
    }, 
    {
        "accumulated_operating_revenue_yoy": -34.29397685522004, 
        "accumulated_operating_revenue": 685484, 
        "long_term_average": 95032, 
        "date": "2013-08-31", 
        "operating_revenue": 94081, 
        "short_term_average": 92097
    }, 
    {
        "accumulated_operating_revenue_yoy": -32.10014988891933, 
        "accumulated_operating_revenue": 800453, 
        "long_term_average": 93312, 
        "date": "2013-09-30", 
        "operating_revenue": 114969, 
        "short_term_average": 103162
    }, 
    {
        "accumulated_operating_revenue_yoy": -30.142011308177874, 
        "accumulated_operating_revenue": 895636, 
        "long_term_average": 92643, 
        "date": "2013-10-31", 
        "operating_revenue": 95183, 
        "short_term_average": 101411
    }, 
    {
        "accumulated_operating_revenue_yoy": -29.82104214906696, 
        "accumulated_operating_revenue": 981678, 
        "long_term_average": 90085, 
        "date": "2013-11-30", 
        "operating_revenue": 86042, 
        "short_term_average": 98731
    }, 
    {
        "accumulated_operating_revenue_yoy": -28.15439431197119, 
        "accumulated_operating_revenue": 1076365, 
        "long_term_average": 89697, 
        "date": "2013-12-31", 
        "operating_revenue": 94687, 
        "short_term_average": 91970
    }, 
    {
        "accumulated_operating_revenue_yoy": -41.01929202476111, 
        "accumulated_operating_revenue": 49069, 
        "long_term_average": 86853, 
        "date": "2014-01-31", 
        "operating_revenue": 49069, 
        "short_term_average": 76599
    }, 
    {
        "accumulated_operating_revenue_yoy": -20.996951374791724, 
        "accumulated_operating_revenue": 108581, 
        "long_term_average": 87292, 
        "date": "2014-02-28", 
        "operating_revenue": 59512, 
        "short_term_average": 67756
    }, 
    {
        "accumulated_operating_revenue_yoy": -5.682145823381832, 
        "accumulated_operating_revenue": 219173, 
        "long_term_average": 88596, 
        "date": "2014-03-31", 
        "operating_revenue": 110592, 
        "short_term_average": 73057
    }, 
    {
        "accumulated_operating_revenue_yoy": 2.781035146248269, 
        "accumulated_operating_revenue": 339199, 
        "long_term_average": 90461, 
        "date": "2014-04-30", 
        "operating_revenue": 120026, 
        "short_term_average": 96710
    }, 
    {
        "accumulated_operating_revenue_yoy": 7.639671255373381, 
        "accumulated_operating_revenue": 440454, 
        "long_term_average": 92302, 
        "date": "2014-05-31", 
        "operating_revenue": 101255, 
        "short_term_average": 110624
    }, 
    {
        "accumulated_operating_revenue_yoy": 6.699024578026629, 
        "accumulated_operating_revenue": 523857, 
        "long_term_average": 92437, 
        "date": "2014-06-30", 
        "operating_revenue": 83403, 
        "short_term_average": 101561
    }, 
    {
        "accumulated_operating_revenue_yoy": 0.19715828293059046, 
        "accumulated_operating_revenue": 592569, 
        "long_term_average": 89794, 
        "date": "2014-07-31", 
        "operating_revenue": 68712, 
        "short_term_average": 84456
    }, 
    {
        "accumulated_operating_revenue_yoy": -5.349942522363761, 
        "accumulated_operating_revenue": 648811, 
        "long_term_average": 86641, 
        "date": "2014-08-31", 
        "operating_revenue": 56242, 
        "short_term_average": 69452
    }, 
    {
        "accumulated_operating_revenue_yoy": -11.576319908851612, 
        "accumulated_operating_revenue": 707790, 
        "long_term_average": 81975, 
        "date": "2014-09-30", 
        "operating_revenue": 58979, 
        "short_term_average": 61311
    }, 
    {
        "accumulated_operating_revenue_yoy": -12.972904170890853, 
        "accumulated_operating_revenue": 779446, 
        "long_term_average": 80014, 
        "date": "2014-10-31", 
        "operating_revenue": 71656, 
        "short_term_average": 62292
    }, 
    {
        "accumulated_operating_revenue_yoy": -13.699909746373045, 
        "accumulated_operating_revenue": 847189, 
        "long_term_average": 78489, 
        "date": "2014-11-30", 
        "operating_revenue": 67743, 
        "short_term_average": 66126
    }, 
    {
        "accumulated_operating_revenue_yoy": -13.192736664607265, 
        "accumulated_operating_revenue": 934363, 
        "long_term_average": 77863, 
        "date": "2014-12-31", 
        "operating_revenue": 87174, 
        "short_term_average": 75524
    }, 
    {
        "accumulated_operating_revenue_yoy": 29.46259349079867, 
        "accumulated_operating_revenue": 63526, 
        "long_term_average": 79068, 
        "date": "2015-01-31", 
        "operating_revenue": 63526, 
        "short_term_average": 72814
    }, 
    {
        "accumulated_operating_revenue_yoy": 9.72637938497527, 
        "accumulated_operating_revenue": 119142, 
        "long_term_average": 78743, 
        "date": "2015-02-28", 
        "operating_revenue": 55616, 
        "short_term_average": 68772
    }, 
    {
        "accumulated_operating_revenue_yoy": -10.30692649185803, 
        "accumulated_operating_revenue": 196583, 
        "long_term_average": 75981, 
        "date": "2015-03-31", 
        "operating_revenue": 77441, 
        "short_term_average": 65527
    }, 
    {
        "accumulated_operating_revenue_yoy": -17.774226928735047, 
        "accumulated_operating_revenue": 278909, 
        "long_term_average": 72839, 
        "date": "2015-04-30", 
        "operating_revenue": 82326, 
        "short_term_average": 71794
    }, 
    {
        "accumulated_operating_revenue_yoy": -18.692984965512856, 
        "accumulated_operating_revenue": 358120, 
        "long_term_average": 71002, 
        "date": "2015-05-31", 
        "operating_revenue": 79211, 
        "short_term_average": 79659
    }, 
    {
        "accumulated_operating_revenue_yoy": -13.075514882878341, 
        "accumulated_operating_revenue": 455360, 
        "long_term_average": 72155, 
        "date": "2015-06-30", 
        "operating_revenue": 97240, 
        "short_term_average": 86259
    }, 
    {
        "accumulated_operating_revenue_yoy": -7.8898828659616, 
        "accumulated_operating_revenue": 545816, 
        "long_term_average": 73967, 
        "date": "2015-07-31", 
        "operating_revenue": 90456, 
        "short_term_average": 88969
    }, 
    {
        "accumulated_operating_revenue_yoy": -2.7857110930609994, 
        "accumulated_operating_revenue": 630737, 
        "long_term_average": 76357, 
        "date": "2015-08-31", 
        "operating_revenue": 84921, 
        "short_term_average": 90872
    }, 
    {
        "accumulated_operating_revenue_yoy": -0.3879681826530468, 
        "accumulated_operating_revenue": 705044, 
        "long_term_average": 77634, 
        "date": "2015-09-30", 
        "operating_revenue": 74307, 
        "short_term_average": 83228
    }
]