[
    {
        "date": "2012-01-31", 
        "operating_revenue": 206036, 
        "accumulated_operating_revenue": 206036, 
        "long_term_average": 206036, 
        "short_term_average": 206036
    }, 
    {
        "date": "2012-02-29", 
        "operating_revenue": 213916, 
        "accumulated_operating_revenue": 419952, 
        "long_term_average": 209976, 
        "short_term_average": 209976
    }, 
    {
        "date": "2012-03-31", 
        "operating_revenue": 233709, 
        "accumulated_operating_revenue": 653661, 
        "long_term_average": 217887, 
        "short_term_average": 217887
    }, 
    {
        "date": "2012-04-30", 
        "operating_revenue": 270619, 
        "accumulated_operating_revenue": 924280, 
        "long_term_average": 231070, 
        "short_term_average": 239414
    }, 
    {
        "date": "2012-05-31", 
        "operating_revenue": 267451, 
        "accumulated_operating_revenue": 1191731, 
        "long_term_average": 238346, 
        "short_term_average": 257259
    }, 
    {
        "date": "2012-06-30", 
        "operating_revenue": 293347, 
        "accumulated_operating_revenue": 1485078, 
        "long_term_average": 247513, 
        "short_term_average": 277139
    }, 
    {
        "date": "2012-07-31", 
        "operating_revenue": 259859, 
        "accumulated_operating_revenue": 1744937, 
        "long_term_average": 249276, 
        "short_term_average": 273552
    }, 
    {
        "date": "2012-08-31", 
        "operating_revenue": 223160, 
        "accumulated_operating_revenue": 1968097, 
        "long_term_average": 246012, 
        "short_term_average": 258788
    }, 
    {
        "date": "2012-09-30", 
        "operating_revenue": 228043, 
        "accumulated_operating_revenue": 2196140, 
        "long_term_average": 244015, 
        "short_term_average": 237020
    }, 
    {
        "date": "2012-10-31", 
        "operating_revenue": 241060, 
        "accumulated_operating_revenue": 2437200, 
        "long_term_average": 243720, 
        "short_term_average": 230754
    }, 
    {
        "date": "2012-11-30", 
        "operating_revenue": 223858, 
        "accumulated_operating_revenue": 2661058, 
        "long_term_average": 241914, 
        "short_term_average": 230987
    }, 
    {
        "date": "2012-12-31", 
        "operating_revenue": 196313, 
        "accumulated_operating_revenue": 2857371, 
        "long_term_average": 238114, 
        "short_term_average": 220410
    }, 
    {
        "accumulated_operating_revenue_yoy": 18.698188666058357, 
        "accumulated_operating_revenue": 244561, 
        "long_term_average": 241324, 
        "date": "2013-01-31", 
        "operating_revenue": 244561, 
        "short_term_average": 221577
    }, 
    {
        "accumulated_operating_revenue_yoy": 0.10953632796129081, 
        "accumulated_operating_revenue": 420412, 
        "long_term_average": 238152, 
        "date": "2013-02-28", 
        "operating_revenue": 175851, 
        "short_term_average": 205575
    }, 
    {
        "accumulated_operating_revenue_yoy": -2.6894674762606305, 
        "accumulated_operating_revenue": 636081, 
        "long_term_average": 236649, 
        "date": "2013-03-31", 
        "operating_revenue": 215669, 
        "short_term_average": 212027
    }, 
    {
        "accumulated_operating_revenue_yoy": -10.988228675293202, 
        "accumulated_operating_revenue": 822718, 
        "long_term_average": 229650, 
        "date": "2013-04-30", 
        "operating_revenue": 186637, 
        "short_term_average": 192719
    }, 
    {
        "accumulated_operating_revenue_yoy": -15.156608328557367, 
        "accumulated_operating_revenue": 1011105, 
        "long_term_average": 223062, 
        "date": "2013-05-31", 
        "operating_revenue": 188387, 
        "short_term_average": 196897
    }, 
    {
        "accumulated_operating_revenue_yoy": -21.63596794242457, 
        "accumulated_operating_revenue": 1163767, 
        "long_term_average": 211338, 
        "date": "2013-06-30", 
        "operating_revenue": 152662, 
        "short_term_average": 175895
    }, 
    {
        "accumulated_operating_revenue_yoy": -22.695031396548988, 
        "accumulated_operating_revenue": 1348923, 
        "long_term_average": 205113, 
        "date": "2013-07-31", 
        "operating_revenue": 185156, 
        "short_term_average": 175401
    }, 
    {
        "accumulated_operating_revenue_yoy": -22.76254676471739, 
        "accumulated_operating_revenue": 1520108, 
        "long_term_average": 200781, 
        "date": "2013-08-31", 
        "operating_revenue": 171185, 
        "short_term_average": 169667
    }, 
    {
        "accumulated_operating_revenue_yoy": -22.417332228364312, 
        "accumulated_operating_revenue": 1703824, 
        "long_term_average": 197087, 
        "date": "2013-09-30", 
        "operating_revenue": 183716, 
        "short_term_average": 180019
    }, 
    {
        "accumulated_operating_revenue_yoy": -22.252174626620715, 
        "accumulated_operating_revenue": 1894870, 
        "long_term_average": 192920, 
        "date": "2013-10-31", 
        "operating_revenue": 191046, 
        "short_term_average": 181982
    }, 
    {
        "accumulated_operating_revenue_yoy": -22.333786035479122, 
        "accumulated_operating_revenue": 2066743, 
        "long_term_average": 188588, 
        "date": "2013-11-30", 
        "operating_revenue": 171873, 
        "short_term_average": 182211
    }, 
    {
        "accumulated_operating_revenue_yoy": -21.266261888988165, 
        "accumulated_operating_revenue": 2249715, 
        "long_term_average": 187476, 
        "date": "2013-12-31", 
        "operating_revenue": 182972, 
        "short_term_average": 181963
    }, 
    {
        "accumulated_operating_revenue_yoy": -23.665670323559358, 
        "accumulated_operating_revenue": 186684, 
        "long_term_average": 182653, 
        "date": "2014-01-31", 
        "operating_revenue": 186684, 
        "short_term_average": 180509
    }, 
    {
        "accumulated_operating_revenue_yoy": -23.903694471137836, 
        "accumulated_operating_revenue": 319918, 
        "long_term_average": 179101, 
        "date": "2014-02-28", 
        "operating_revenue": 133234, 
        "short_term_average": 167630
    }, 
    {
        "accumulated_operating_revenue_yoy": -21.80099704282945, 
        "accumulated_operating_revenue": 497409, 
        "long_term_average": 175920, 
        "date": "2014-03-31", 
        "operating_revenue": 177491, 
        "short_term_average": 165803
    }, 
    {
        "accumulated_operating_revenue_yoy": -16.840642844814383, 
        "accumulated_operating_revenue": 684167, 
        "long_term_average": 175930, 
        "date": "2014-04-30", 
        "operating_revenue": 186758, 
        "short_term_average": 165827
    }, 
    {
        "accumulated_operating_revenue_yoy": -15.090717581260108, 
        "accumulated_operating_revenue": 858522, 
        "long_term_average": 174761, 
        "date": "2014-05-31", 
        "operating_revenue": 174355, 
        "short_term_average": 179534
    }, 
    {
        "accumulated_operating_revenue_yoy": -10.546011357943645, 
        "accumulated_operating_revenue": 1041036, 
        "long_term_average": 177248, 
        "date": "2014-06-30", 
        "operating_revenue": 182514, 
        "short_term_average": 181209
    }, 
    {
        "accumulated_operating_revenue_yoy": -7.889924035693661, 
        "accumulated_operating_revenue": 1242494, 
        "long_term_average": 178607, 
        "date": "2014-07-31", 
        "operating_revenue": 201458, 
        "short_term_average": 186109
    }, 
    {
        "accumulated_operating_revenue_yoy": -4.671575966970768, 
        "accumulated_operating_revenue": 1449095, 
        "long_term_average": 181558, 
        "date": "2014-08-31", 
        "operating_revenue": 206601, 
        "short_term_average": 196857
    }, 
    {
        "accumulated_operating_revenue_yoy": -3.990494323357342, 
        "accumulated_operating_revenue": 1635833, 
        "long_term_average": 181810, 
        "date": "2014-09-30", 
        "operating_revenue": 186738, 
        "short_term_average": 198265
    }, 
    {
        "accumulated_operating_revenue_yoy": -2.0776095457735884, 
        "accumulated_operating_revenue": 1855502, 
        "long_term_average": 184195, 
        "date": "2014-10-31", 
        "operating_revenue": 219669, 
        "short_term_average": 204336
    }, 
    {
        "accumulated_operating_revenue_yoy": -1.4329309449699357, 
        "accumulated_operating_revenue": 2037128, 
        "long_term_average": 185008, 
        "date": "2014-11-30", 
        "operating_revenue": 181626, 
        "short_term_average": 196011
    }, 
    {
        "accumulated_operating_revenue_yoy": -1.3974214511615914, 
        "accumulated_operating_revenue": 2218277, 
        "long_term_average": 184856, 
        "date": "2014-12-31", 
        "operating_revenue": 181149, 
        "short_term_average": 194148
    }, 
    {
        "accumulated_operating_revenue_yoy": 5.010606157999614, 
        "accumulated_operating_revenue": 196038, 
        "long_term_average": 185635, 
        "date": "2015-01-31", 
        "operating_revenue": 196038, 
        "short_term_average": 186271
    }, 
    {
        "accumulated_operating_revenue_yoy": 8.191786645327866, 
        "accumulated_operating_revenue": 346125, 
        "long_term_average": 187040, 
        "date": "2015-02-28", 
        "operating_revenue": 150087, 
        "short_term_average": 175758
    }, 
    {
        "accumulated_operating_revenue_yoy": 5.981797675554724, 
        "accumulated_operating_revenue": 527163, 
        "long_term_average": 187335, 
        "date": "2015-03-31", 
        "operating_revenue": 181038, 
        "short_term_average": 175721
    }, 
    {
        "accumulated_operating_revenue_yoy": 2.551131521982206, 
        "accumulated_operating_revenue": 701621, 
        "long_term_average": 186310, 
        "date": "2015-04-30", 
        "operating_revenue": 174458, 
        "short_term_average": 168527
    }, 
    {
        "accumulated_operating_revenue_yoy": -2.0439779062155656, 
        "accumulated_operating_revenue": 840974, 
        "long_term_average": 183394, 
        "date": "2015-05-31", 
        "operating_revenue": 139353, 
        "short_term_average": 164949
    }, 
    {
        "accumulated_operating_revenue_yoy": -5.261297399897794, 
        "accumulated_operating_revenue": 986264, 
        "long_term_average": 180292, 
        "date": "2015-06-30", 
        "operating_revenue": 145290, 
        "short_term_average": 153033
    }, 
    {
        "accumulated_operating_revenue_yoy": -8.495493740814846, 
        "accumulated_operating_revenue": 1136938, 
        "long_term_average": 176060, 
        "date": "2015-07-31", 
        "operating_revenue": 150674, 
        "short_term_average": 145105
    }, 
    {
        "accumulated_operating_revenue_yoy": -13.300577256839613, 
        "accumulated_operating_revenue": 1256357, 
        "long_term_average": 168794, 
        "date": "2015-08-31", 
        "operating_revenue": 119419, 
        "short_term_average": 138461
    }, 
    {
        "accumulated_operating_revenue_yoy": -13.907043078358244, 
        "accumulated_operating_revenue": 1408337, 
        "long_term_average": 165898, 
        "date": "2015-09-30", 
        "operating_revenue": 151980, 
        "short_term_average": 140691
    }
]