[
    {
        "date": "2012-01-31", 
        "operating_revenue": 35070, 
        "accumulated_operating_revenue": 35070, 
        "long_term_average": 35070, 
        "short_term_average": 35070
    }, 
    {
        "date": "2012-02-29", 
        "operating_revenue": 46173, 
        "accumulated_operating_revenue": 81243, 
        "long_term_average": 40621, 
        "short_term_average": 40621
    }, 
    {
        "date": "2012-03-31", 
        "operating_revenue": 44343, 
        "accumulated_operating_revenue": 125586, 
        "long_term_average": 41862, 
        "short_term_average": 41862
    }, 
    {
        "date": "2012-04-30", 
        "operating_revenue": 39267, 
        "accumulated_operating_revenue": 164853, 
        "long_term_average": 41213, 
        "short_term_average": 43261
    }, 
    {
        "date": "2012-05-31", 
        "operating_revenue": 40724, 
        "accumulated_operating_revenue": 205577, 
        "long_term_average": 41115, 
        "short_term_average": 41444
    }, 
    {
        "date": "2012-06-30", 
        "operating_revenue": 63910, 
        "accumulated_operating_revenue": 269487, 
        "long_term_average": 44914, 
        "short_term_average": 47967
    }, 
    {
        "date": "2012-07-31", 
        "operating_revenue": 44483, 
        "accumulated_operating_revenue": 313970, 
        "long_term_average": 44852, 
        "short_term_average": 49705
    }, 
    {
        "date": "2012-08-31", 
        "operating_revenue": 62531, 
        "accumulated_operating_revenue": 376501, 
        "long_term_average": 47062, 
        "short_term_average": 56974
    }, 
    {
        "date": "2012-09-30", 
        "operating_revenue": 47198, 
        "accumulated_operating_revenue": 423699, 
        "long_term_average": 47077, 
        "short_term_average": 51404
    }, 
    {
        "date": "2012-10-31", 
        "operating_revenue": 73707, 
        "accumulated_operating_revenue": 497406, 
        "long_term_average": 49740, 
        "short_term_average": 61145
    }, 
    {
        "date": "2012-11-30", 
        "operating_revenue": 53037, 
        "accumulated_operating_revenue": 550443, 
        "long_term_average": 50040, 
        "short_term_average": 57980
    }, 
    {
        "date": "2012-12-31", 
        "operating_revenue": 51245, 
        "accumulated_operating_revenue": 601688, 
        "long_term_average": 50140, 
        "short_term_average": 59329
    }, 
    {
        "accumulated_operating_revenue_yoy": 47.54776161961791, 
        "accumulated_operating_revenue": 51745, 
        "long_term_average": 51530, 
        "date": "2013-01-31", 
        "operating_revenue": 51745, 
        "short_term_average": 52009
    }, 
    {
        "accumulated_operating_revenue_yoy": 7.556343315731818, 
        "accumulated_operating_revenue": 87382, 
        "long_term_average": 50652, 
        "date": "2013-02-28", 
        "operating_revenue": 35637, 
        "short_term_average": 46209
    }, 
    {
        "accumulated_operating_revenue_yoy": 1.8353956651219083, 
        "accumulated_operating_revenue": 127891, 
        "long_term_average": 50332, 
        "date": "2013-03-31", 
        "operating_revenue": 40509, 
        "short_term_average": 42630
    }, 
    {
        "accumulated_operating_revenue_yoy": 14.111966418566842, 
        "accumulated_operating_revenue": 188117, 
        "long_term_average": 52079, 
        "date": "2013-04-30", 
        "operating_revenue": 60226, 
        "short_term_average": 45457
    }, 
    {
        "accumulated_operating_revenue_yoy": 21.442573828784347, 
        "accumulated_operating_revenue": 249658, 
        "long_term_average": 53814, 
        "date": "2013-05-31", 
        "operating_revenue": 61541, 
        "short_term_average": 54092
    }, 
    {
        "accumulated_operating_revenue_yoy": 15.598526088456957, 
        "accumulated_operating_revenue": 311523, 
        "long_term_average": 53643, 
        "date": "2013-06-30", 
        "operating_revenue": 61865, 
        "short_term_average": 61210
    }, 
    {
        "accumulated_operating_revenue_yoy": 16.920087906487883, 
        "accumulated_operating_revenue": 367094, 
        "long_term_average": 54567, 
        "date": "2013-07-31", 
        "operating_revenue": 55571, 
        "short_term_average": 59659
    }, 
    {
        "accumulated_operating_revenue_yoy": 14.767291454737173, 
        "accumulated_operating_revenue": 432100, 
        "long_term_average": 54773, 
        "date": "2013-08-31", 
        "operating_revenue": 65006, 
        "short_term_average": 60814
    }, 
    {
        "accumulated_operating_revenue_yoy": 16.152504490215932, 
        "accumulated_operating_revenue": 492137, 
        "long_term_average": 55843, 
        "date": "2013-09-30", 
        "operating_revenue": 60037, 
        "short_term_average": 60204
    }, 
    {
        "accumulated_operating_revenue_yoy": 9.001700823874259, 
        "accumulated_operating_revenue": 542181, 
        "long_term_average": 53871, 
        "date": "2013-10-31", 
        "operating_revenue": 50044, 
        "short_term_average": 58362
    }, 
    {
        "accumulated_operating_revenue_yoy": 9.418050552009927, 
        "accumulated_operating_revenue": 602284, 
        "long_term_average": 54460, 
        "date": "2013-11-30", 
        "operating_revenue": 60103, 
        "short_term_average": 56728
    }, 
    {
        "accumulated_operating_revenue_yoy": 10.138310885375809, 
        "accumulated_operating_revenue": 662689, 
        "long_term_average": 55224, 
        "date": "2013-12-31", 
        "operating_revenue": 60405, 
        "short_term_average": 56850
    }, 
    {
        "accumulated_operating_revenue_yoy": 2.2610880278287757, 
        "accumulated_operating_revenue": 52915, 
        "long_term_average": 55321, 
        "date": "2014-01-31", 
        "operating_revenue": 52915, 
        "short_term_average": 57807
    }, 
    {
        "accumulated_operating_revenue_yoy": 12.31146002609233, 
        "accumulated_operating_revenue": 98140, 
        "long_term_average": 56120, 
        "date": "2014-02-28", 
        "operating_revenue": 45225, 
        "short_term_average": 52848
    }, 
    {
        "accumulated_operating_revenue_yoy": 27.3287408809064, 
        "accumulated_operating_revenue": 162842, 
        "long_term_average": 58136, 
        "date": "2014-03-31", 
        "operating_revenue": 64702, 
        "short_term_average": 54280
    }, 
    {
        "accumulated_operating_revenue_yoy": 16.9155366075368, 
        "accumulated_operating_revenue": 219938, 
        "long_term_average": 57875, 
        "date": "2014-04-30", 
        "operating_revenue": 57096, 
        "short_term_average": 55674
    }, 
    {
        "accumulated_operating_revenue_yoy": 12.98736671766977, 
        "accumulated_operating_revenue": 282082, 
        "long_term_average": 57926, 
        "date": "2014-05-31", 
        "operating_revenue": 62144, 
        "short_term_average": 61314
    }, 
    {
        "accumulated_operating_revenue_yoy": 10.183196746307656, 
        "accumulated_operating_revenue": 343246, 
        "long_term_average": 57867, 
        "date": "2014-06-30", 
        "operating_revenue": 61164, 
        "short_term_average": 60134
    }, 
    {
        "accumulated_operating_revenue_yoy": 9.852789748674725, 
        "accumulated_operating_revenue": 403263, 
        "long_term_average": 58238, 
        "date": "2014-07-31", 
        "operating_revenue": 60017, 
        "short_term_average": 61108
    }, 
    {
        "accumulated_operating_revenue_yoy": 10.808609118259662, 
        "accumulated_operating_revenue": 478804, 
        "long_term_average": 59116, 
        "date": "2014-08-31", 
        "operating_revenue": 75541, 
        "short_term_average": 65574
    }, 
    {
        "accumulated_operating_revenue_yoy": 10.57043059148164, 
        "accumulated_operating_revenue": 544158, 
        "long_term_average": 59559, 
        "date": "2014-09-30", 
        "operating_revenue": 65354, 
        "short_term_average": 66970
    }, 
    {
        "accumulated_operating_revenue_yoy": 12.105367026878477, 
        "accumulated_operating_revenue": 607814, 
        "long_term_average": 60693, 
        "date": "2014-10-31", 
        "operating_revenue": 63656, 
        "short_term_average": 68183
    }, 
    {
        "accumulated_operating_revenue_yoy": 11.746119770739385, 
        "accumulated_operating_revenue": 673029, 
        "long_term_average": 61119, 
        "date": "2014-11-30", 
        "operating_revenue": 65215, 
        "short_term_average": 64741
    }, 
    {
        "accumulated_operating_revenue_yoy": 11.744423100428708, 
        "accumulated_operating_revenue": 740518, 
        "long_term_average": 61709, 
        "date": "2014-12-31", 
        "operating_revenue": 67489, 
        "short_term_average": 65453
    }, 
    {
        "accumulated_operating_revenue_yoy": 32.93962014551639, 
        "accumulated_operating_revenue": 70345, 
        "long_term_average": 63162, 
        "date": "2015-01-31", 
        "operating_revenue": 70345, 
        "short_term_average": 67683
    }, 
    {
        "accumulated_operating_revenue_yoy": 33.15263908701854, 
        "accumulated_operating_revenue": 130676, 
        "long_term_average": 64421, 
        "date": "2015-02-28", 
        "operating_revenue": 60331, 
        "short_term_average": 66055
    }, 
    {
        "accumulated_operating_revenue_yoy": 23.241547021038798, 
        "accumulated_operating_revenue": 200689, 
        "long_term_average": 64863, 
        "date": "2015-03-31", 
        "operating_revenue": 70013, 
        "short_term_average": 66896
    }, 
    {
        "accumulated_operating_revenue_yoy": 23.631659831407035, 
        "accumulated_operating_revenue": 271913, 
        "long_term_average": 66041, 
        "date": "2015-04-30", 
        "operating_revenue": 71224, 
        "short_term_average": 67189
    }, 
    {
        "accumulated_operating_revenue_yoy": 22.334640281903845, 
        "accumulated_operating_revenue": 345084, 
        "long_term_average": 66960, 
        "date": "2015-05-31", 
        "operating_revenue": 73171, 
        "short_term_average": 71469
    }, 
    {
        "accumulated_operating_revenue_yoy": 23.023720596889692, 
        "accumulated_operating_revenue": 422274, 
        "long_term_average": 68295, 
        "date": "2015-06-30", 
        "operating_revenue": 77190, 
        "short_term_average": 73861
    }, 
    {
        "accumulated_operating_revenue_yoy": 24.118255332128165, 
        "accumulated_operating_revenue": 500523, 
        "long_term_average": 69814, 
        "date": "2015-07-31", 
        "operating_revenue": 78249, 
        "short_term_average": 76203
    }, 
    {
        "accumulated_operating_revenue_yoy": 21.37409044201803, 
        "accumulated_operating_revenue": 581144, 
        "long_term_average": 70238, 
        "date": "2015-08-31", 
        "operating_revenue": 80621, 
        "short_term_average": 78686
    }
]