[
    {
        "date": "2012-01-31", 
        "operating_revenue": 198087, 
        "accumulated_operating_revenue": 198087, 
        "long_term_average": 198087, 
        "short_term_average": 198087
    }, 
    {
        "date": "2012-02-29", 
        "operating_revenue": 161712, 
        "accumulated_operating_revenue": 359799, 
        "long_term_average": 179899, 
        "short_term_average": 179899
    }, 
    {
        "date": "2012-03-31", 
        "operating_revenue": 213675, 
        "accumulated_operating_revenue": 573474, 
        "long_term_average": 191158, 
        "short_term_average": 191158
    }, 
    {
        "date": "2012-04-30", 
        "operating_revenue": 219930, 
        "accumulated_operating_revenue": 793404, 
        "long_term_average": 198351, 
        "short_term_average": 198439
    }, 
    {
        "date": "2012-05-31", 
        "operating_revenue": 224131, 
        "accumulated_operating_revenue": 1017535, 
        "long_term_average": 203507, 
        "short_term_average": 219245
    }, 
    {
        "date": "2012-06-30", 
        "operating_revenue": 308055, 
        "accumulated_operating_revenue": 1325590, 
        "long_term_average": 220931, 
        "short_term_average": 250705
    }, 
    {
        "date": "2012-07-31", 
        "operating_revenue": 354714, 
        "accumulated_operating_revenue": 1680304, 
        "long_term_average": 240043, 
        "short_term_average": 295633
    }, 
    {
        "date": "2012-08-31", 
        "operating_revenue": 345942, 
        "accumulated_operating_revenue": 2026246, 
        "long_term_average": 253280, 
        "short_term_average": 336237
    }, 
    {
        "date": "2012-09-30", 
        "operating_revenue": 322623, 
        "accumulated_operating_revenue": 2348869, 
        "long_term_average": 260985, 
        "short_term_average": 341093
    }, 
    {
        "date": "2012-10-31", 
        "operating_revenue": 279537, 
        "accumulated_operating_revenue": 2628406, 
        "long_term_average": 262840, 
        "short_term_average": 316034
    }, 
    {
        "date": "2012-11-30", 
        "operating_revenue": 241528, 
        "accumulated_operating_revenue": 2869934, 
        "long_term_average": 260903, 
        "short_term_average": 281229
    }, 
    {
        "date": "2012-12-31", 
        "operating_revenue": 269451, 
        "accumulated_operating_revenue": 3139385, 
        "long_term_average": 261615, 
        "short_term_average": 263505
    }, 
    {
        "accumulated_operating_revenue_yoy": 39.909231802187925, 
        "accumulated_operating_revenue": 277142, 
        "long_term_average": 268203, 
        "date": "2013-01-31", 
        "operating_revenue": 277142, 
        "short_term_average": 262707
    }, 
    {
        "accumulated_operating_revenue_yoy": 36.70104697344907, 
        "accumulated_operating_revenue": 491849, 
        "long_term_average": 272619, 
        "date": "2013-02-28", 
        "operating_revenue": 214707, 
        "short_term_average": 253766
    }, 
    {
        "accumulated_operating_revenue_yoy": 38.810826646020566, 
        "accumulated_operating_revenue": 796044, 
        "long_term_average": 280162, 
        "date": "2013-03-31", 
        "operating_revenue": 304195, 
        "short_term_average": 265348
    }, 
    {
        "accumulated_operating_revenue_yoy": 39.84426597294694, 
        "accumulated_operating_revenue": 1109530, 
        "long_term_average": 287959, 
        "date": "2013-04-30", 
        "operating_revenue": 313486, 
        "short_term_average": 277462
    }, 
    {
        "accumulated_operating_revenue_yoy": 40.20018967406527, 
        "accumulated_operating_revenue": 1426586, 
        "long_term_average": 295703, 
        "date": "2013-05-31", 
        "operating_revenue": 317056, 
        "short_term_average": 311579
    }, 
    {
        "accumulated_operating_revenue_yoy": 29.953077497567122, 
        "accumulated_operating_revenue": 1722645, 
        "long_term_average": 294703, 
        "date": "2013-06-30", 
        "operating_revenue": 296059, 
        "short_term_average": 308867
    }, 
    {
        "accumulated_operating_revenue_yoy": 22.944002989935157, 
        "accumulated_operating_revenue": 2065833, 
        "long_term_average": 293742, 
        "date": "2013-07-31", 
        "operating_revenue": 343188, 
        "short_term_average": 318767
    }, 
    {
        "accumulated_operating_revenue_yoy": 21.140819031845094, 
        "accumulated_operating_revenue": 2454611, 
        "long_term_average": 297312, 
        "date": "2013-08-31", 
        "operating_revenue": 388778, 
        "short_term_average": 342675
    }, 
    {
        "accumulated_operating_revenue_yoy": 24.086017568455286, 
        "accumulated_operating_revenue": 2914618, 
        "long_term_average": 308761, 
        "date": "2013-09-30", 
        "operating_revenue": 460007, 
        "short_term_average": 397324
    }, 
    {
        "accumulated_operating_revenue_yoy": 28.991868075175603, 
        "accumulated_operating_revenue": 3390430, 
        "long_term_average": 325117, 
        "date": "2013-10-31", 
        "operating_revenue": 475812, 
        "short_term_average": 441532
    }, 
    {
        "accumulated_operating_revenue_yoy": 34.31287966900981, 
        "accumulated_operating_revenue": 3854691, 
        "long_term_average": 343678, 
        "date": "2013-11-30", 
        "operating_revenue": 464261, 
        "short_term_average": 466693
    }, 
    {
        "accumulated_operating_revenue_yoy": 35.592162159149005, 
        "accumulated_operating_revenue": 4256760, 
        "long_term_average": 354730, 
        "date": "2013-12-31", 
        "operating_revenue": 402069, 
        "short_term_average": 447380
    }, 
    {
        "accumulated_operating_revenue_yoy": 5.82517265517316, 
        "accumulated_operating_revenue": 293286, 
        "long_term_average": 356075, 
        "date": "2014-01-31", 
        "operating_revenue": 293286, 
        "short_term_average": 386538
    }, 
    {
        "accumulated_operating_revenue_yoy": 20.417851820375766, 
        "accumulated_operating_revenue": 592274, 
        "long_term_average": 363098, 
        "date": "2014-02-28", 
        "operating_revenue": 298988, 
        "short_term_average": 331447
    }, 
    {
        "accumulated_operating_revenue_yoy": 15.999492490364856, 
        "accumulated_operating_revenue": 923407, 
        "long_term_average": 365343, 
        "date": "2014-03-31", 
        "operating_revenue": 331133, 
        "short_term_average": 307802
    }, 
    {
        "accumulated_operating_revenue_yoy": 20.769785404630788, 
        "accumulated_operating_revenue": 1339977, 
        "long_term_average": 373933, 
        "date": "2014-04-30", 
        "operating_revenue": 416570, 
        "short_term_average": 348897
    }, 
    {
        "accumulated_operating_revenue_yoy": 24.604825786878603, 
        "accumulated_operating_revenue": 1777595, 
        "long_term_average": 383980, 
        "date": "2014-05-31", 
        "operating_revenue": 437618, 
        "short_term_average": 395107
    }, 
    {
        "accumulated_operating_revenue_yoy": 30.562710250806173, 
        "accumulated_operating_revenue": 2249132, 
        "long_term_average": 398603, 
        "date": "2014-06-30", 
        "operating_revenue": 471537, 
        "short_term_average": 441908
    }, 
    {
        "accumulated_operating_revenue_yoy": 31.164668199220362, 
        "accumulated_operating_revenue": 2709643, 
        "long_term_average": 408380, 
        "date": "2014-07-31", 
        "operating_revenue": 460511, 
        "short_term_average": 456555
    }, 
    {
        "accumulated_operating_revenue_yoy": 26.13004667542026, 
        "accumulated_operating_revenue": 3096002, 
        "long_term_average": 408179, 
        "date": "2014-08-31", 
        "operating_revenue": 386359, 
        "short_term_average": 439469
    }, 
    {
        "accumulated_operating_revenue_yoy": 19.962753266465793, 
        "accumulated_operating_revenue": 3496456, 
        "long_term_average": 403216, 
        "date": "2014-09-30", 
        "operating_revenue": 400454, 
        "short_term_average": 415774
    }, 
    {
        "accumulated_operating_revenue_yoy": 15.976940977988043, 
        "accumulated_operating_revenue": 3932117, 
        "long_term_average": 399870, 
        "date": "2014-10-31", 
        "operating_revenue": 435661, 
        "short_term_average": 407491
    }, 
    {
        "accumulated_operating_revenue_yoy": 13.27330776967596, 
        "accumulated_operating_revenue": 4366336, 
        "long_term_average": 397367, 
        "date": "2014-11-30", 
        "operating_revenue": 434219, 
        "short_term_average": 423444
    }, 
    {
        "accumulated_operating_revenue_yoy": 15.911585337204823, 
        "accumulated_operating_revenue": 4934078, 
        "long_term_average": 411173, 
        "date": "2014-12-31", 
        "operating_revenue": 567742, 
        "short_term_average": 479207
    }, 
    {
        "accumulated_operating_revenue_yoy": 58.9496259623712, 
        "accumulated_operating_revenue": 466177, 
        "long_term_average": 425580, 
        "date": "2015-01-31", 
        "operating_revenue": 466177, 
        "short_term_average": 489379
    }, 
    {
        "accumulated_operating_revenue_yoy": 59.46943475486008, 
        "accumulated_operating_revenue": 944496, 
        "long_term_average": 440525, 
        "date": "2015-02-28", 
        "operating_revenue": 478319, 
        "short_term_average": 504079
    }, 
    {
        "accumulated_operating_revenue_yoy": 49.77490965522245, 
        "accumulated_operating_revenue": 1383032, 
        "long_term_average": 449475, 
        "date": "2015-03-31", 
        "operating_revenue": 438536, 
        "short_term_average": 461010
    }, 
    {
        "accumulated_operating_revenue_yoy": 38.6262600029702, 
        "accumulated_operating_revenue": 1857560, 
        "long_term_average": 454305, 
        "date": "2015-04-30", 
        "operating_revenue": 474528, 
        "short_term_average": 463794
    }, 
    {
        "accumulated_operating_revenue_yoy": 27.57557261355933, 
        "accumulated_operating_revenue": 2267777, 
        "long_term_average": 452021, 
        "date": "2015-05-31", 
        "operating_revenue": 410217, 
        "short_term_average": 441093
    }, 
    {
        "accumulated_operating_revenue_yoy": 21.127394923908422, 
        "accumulated_operating_revenue": 2724315, 
        "long_term_average": 450771, 
        "date": "2015-06-30", 
        "operating_revenue": 456538, 
        "short_term_average": 447094
    }, 
    {
        "accumulated_operating_revenue_yoy": 14.201317295304216, 
        "accumulated_operating_revenue": 3094448, 
        "long_term_average": 443240, 
        "date": "2015-07-31", 
        "operating_revenue": 370133, 
        "short_term_average": 412296
    }, 
    {
        "accumulated_operating_revenue_yoy": 11.913235198168477, 
        "accumulated_operating_revenue": 3464836, 
        "long_term_average": 441909, 
        "date": "2015-08-31", 
        "operating_revenue": 370388, 
        "short_term_average": 399019
    }, 
    {
        "accumulated_operating_revenue_yoy": 10.170240952553101, 
        "accumulated_operating_revenue": 3852054, 
        "long_term_average": 440806, 
        "date": "2015-09-30", 
        "operating_revenue": 387218, 
        "short_term_average": 375913
    }
]