[
    {
        "date": "2011-09-30", 
        "operating_revenue": 696125, 
        "accumulated_operating_revenue": 696125, 
        "long_term_average": 696125, 
        "short_term_average": 696125
    }, 
    {
        "date": "2011-10-31", 
        "operating_revenue": 664749, 
        "accumulated_operating_revenue": 1360874, 
        "long_term_average": 680437, 
        "short_term_average": 680437
    }, 
    {
        "date": "2011-11-30", 
        "operating_revenue": 664749, 
        "accumulated_operating_revenue": 2025623, 
        "long_term_average": 675207, 
        "short_term_average": 675207
    }, 
    {
        "date": "2011-12-31", 
        "operating_revenue": 618162, 
        "accumulated_operating_revenue": 2643785, 
        "long_term_average": 660946, 
        "short_term_average": 649220
    }, 
    {
        "date": "2012-01-31", 
        "operating_revenue": 506331, 
        "accumulated_operating_revenue": 506331, 
        "long_term_average": 630023, 
        "short_term_average": 596414
    }, 
    {
        "date": "2012-02-29", 
        "operating_revenue": 599746, 
        "accumulated_operating_revenue": 1106077, 
        "long_term_average": 624977, 
        "short_term_average": 574746
    }, 
    {
        "date": "2012-03-31", 
        "operating_revenue": 623532, 
        "accumulated_operating_revenue": 1729609, 
        "long_term_average": 624770, 
        "short_term_average": 576536
    }, 
    {
        "date": "2012-04-30", 
        "operating_revenue": 637501, 
        "accumulated_operating_revenue": 2367110, 
        "long_term_average": 626361, 
        "short_term_average": 620259
    }, 
    {
        "date": "2012-05-31", 
        "operating_revenue": 713309, 
        "accumulated_operating_revenue": 3080419, 
        "long_term_average": 636022, 
        "short_term_average": 658114
    }, 
    {
        "date": "2012-06-30", 
        "operating_revenue": 750823, 
        "accumulated_operating_revenue": 3831242, 
        "long_term_average": 647502, 
        "short_term_average": 700544
    }, 
    {
        "date": "2012-07-31", 
        "operating_revenue": 705334, 
        "accumulated_operating_revenue": 4536576, 
        "long_term_average": 652760, 
        "short_term_average": 723155
    }, 
    {
        "date": "2012-08-31", 
        "operating_revenue": 697172, 
        "accumulated_operating_revenue": 5233748, 
        "long_term_average": 656461, 
        "short_term_average": 717776
    }, 
    {
        "accumulated_operating_revenue_yoy": 755.2084754893158, 
        "accumulated_operating_revenue": 5953320, 
        "long_term_average": 658415, 
        "date": "2012-09-30", 
        "operating_revenue": 719572, 
        "short_term_average": 707359
    }, 
    {
        "accumulated_operating_revenue_yoy": 391.1710415512384, 
        "accumulated_operating_revenue": 6684219, 
        "long_term_average": 663927, 
        "date": "2012-10-31", 
        "operating_revenue": 730899, 
        "short_term_average": 715881
    }, 
    {
        "accumulated_operating_revenue_yoy": 266.28444680969756, 
        "accumulated_operating_revenue": 7419542, 
        "long_term_average": 669808, 
        "date": "2012-11-30", 
        "operating_revenue": 735323, 
        "short_term_average": 728598
    }, 
    {
        "accumulated_operating_revenue_yoy": 207.3814247376394, 
        "accumulated_operating_revenue": 8126504, 
        "long_term_average": 677208, 
        "date": "2012-12-31", 
        "operating_revenue": 706962, 
        "short_term_average": 724394
    }, 
    {
        "accumulated_operating_revenue_yoy": 32.56387619956116, 
        "accumulated_operating_revenue": 671212, 
        "long_term_average": 690948, 
        "date": "2013-01-31", 
        "operating_revenue": 671212, 
        "short_term_average": 704499
    }, 
    {
        "accumulated_operating_revenue_yoy": 7.267758031312467, 
        "accumulated_operating_revenue": 1186464, 
        "long_term_average": 683907, 
        "date": "2013-02-28", 
        "operating_revenue": 515252, 
        "short_term_average": 631142
    }, 
    {
        "accumulated_operating_revenue_yoy": 2.7202679912049486, 
        "accumulated_operating_revenue": 1776659, 
        "long_term_average": 681129, 
        "date": "2013-03-31", 
        "operating_revenue": 590195, 
        "short_term_average": 592219
    }, 
    {
        "accumulated_operating_revenue_yoy": 1.2343321603136315, 
        "accumulated_operating_revenue": 2396328, 
        "long_term_average": 679643, 
        "date": "2013-04-30", 
        "operating_revenue": 619669, 
        "short_term_average": 575038
    }, 
    {
        "accumulated_operating_revenue_yoy": -2.4204174821671987, 
        "accumulated_operating_revenue": 3005860, 
        "long_term_average": 670995, 
        "date": "2013-05-31", 
        "operating_revenue": 609532, 
        "short_term_average": 606465
    }, 
    {
        "accumulated_operating_revenue_yoy": -4.4871871836861255, 
        "accumulated_operating_revenue": 3659327, 
        "long_term_average": 662882, 
        "date": "2013-06-30", 
        "operating_revenue": 653467, 
        "short_term_average": 627556
    }, 
    {
        "accumulated_operating_revenue_yoy": -3.0090976101800124, 
        "accumulated_operating_revenue": 4400066, 
        "long_term_average": 665832, 
        "date": "2013-07-31", 
        "operating_revenue": 740739, 
        "short_term_average": 667912
    }, 
    {
        "accumulated_operating_revenue_yoy": -1.6681162333379445, 
        "accumulated_operating_revenue": 5146443, 
        "long_term_average": 669933, 
        "date": "2013-08-31", 
        "operating_revenue": 746377, 
        "short_term_average": 713527
    }, 
    {
        "accumulated_operating_revenue_yoy": -2.7193397969536326, 
        "accumulated_operating_revenue": 5791429, 
        "long_term_average": 663717, 
        "date": "2013-09-30", 
        "operating_revenue": 644986, 
        "short_term_average": 710700
    }, 
    {
        "accumulated_operating_revenue_yoy": -3.9260084087609934, 
        "accumulated_operating_revenue": 6421796, 
        "long_term_average": 655340, 
        "date": "2013-10-31", 
        "operating_revenue": 630367, 
        "short_term_average": 673910
    }, 
    {
        "accumulated_operating_revenue_yoy": -5.114682280927853, 
        "accumulated_operating_revenue": 7040056, 
        "long_term_average": 645584, 
        "date": "2013-11-30", 
        "operating_revenue": 618260, 
        "short_term_average": 631204
    }, 
    {
        "accumulated_operating_revenue_yoy": -4.41371837139316, 
        "accumulated_operating_revenue": 7767823, 
        "long_term_average": 647318, 
        "date": "2013-12-31", 
        "operating_revenue": 727767, 
        "short_term_average": 658798
    }, 
    {
        "accumulated_operating_revenue_yoy": 2.2648581968141213, 
        "accumulated_operating_revenue": 686414, 
        "long_term_average": 648585, 
        "date": "2014-01-31", 
        "operating_revenue": 686414, 
        "short_term_average": 677480
    }, 
    {
        "accumulated_operating_revenue_yoy": -0.9669067076624324, 
        "accumulated_operating_revenue": 1174992, 
        "long_term_average": 646362, 
        "date": "2014-02-28", 
        "operating_revenue": 488578, 
        "short_term_average": 634253
    }, 
    {
        "accumulated_operating_revenue_yoy": 0.43244089045787626, 
        "accumulated_operating_revenue": 1784342, 
        "long_term_average": 647958, 
        "date": "2014-03-31", 
        "operating_revenue": 609350, 
        "short_term_average": 594780
    }, 
    {
        "accumulated_operating_revenue_yoy": -0.03363479456902394, 
        "accumulated_operating_revenue": 2395522, 
        "long_term_average": 647251, 
        "date": "2014-04-30", 
        "operating_revenue": 611180, 
        "short_term_average": 569702
    }, 
    {
        "accumulated_operating_revenue_yoy": 1.4243843691988316, 
        "accumulated_operating_revenue": 3048675, 
        "long_term_average": 650886, 
        "date": "2014-05-31", 
        "operating_revenue": 653153, 
        "short_term_average": 624561
    }, 
    {
        "accumulated_operating_revenue_yoy": 1.8645505034122396, 
        "accumulated_operating_revenue": 3727557, 
        "long_term_average": 653004, 
        "date": "2014-06-30", 
        "operating_revenue": 678882, 
        "short_term_average": 647738
    }, 
    {
        "accumulated_operating_revenue_yoy": 0.19976973072676638, 
        "accumulated_operating_revenue": 4408856, 
        "long_term_average": 648051, 
        "date": "2014-07-31", 
        "operating_revenue": 681299, 
        "short_term_average": 671111
    }, 
    {
        "accumulated_operating_revenue_yoy": -1.0710698632045472, 
        "accumulated_operating_revenue": 5091321, 
        "long_term_average": 642725, 
        "date": "2014-08-31", 
        "operating_revenue": 682465, 
        "short_term_average": 680882
    }, 
    {
        "accumulated_operating_revenue_yoy": 0.01426245577732197, 
        "accumulated_operating_revenue": 5792255, 
        "long_term_average": 647387, 
        "date": "2014-09-30", 
        "operating_revenue": 700934, 
        "short_term_average": 688232
    }, 
    {
        "accumulated_operating_revenue_yoy": 1.2200480986938858, 
        "accumulated_operating_revenue": 6500145, 
        "long_term_average": 653847, 
        "date": "2014-10-31", 
        "operating_revenue": 707890, 
        "short_term_average": 697096
    }, 
    {
        "accumulated_operating_revenue_yoy": 2.3143849992102337, 
        "accumulated_operating_revenue": 7202990, 
        "long_term_average": 660896, 
        "date": "2014-11-30", 
        "operating_revenue": 702845, 
        "short_term_average": 703889
    }, 
    {
        "accumulated_operating_revenue_yoy": 1.7829577218739407, 
        "accumulated_operating_revenue": 7906320, 
        "long_term_average": 658860, 
        "date": "2014-12-31", 
        "operating_revenue": 703330, 
        "short_term_average": 704688
    }, 
    {
        "accumulated_operating_revenue_yoy": 3.5130402351933383, 
        "accumulated_operating_revenue": 710528, 
        "long_term_average": 660869, 
        "date": "2015-01-31", 
        "operating_revenue": 710528, 
        "short_term_average": 705567
    }, 
    {
        "accumulated_operating_revenue_yoy": 12.588596347890027, 
        "accumulated_operating_revenue": 1322907, 
        "long_term_average": 671186, 
        "date": "2015-02-28", 
        "operating_revenue": 612379, 
        "short_term_average": 675412
    }, 
    {
        "accumulated_operating_revenue_yoy": 10.67738135402294, 
        "accumulated_operating_revenue": 1974863, 
        "long_term_average": 674736, 
        "date": "2015-03-31", 
        "operating_revenue": 651956, 
        "short_term_average": 658287
    }, 
    {
        "accumulated_operating_revenue_yoy": 10.976062837243825, 
        "accumulated_operating_revenue": 2658456, 
        "long_term_average": 680771, 
        "date": "2015-04-30", 
        "operating_revenue": 683593, 
        "short_term_average": 649309
    }, 
    {
        "accumulated_operating_revenue_yoy": 9.520693415992193, 
        "accumulated_operating_revenue": 3338930, 
        "long_term_average": 683047, 
        "date": "2015-05-31", 
        "operating_revenue": 680474, 
        "short_term_average": 672007
    }, 
    {
        "accumulated_operating_revenue_yoy": 7.053949812169204, 
        "accumulated_operating_revenue": 3990497, 
        "long_term_average": 680771, 
        "date": "2015-06-30", 
        "operating_revenue": 651567, 
        "short_term_average": 671878
    }, 
    {
        "accumulated_operating_revenue_yoy": 4.525164804656809, 
        "accumulated_operating_revenue": 4608364, 
        "long_term_average": 675485, 
        "date": "2015-07-31", 
        "operating_revenue": 617867, 
        "short_term_average": 649969
    }, 
    {
        "accumulated_operating_revenue_yoy": 3.6568309089134234, 
        "accumulated_operating_revenue": 5277502, 
        "long_term_average": 674375, 
        "date": "2015-08-31", 
        "operating_revenue": 669138, 
        "short_term_average": 646190
    }
]