[
    {
        "date": "2011-09-30", 
        "operating_revenue": 125808, 
        "accumulated_operating_revenue": 125808, 
        "long_term_average": 125808, 
        "short_term_average": 125808
    }, 
    {
        "date": "2011-10-31", 
        "operating_revenue": 109043, 
        "accumulated_operating_revenue": 234851, 
        "long_term_average": 117425, 
        "short_term_average": 117425
    }, 
    {
        "date": "2011-11-30", 
        "operating_revenue": 152398, 
        "accumulated_operating_revenue": 387249, 
        "long_term_average": 129083, 
        "short_term_average": 129083
    }, 
    {
        "date": "2011-12-31", 
        "operating_revenue": 284105, 
        "accumulated_operating_revenue": 671354, 
        "long_term_average": 167838, 
        "short_term_average": 181848
    }, 
    {
        "date": "2012-01-31", 
        "operating_revenue": 62587, 
        "accumulated_operating_revenue": 62587, 
        "long_term_average": 146788, 
        "short_term_average": 166363
    }, 
    {
        "date": "2012-02-29", 
        "operating_revenue": 73292, 
        "accumulated_operating_revenue": 135879, 
        "long_term_average": 134538, 
        "short_term_average": 139994
    }, 
    {
        "date": "2012-03-31", 
        "operating_revenue": 223498, 
        "accumulated_operating_revenue": 359377, 
        "long_term_average": 147247, 
        "short_term_average": 119792
    }, 
    {
        "date": "2012-04-30", 
        "operating_revenue": 58028, 
        "accumulated_operating_revenue": 417405, 
        "long_term_average": 136094, 
        "short_term_average": 118272
    }, 
    {
        "date": "2012-05-31", 
        "operating_revenue": 79695, 
        "accumulated_operating_revenue": 497100, 
        "long_term_average": 129828, 
        "short_term_average": 120407
    }, 
    {
        "date": "2012-06-30", 
        "operating_revenue": 150377, 
        "accumulated_operating_revenue": 647477, 
        "long_term_average": 131883, 
        "short_term_average": 96033
    }, 
    {
        "date": "2012-07-31", 
        "operating_revenue": 76273, 
        "accumulated_operating_revenue": 723750, 
        "long_term_average": 126827, 
        "short_term_average": 102115
    }, 
    {
        "date": "2012-08-31", 
        "operating_revenue": 92587, 
        "accumulated_operating_revenue": 816337, 
        "long_term_average": 123974, 
        "short_term_average": 106412
    }, 
    {
        "accumulated_operating_revenue_yoy": 610.8172771206919, 
        "accumulated_operating_revenue": 894265, 
        "long_term_average": 119984, 
        "date": "2012-09-30", 
        "operating_revenue": 77928, 
        "short_term_average": 82262
    }, 
    {
        "accumulated_operating_revenue_yoy": 342.9548948056427, 
        "accumulated_operating_revenue": 1040284, 
        "long_term_average": 123065, 
        "date": "2012-10-31", 
        "operating_revenue": 146019, 
        "short_term_average": 105511
    }, 
    {
        "accumulated_operating_revenue_yoy": 212.82224098706516, 
        "accumulated_operating_revenue": 1211401, 
        "long_term_average": 124625, 
        "date": "2012-11-30", 
        "operating_revenue": 171117, 
        "short_term_average": 131688
    }, 
    {
        "accumulated_operating_revenue_yoy": 102.34168560848673, 
        "accumulated_operating_revenue": 1358429, 
        "long_term_average": 113202, 
        "date": "2012-12-31", 
        "operating_revenue": 147028, 
        "short_term_average": 154721
    }, 
    {
        "accumulated_operating_revenue_yoy": 11.23715787623628, 
        "accumulated_operating_revenue": 69620, 
        "long_term_average": 113788, 
        "date": "2013-01-31", 
        "operating_revenue": 69620, 
        "short_term_average": 129255
    }, 
    {
        "accumulated_operating_revenue_yoy": -3.029165654736935, 
        "accumulated_operating_revenue": 131763, 
        "long_term_average": 112859, 
        "date": "2013-02-28", 
        "operating_revenue": 62143, 
        "short_term_average": 92930
    }, 
    {
        "accumulated_operating_revenue_yoy": -11.85217751831642, 
        "accumulated_operating_revenue": 316783, 
        "long_term_average": 109652, 
        "date": "2013-03-31", 
        "operating_revenue": 185020, 
        "short_term_average": 105594
    }, 
    {
        "accumulated_operating_revenue_yoy": -13.12849630454834, 
        "accumulated_operating_revenue": 362606, 
        "long_term_average": 108635, 
        "date": "2013-04-30", 
        "operating_revenue": 45823, 
        "short_term_average": 97662
    }, 
    {
        "accumulated_operating_revenue_yoy": -5.747133373566687, 
        "accumulated_operating_revenue": 468531, 
        "long_term_average": 110821, 
        "date": "2013-05-31", 
        "operating_revenue": 105925, 
        "short_term_average": 112256
    }, 
    {
        "accumulated_operating_revenue_yoy": -13.211743428724109, 
        "accumulated_operating_revenue": 561934, 
        "long_term_average": 106073, 
        "date": "2013-06-30", 
        "operating_revenue": 93403, 
        "short_term_average": 81717
    }, 
    {
        "accumulated_operating_revenue_yoy": -10.763799654576857, 
        "accumulated_operating_revenue": 645847, 
        "long_term_average": 106710, 
        "date": "2013-07-31", 
        "operating_revenue": 83913, 
        "short_term_average": 94413
    }, 
    {
        "accumulated_operating_revenue_yoy": -16.1414954853204, 
        "accumulated_operating_revenue": 684568, 
        "long_term_average": 102221, 
        "date": "2013-08-31", 
        "operating_revenue": 38721, 
        "short_term_average": 72012
    }, 
    {
        "accumulated_operating_revenue_yoy": -13.378472824051036, 
        "accumulated_operating_revenue": 774626, 
        "long_term_average": 103232, 
        "date": "2013-09-30", 
        "operating_revenue": 90058, 
        "short_term_average": 70897
    }, 
    {
        "accumulated_operating_revenue_yoy": -22.1316486651722, 
        "accumulated_operating_revenue": 810052, 
        "long_term_average": 94016, 
        "date": "2013-10-31", 
        "operating_revenue": 35426, 
        "short_term_average": 54735
    }, 
    {
        "accumulated_operating_revenue_yoy": -21.243750005159313, 
        "accumulated_operating_revenue": 954054, 
        "long_term_average": 91756, 
        "date": "2013-11-30", 
        "operating_revenue": 144002, 
        "short_term_average": 89828
    }, 
    {
        "accumulated_operating_revenue_yoy": -15.001078451652608, 
        "accumulated_operating_revenue": 1154650, 
        "long_term_average": 96220, 
        "date": "2013-12-31", 
        "operating_revenue": 200596, 
        "short_term_average": 126674
    }, 
    {
        "accumulated_operating_revenue_yoy": -62.16891697787992, 
        "accumulated_operating_revenue": 26338, 
        "long_term_average": 92614, 
        "date": "2014-01-31", 
        "operating_revenue": 26338, 
        "short_term_average": 123645
    }, 
    {
        "accumulated_operating_revenue_yoy": -31.183260854716423, 
        "accumulated_operating_revenue": 90675, 
        "long_term_average": 92796, 
        "date": "2014-02-28", 
        "operating_revenue": 64337, 
        "short_term_average": 97090
    }, 
    {
        "accumulated_operating_revenue_yoy": -39.93048869415341, 
        "accumulated_operating_revenue": 190290, 
        "long_term_average": 85679, 
        "date": "2014-03-31", 
        "operating_revenue": 99615, 
        "short_term_average": 63430
    }, 
    {
        "accumulated_operating_revenue_yoy": -33.817697445712426, 
        "accumulated_operating_revenue": 239981, 
        "long_term_average": 86002, 
        "date": "2014-04-30", 
        "operating_revenue": 49691, 
        "short_term_average": 71214
    }, 
    {
        "accumulated_operating_revenue_yoy": -20.93714183266422, 
        "accumulated_operating_revenue": 370434, 
        "long_term_average": 88046, 
        "date": "2014-05-31", 
        "operating_revenue": 130453, 
        "short_term_average": 93253
    }, 
    {
        "accumulated_operating_revenue_yoy": -10.017190630928187, 
        "accumulated_operating_revenue": 505644, 
        "long_term_average": 91530, 
        "date": "2014-06-30", 
        "operating_revenue": 135210, 
        "short_term_average": 105118
    }, 
    {
        "accumulated_operating_revenue_yoy": -14.148707046715398, 
        "accumulated_operating_revenue": 554468, 
        "long_term_average": 88605, 
        "date": "2014-07-31", 
        "operating_revenue": 48824, 
        "short_term_average": 104829
    }, 
    {
        "accumulated_operating_revenue_yoy": -11.213787381238971, 
        "accumulated_operating_revenue": 607802, 
        "long_term_average": 89823, 
        "date": "2014-08-31", 
        "operating_revenue": 53334, 
        "short_term_average": 79122
    }, 
    {
        "accumulated_operating_revenue_yoy": -3.6544087082024097, 
        "accumulated_operating_revenue": 746318, 
        "long_term_average": 93861, 
        "date": "2014-09-30", 
        "operating_revenue": 138516, 
        "short_term_average": 80224
    }, 
    {
        "accumulated_operating_revenue_yoy": -3.4502723281962147, 
        "accumulated_operating_revenue": 782103, 
        "long_term_average": 93891, 
        "date": "2014-10-31", 
        "operating_revenue": 35785, 
        "short_term_average": 75878
    }, 
    {
        "accumulated_operating_revenue_yoy": -10.731048766631659, 
        "accumulated_operating_revenue": 851674, 
        "long_term_average": 87689, 
        "date": "2014-11-30", 
        "operating_revenue": 69571, 
        "short_term_average": 81290
    }, 
    {
        "accumulated_operating_revenue_yoy": 10.711297795868878, 
        "accumulated_operating_revenue": 1278328, 
        "long_term_average": 106527, 
        "date": "2014-12-31", 
        "operating_revenue": 426654, 
        "short_term_average": 177336
    }, 
    {
        "accumulated_operating_revenue_yoy": -33.252335029235326, 
        "accumulated_operating_revenue": 17580, 
        "long_term_average": 105797, 
        "date": "2015-01-31", 
        "operating_revenue": 17580, 
        "short_term_average": 171268
    }, 
    {
        "accumulated_operating_revenue_yoy": -41.68513923352633, 
        "accumulated_operating_revenue": 52877, 
        "long_term_average": 103377, 
        "date": "2015-02-28", 
        "operating_revenue": 35297, 
        "short_term_average": 159843
    }, 
    {
        "accumulated_operating_revenue_yoy": -20.16238373009617, 
        "accumulated_operating_revenue": 151923, 
        "long_term_average": 103330, 
        "date": "2015-03-31", 
        "operating_revenue": 99046, 
        "short_term_average": 50641
    }, 
    {
        "accumulated_operating_revenue_yoy": -18.550218558969252, 
        "accumulated_operating_revenue": 195464, 
        "long_term_average": 102817, 
        "date": "2015-04-30", 
        "operating_revenue": 43541, 
        "short_term_average": 59294
    }, 
    {
        "accumulated_operating_revenue_yoy": -27.466971174352246, 
        "accumulated_operating_revenue": 268687, 
        "long_term_average": 98048, 
        "date": "2015-05-31", 
        "operating_revenue": 73223, 
        "short_term_average": 71936
    }, 
    {
        "accumulated_operating_revenue_yoy": -22.53621124743891, 
        "accumulated_operating_revenue": 391691, 
        "long_term_average": 97031, 
        "date": "2015-06-30", 
        "operating_revenue": 123004, 
        "short_term_average": 79922
    }, 
    {
        "accumulated_operating_revenue_yoy": -22.454316570117662, 
        "accumulated_operating_revenue": 429966, 
        "long_term_average": 96152, 
        "date": "2015-07-31", 
        "operating_revenue": 38275, 
        "short_term_average": 78167
    }, 
    {
        "accumulated_operating_revenue_yoy": 19.440047910339224, 
        "accumulated_operating_revenue": 725959, 
        "long_term_average": 116373, 
        "date": "2015-08-31", 
        "operating_revenue": 295993, 
        "short_term_average": 152424
    }, 
    {
        "accumulated_operating_revenue_yoy": 9.650443912648496, 
        "accumulated_operating_revenue": 818341, 
        "long_term_average": 112529, 
        "date": "2015-09-30", 
        "operating_revenue": 92382, 
        "short_term_average": 142216
    }
]