[
    {
        "date": "2011-09-30", 
        "operating_revenue": 2085063, 
        "accumulated_operating_revenue": 2085063, 
        "long_term_average": 2085063, 
        "short_term_average": 2085063
    }, 
    {
        "date": "2011-10-31", 
        "operating_revenue": 2345071, 
        "accumulated_operating_revenue": 4430134, 
        "long_term_average": 2215067, 
        "short_term_average": 2215067
    }, 
    {
        "date": "2011-11-30", 
        "operating_revenue": 2504066, 
        "accumulated_operating_revenue": 6934200, 
        "long_term_average": 2311400, 
        "short_term_average": 2311400
    }, 
    {
        "date": "2011-12-31", 
        "operating_revenue": 2309165, 
        "accumulated_operating_revenue": 9243365, 
        "long_term_average": 2310841, 
        "short_term_average": 2386100
    }, 
    {
        "date": "2012-01-31", 
        "operating_revenue": 1833452, 
        "accumulated_operating_revenue": 1833452, 
        "long_term_average": 2215363, 
        "short_term_average": 2215561
    }, 
    {
        "date": "2012-02-29", 
        "operating_revenue": 1944964, 
        "accumulated_operating_revenue": 3778416, 
        "long_term_average": 2170296, 
        "short_term_average": 2029193
    }, 
    {
        "date": "2012-03-31", 
        "operating_revenue": 2543884, 
        "accumulated_operating_revenue": 6322300, 
        "long_term_average": 2223666, 
        "short_term_average": 2107433
    }, 
    {
        "date": "2012-04-30", 
        "operating_revenue": 2411813, 
        "accumulated_operating_revenue": 8734113, 
        "long_term_average": 2247184, 
        "short_term_average": 2300220
    }, 
    {
        "date": "2012-05-31", 
        "operating_revenue": 2329572, 
        "accumulated_operating_revenue": 11063685, 
        "long_term_average": 2256338, 
        "short_term_average": 2428423
    }, 
    {
        "date": "2012-06-30", 
        "operating_revenue": 2106978, 
        "accumulated_operating_revenue": 13170663, 
        "long_term_average": 2241402, 
        "short_term_average": 2282787
    }, 
    {
        "date": "2012-07-31", 
        "operating_revenue": 2008045, 
        "accumulated_operating_revenue": 15178708, 
        "long_term_average": 2220188, 
        "short_term_average": 2148198
    }, 
    {
        "date": "2012-08-31", 
        "operating_revenue": 2096504, 
        "accumulated_operating_revenue": 17275212, 
        "long_term_average": 2209881, 
        "short_term_average": 2070509
    }, 
    {
        "accumulated_operating_revenue_yoy": 829.5353665572694, 
        "accumulated_operating_revenue": 19381398, 
        "long_term_average": 2211641, 
        "date": "2012-09-30", 
        "operating_revenue": 2106186, 
        "short_term_average": 2070245
    }, 
    {
        "accumulated_operating_revenue_yoy": 379.5349756914802, 
        "accumulated_operating_revenue": 21244042, 
        "long_term_average": 2171439, 
        "date": "2012-10-31", 
        "operating_revenue": 1862644, 
        "short_term_average": 2021778
    }, 
    {
        "accumulated_operating_revenue_yoy": 232.5209108476825, 
        "accumulated_operating_revenue": 23057665, 
        "long_term_average": 2113902, 
        "date": "2012-11-30", 
        "operating_revenue": 1813623, 
        "short_term_average": 1927484
    }, 
    {
        "accumulated_operating_revenue_yoy": 169.57163327424593, 
        "accumulated_operating_revenue": 24917490, 
        "long_term_average": 2076457, 
        "date": "2012-12-31", 
        "operating_revenue": 1859825, 
        "short_term_average": 1845364
    }, 
    {
        "accumulated_operating_revenue_yoy": -7.833420236799219, 
        "accumulated_operating_revenue": 1689830, 
        "long_term_average": 2064489, 
        "date": "2013-01-31", 
        "operating_revenue": 1689830, 
        "short_term_average": 1787759
    }, 
    {
        "accumulated_operating_revenue_yoy": -24.509529919415968, 
        "accumulated_operating_revenue": 2852344, 
        "long_term_average": 1999284, 
        "date": "2013-02-28", 
        "operating_revenue": 1162514, 
        "short_term_average": 1570723
    }, 
    {
        "accumulated_operating_revenue_yoy": -23.29889438969995, 
        "accumulated_operating_revenue": 4849274, 
        "long_term_average": 1953705, 
        "date": "2013-03-31", 
        "operating_revenue": 1996930, 
        "short_term_average": 1616424
    }, 
    {
        "accumulated_operating_revenue_yoy": -20.219935327147702, 
        "accumulated_operating_revenue": 6968081, 
        "long_term_average": 1929288, 
        "date": "2013-04-30", 
        "operating_revenue": 2118807, 
        "short_term_average": 1759417
    }, 
    {
        "accumulated_operating_revenue_yoy": -17.672610888686727, 
        "accumulated_operating_revenue": 9108443, 
        "long_term_average": 1913520, 
        "date": "2013-05-31", 
        "operating_revenue": 2140362, 
        "short_term_average": 2085366
    }, 
    {
        "accumulated_operating_revenue_yoy": -17.055284156917537, 
        "accumulated_operating_revenue": 10924369, 
        "long_term_average": 1889266, 
        "date": "2013-06-30", 
        "operating_revenue": 1815926, 
        "short_term_average": 2025031
    }, 
    {
        "accumulated_operating_revenue_yoy": -14.465572432120046, 
        "accumulated_operating_revenue": 12983021, 
        "long_term_average": 1893483, 
        "date": "2013-07-31", 
        "operating_revenue": 2058652, 
        "short_term_average": 2004980
    }, 
    {
        "accumulated_operating_revenue_yoy": -12.931465037882026, 
        "accumulated_operating_revenue": 15041274, 
        "long_term_average": 1890296, 
        "date": "2013-08-31", 
        "operating_revenue": 2058253, 
        "short_term_average": 1977610
    }, 
    {
        "accumulated_operating_revenue_yoy": -10.768485328044964, 
        "accumulated_operating_revenue": 17294315, 
        "long_term_average": 1902533, 
        "date": "2013-09-30", 
        "operating_revenue": 2253041, 
        "short_term_average": 2123315
    }, 
    {
        "accumulated_operating_revenue_yoy": -9.423974025282005, 
        "accumulated_operating_revenue": 19242009, 
        "long_term_average": 1909621, 
        "date": "2013-10-31", 
        "operating_revenue": 1947694, 
        "short_term_average": 2086329
    }, 
    {
        "accumulated_operating_revenue_yoy": -7.4532698779343, 
        "accumulated_operating_revenue": 21339115, 
        "long_term_average": 1933245, 
        "date": "2013-11-30", 
        "operating_revenue": 2097106, 
        "short_term_average": 2099280
    }, 
    {
        "accumulated_operating_revenue_yoy": -3.2657181762689578, 
        "accumulated_operating_revenue": 24103755, 
        "long_term_average": 2008646, 
        "date": "2013-12-31", 
        "operating_revenue": 2764640, 
        "short_term_average": 2269813
    }, 
    {
        "accumulated_operating_revenue_yoy": -0.45193895243900273, 
        "accumulated_operating_revenue": 1682193, 
        "long_term_average": 2008009, 
        "date": "2014-01-31", 
        "operating_revenue": 1682193, 
        "short_term_average": 2181313
    }, 
    {
        "accumulated_operating_revenue_yoy": 8.765983345627316, 
        "accumulated_operating_revenue": 3102380, 
        "long_term_average": 2029482, 
        "date": "2014-02-28", 
        "operating_revenue": 1420187, 
        "short_term_average": 1955673
    }, 
    {
        "accumulated_operating_revenue_yoy": 12.118700654984643, 
        "accumulated_operating_revenue": 5436943, 
        "long_term_average": 2057618, 
        "date": "2014-03-31", 
        "operating_revenue": 2334563, 
        "short_term_average": 1812314
    }, 
    {
        "accumulated_operating_revenue_yoy": 5.0578200798756505, 
        "accumulated_operating_revenue": 7320514, 
        "long_term_average": 2038015, 
        "date": "2014-04-30", 
        "operating_revenue": 1883571, 
        "short_term_average": 1879440
    }, 
    {
        "accumulated_operating_revenue_yoy": 1.5534268590142135, 
        "accumulated_operating_revenue": 9249936, 
        "long_term_average": 2020437, 
        "date": "2014-05-31", 
        "operating_revenue": 1929422, 
        "short_term_average": 2049185
    }, 
    {
        "accumulated_operating_revenue_yoy": 4.664251088552575, 
        "accumulated_operating_revenue": 11433909, 
        "long_term_average": 2051107, 
        "date": "2014-06-30", 
        "operating_revenue": 2183973, 
        "short_term_average": 1998988
    }, 
    {
        "accumulated_operating_revenue_yoy": 1.278569910654847, 
        "accumulated_operating_revenue": 13149018, 
        "long_term_average": 2022479, 
        "date": "2014-07-31", 
        "operating_revenue": 1715109, 
        "short_term_average": 1942834
    }, 
    {
        "accumulated_operating_revenue_yoy": -0.32775149232704626, 
        "accumulated_operating_revenue": 14991976, 
        "long_term_average": 2004538, 
        "date": "2014-08-31", 
        "operating_revenue": 1842958, 
        "short_term_average": 1914013
    }, 
    {
        "accumulated_operating_revenue_yoy": -1.7154134176462035, 
        "accumulated_operating_revenue": 16997646, 
        "long_term_average": 1983923, 
        "date": "2014-09-30", 
        "operating_revenue": 2005670, 
        "short_term_average": 1854579
    }, 
    {
        "accumulated_operating_revenue_yoy": -2.2853123080859175, 
        "accumulated_operating_revenue": 18802269, 
        "long_term_average": 1972001, 
        "date": "2014-10-31", 
        "operating_revenue": 1804623, 
        "short_term_average": 1884417
    }, 
    {
        "accumulated_operating_revenue_yoy": -2.346011069343785, 
        "accumulated_operating_revenue": 20838497, 
        "long_term_average": 1966928, 
        "date": "2014-11-30", 
        "operating_revenue": 2036228, 
        "short_term_average": 1948840
    }, 
    {
        "accumulated_operating_revenue_yoy": -3.42786009897628, 
        "accumulated_operating_revenue": 23277512, 
        "long_term_average": 1939792, 
        "date": "2014-12-31", 
        "operating_revenue": 2439015, 
        "short_term_average": 2093288
    }, 
    {
        "accumulated_operating_revenue_yoy": 28.350789713189865, 
        "accumulated_operating_revenue": 2159108, 
        "long_term_average": 1979535, 
        "date": "2015-01-31", 
        "operating_revenue": 2159108, 
        "short_term_average": 2211450
    }, 
    {
        "accumulated_operating_revenue_yoy": 15.632514392176331, 
        "accumulated_operating_revenue": 3587360, 
        "long_term_average": 1980207, 
        "date": "2015-02-28", 
        "operating_revenue": 1428252, 
        "short_term_average": 2008791
    }, 
    {
        "accumulated_operating_revenue_yoy": 7.726419055708328, 
        "accumulated_operating_revenue": 5857024, 
        "long_term_average": 1974799, 
        "date": "2015-03-31", 
        "operating_revenue": 2269664, 
        "short_term_average": 1952341
    }, 
    {
        "accumulated_operating_revenue_yoy": 8.046702731529507, 
        "accumulated_operating_revenue": 7909574, 
        "long_term_average": 1988881, 
        "date": "2015-04-30", 
        "operating_revenue": 2052550, 
        "short_term_average": 1916822
    }, 
    {
        "accumulated_operating_revenue_yoy": 4.820865787611936, 
        "accumulated_operating_revenue": 9695863, 
        "long_term_average": 1976953, 
        "date": "2015-05-31", 
        "operating_revenue": 1786289, 
        "short_term_average": 2036167
    }, 
    {
        "accumulated_operating_revenue_yoy": 6.334517792646417, 
        "accumulated_operating_revenue": 12158192, 
        "long_term_average": 2000149, 
        "date": "2015-06-30", 
        "operating_revenue": 2462329, 
        "short_term_average": 2100389
    }, 
    {
        "accumulated_operating_revenue_yoy": 4.397301760481278, 
        "accumulated_operating_revenue": 13727220, 
        "long_term_average": 1987976, 
        "date": "2015-07-31", 
        "operating_revenue": 1569028, 
        "short_term_average": 1939215
    }, 
    {
        "accumulated_operating_revenue_yoy": 2.796155756919568, 
        "accumulated_operating_revenue": 15411175, 
        "long_term_average": 1974725, 
        "date": "2015-08-31", 
        "operating_revenue": 1683955, 
        "short_term_average": 1905104
    }
]