[
    {
        "date": "2012-01-31", 
        "operating_revenue": 138616, 
        "accumulated_operating_revenue": 138616, 
        "long_term_average": 138616, 
        "short_term_average": 138616
    }, 
    {
        "date": "2012-02-29", 
        "operating_revenue": 231203, 
        "accumulated_operating_revenue": 369819, 
        "long_term_average": 184909, 
        "short_term_average": 184909
    }, 
    {
        "date": "2012-03-31", 
        "operating_revenue": 302679, 
        "accumulated_operating_revenue": 672498, 
        "long_term_average": 224166, 
        "short_term_average": 224166
    }, 
    {
        "date": "2012-04-30", 
        "operating_revenue": 323360, 
        "accumulated_operating_revenue": 995858, 
        "long_term_average": 248964, 
        "short_term_average": 285747
    }, 
    {
        "date": "2012-05-31", 
        "operating_revenue": 348985, 
        "accumulated_operating_revenue": 1344843, 
        "long_term_average": 268968, 
        "short_term_average": 325008
    }, 
    {
        "date": "2012-06-30", 
        "operating_revenue": 311890, 
        "accumulated_operating_revenue": 1656733, 
        "long_term_average": 276122, 
        "short_term_average": 328078
    }, 
    {
        "date": "2012-07-31", 
        "operating_revenue": 330116, 
        "accumulated_operating_revenue": 1986849, 
        "long_term_average": 283835, 
        "short_term_average": 330330
    }, 
    {
        "date": "2012-08-31", 
        "operating_revenue": 338607, 
        "accumulated_operating_revenue": 2325456, 
        "long_term_average": 290682, 
        "short_term_average": 326871
    }, 
    {
        "date": "2012-09-30", 
        "operating_revenue": 351274, 
        "accumulated_operating_revenue": 2676730, 
        "long_term_average": 297414, 
        "short_term_average": 339999
    }, 
    {
        "date": "2012-10-31", 
        "operating_revenue": 381144, 
        "accumulated_operating_revenue": 3057874, 
        "long_term_average": 305787, 
        "short_term_average": 357008
    }, 
    {
        "date": "2012-11-30", 
        "operating_revenue": 328581, 
        "accumulated_operating_revenue": 3386455, 
        "long_term_average": 307859, 
        "short_term_average": 353666
    }, 
    {
        "date": "2012-12-31", 
        "operating_revenue": 247056, 
        "accumulated_operating_revenue": 3633511, 
        "long_term_average": 302792, 
        "short_term_average": 318927
    }, 
    {
        "accumulated_operating_revenue_yoy": 96.4131124834074, 
        "accumulated_operating_revenue": 272260, 
        "long_term_average": 313929, 
        "date": "2013-01-31", 
        "operating_revenue": 272260, 
        "short_term_average": 282632
    }, 
    {
        "accumulated_operating_revenue_yoy": 39.70482857830452, 
        "accumulated_operating_revenue": 516655, 
        "long_term_average": 315028, 
        "date": "2013-02-28", 
        "operating_revenue": 244395, 
        "short_term_average": 254570
    }, 
    {
        "accumulated_operating_revenue_yoy": 18.839907330579422, 
        "accumulated_operating_revenue": 799196, 
        "long_term_average": 313350, 
        "date": "2013-03-31", 
        "operating_revenue": 282541, 
        "short_term_average": 266398
    }, 
    {
        "accumulated_operating_revenue_yoy": 10.760771113953997, 
        "accumulated_operating_revenue": 1103020, 
        "long_term_average": 311722, 
        "date": "2013-04-30", 
        "operating_revenue": 303824, 
        "short_term_average": 276920
    }, 
    {
        "accumulated_operating_revenue_yoy": 8.462846592501876, 
        "accumulated_operating_revenue": 1458655, 
        "long_term_average": 312276, 
        "date": "2013-05-31", 
        "operating_revenue": 355635, 
        "short_term_average": 314000
    }, 
    {
        "accumulated_operating_revenue_yoy": 6.839484696689207, 
        "accumulated_operating_revenue": 1770045, 
        "long_term_average": 312235, 
        "date": "2013-06-30", 
        "operating_revenue": 311390, 
        "short_term_average": 323616
    }, 
    {
        "accumulated_operating_revenue_yoy": 7.659515141815004, 
        "accumulated_operating_revenue": 2139032, 
        "long_term_average": 315474, 
        "date": "2013-07-31", 
        "operating_revenue": 368987, 
        "short_term_average": 345337
    }, 
    {
        "accumulated_operating_revenue_yoy": 7.736074129117042, 
        "accumulated_operating_revenue": 2505355, 
        "long_term_average": 317784, 
        "date": "2013-08-31", 
        "operating_revenue": 366323, 
        "short_term_average": 348900
    }, 
    {
        "accumulated_operating_revenue_yoy": 6.8987533296223384, 
        "accumulated_operating_revenue": 2861391, 
        "long_term_average": 318181, 
        "date": "2013-09-30", 
        "operating_revenue": 356036, 
        "short_term_average": 363782
    }, 
    {
        "accumulated_operating_revenue_yoy": 5.836244397251162, 
        "accumulated_operating_revenue": 3236339, 
        "long_term_average": 317664, 
        "date": "2013-10-31", 
        "operating_revenue": 374948, 
        "short_term_average": 365769
    }, 
    {
        "accumulated_operating_revenue_yoy": 6.999207135485339, 
        "accumulated_operating_revenue": 3623480, 
        "long_term_average": 322544, 
        "date": "2013-11-30", 
        "operating_revenue": 387141, 
        "short_term_average": 372708
    }, 
    {
        "accumulated_operating_revenue_yoy": 7.730621979677507, 
        "accumulated_operating_revenue": 3914404, 
        "long_term_average": 326200, 
        "date": "2013-12-31", 
        "operating_revenue": 290924, 
        "short_term_average": 351004
    }, 
    {
        "accumulated_operating_revenue_yoy": 38.27921839418203, 
        "accumulated_operating_revenue": 376479, 
        "long_term_average": 334885, 
        "date": "2014-01-31", 
        "operating_revenue": 376479, 
        "short_term_average": 351514
    }, 
    {
        "accumulated_operating_revenue_yoy": 37.50665337604397, 
        "accumulated_operating_revenue": 710435, 
        "long_term_average": 342348, 
        "date": "2014-02-28", 
        "operating_revenue": 333956, 
        "short_term_average": 333786
    }, 
    {
        "accumulated_operating_revenue_yoy": 36.28771915775354, 
        "accumulated_operating_revenue": 1089206, 
        "long_term_average": 350367, 
        "date": "2014-03-31", 
        "operating_revenue": 378771, 
        "short_term_average": 363068
    }, 
    {
        "accumulated_operating_revenue_yoy": 33.80972239850592, 
        "accumulated_operating_revenue": 1475948, 
        "long_term_average": 357277, 
        "date": "2014-04-30", 
        "operating_revenue": 386742, 
        "short_term_average": 366489
    }, 
    {
        "accumulated_operating_revenue_yoy": 30.096561558421968, 
        "accumulated_operating_revenue": 1897660, 
        "long_term_average": 362784, 
        "date": "2014-05-31", 
        "operating_revenue": 421712, 
        "short_term_average": 395741
    }, 
    {
        "accumulated_operating_revenue_yoy": 29.647212359007824, 
        "accumulated_operating_revenue": 2294814, 
        "long_term_average": 369931, 
        "date": "2014-06-30", 
        "operating_revenue": 397154, 
        "short_term_average": 401869
    }, 
    {
        "accumulated_operating_revenue_yoy": 25.17634144790728, 
        "accumulated_operating_revenue": 2677562, 
        "long_term_average": 371077, 
        "date": "2014-07-31", 
        "operating_revenue": 382748, 
        "short_term_average": 400538
    }, 
    {
        "accumulated_operating_revenue_yoy": 20.114115564460924, 
        "accumulated_operating_revenue": 3009285, 
        "long_term_average": 368194, 
        "date": "2014-08-31", 
        "operating_revenue": 331723, 
        "short_term_average": 370541
    }, 
    {
        "accumulated_operating_revenue_yoy": 14.203336768725421, 
        "accumulated_operating_revenue": 3267804, 
        "long_term_average": 360068, 
        "date": "2014-09-30", 
        "operating_revenue": 258519, 
        "short_term_average": 324330
    }, 
    {
        "accumulated_operating_revenue_yoy": 9.25987666928588, 
        "accumulated_operating_revenue": 3536020, 
        "long_term_average": 351173, 
        "date": "2014-10-31", 
        "operating_revenue": 268216, 
        "short_term_average": 286152
    }, 
    {
        "accumulated_operating_revenue_yoy": 4.630106968991136, 
        "accumulated_operating_revenue": 3791251, 
        "long_term_average": 340181, 
        "date": "2014-11-30", 
        "operating_revenue": 255231, 
        "short_term_average": 260655
    }, 
    {
        "accumulated_operating_revenue_yoy": 3.343420863048372, 
        "accumulated_operating_revenue": 4045279, 
        "long_term_average": 337106, 
        "date": "2014-12-31", 
        "operating_revenue": 254028, 
        "short_term_average": 259158
    }, 
    {
        "accumulated_operating_revenue_yoy": -27.06498901665166, 
        "accumulated_operating_revenue": 274585, 
        "long_term_average": 328615, 
        "date": "2015-01-31", 
        "operating_revenue": 274585, 
        "short_term_average": 261281
    }, 
    {
        "accumulated_operating_revenue_yoy": -27.204740757423266, 
        "accumulated_operating_revenue": 517163, 
        "long_term_average": 321000, 
        "date": "2015-02-28", 
        "operating_revenue": 242578, 
        "short_term_average": 257063
    }, 
    {
        "accumulated_operating_revenue_yoy": -27.965233390194328, 
        "accumulated_operating_revenue": 784607, 
        "long_term_average": 311723, 
        "date": "2015-03-31", 
        "operating_revenue": 267444, 
        "short_term_average": 261535
    }, 
    {
        "accumulated_operating_revenue_yoy": -25.75287205240293, 
        "accumulated_operating_revenue": 1095849, 
        "long_term_average": 305431, 
        "date": "2015-04-30", 
        "operating_revenue": 311242, 
        "short_term_average": 273754
    }, 
    {
        "accumulated_operating_revenue_yoy": -25.966611511018833, 
        "accumulated_operating_revenue": 1404902, 
        "long_term_average": 296043, 
        "date": "2015-05-31", 
        "operating_revenue": 309053, 
        "short_term_average": 295913
    }, 
    {
        "accumulated_operating_revenue_yoy": -30.50913930279317, 
        "accumulated_operating_revenue": 1594686, 
        "long_term_average": 278762, 
        "date": "2015-06-30", 
        "operating_revenue": 189784, 
        "short_term_average": 270026
    }, 
    {
        "accumulated_operating_revenue_yoy": -33.318630903784864, 
        "accumulated_operating_revenue": 1785435, 
        "long_term_average": 262762, 
        "date": "2015-07-31", 
        "operating_revenue": 190749, 
        "short_term_average": 229862
    }, 
    {
        "accumulated_operating_revenue_yoy": -34.96800735058328, 
        "accumulated_operating_revenue": 1956998, 
        "long_term_average": 249416, 
        "date": "2015-08-31", 
        "operating_revenue": 171563, 
        "short_term_average": 184032
    }
]