[
    {
        "date": "2011-09-30", 
        "operating_revenue": 573372, 
        "accumulated_operating_revenue": 573372, 
        "long_term_average": 573372, 
        "short_term_average": 573372
    }, 
    {
        "date": "2011-10-31", 
        "operating_revenue": 499497, 
        "accumulated_operating_revenue": 1072869, 
        "long_term_average": 536434, 
        "short_term_average": 536434
    }, 
    {
        "date": "2011-11-30", 
        "operating_revenue": 503518, 
        "accumulated_operating_revenue": 1576387, 
        "long_term_average": 525462, 
        "short_term_average": 525462
    }, 
    {
        "date": "2011-12-31", 
        "operating_revenue": 495745, 
        "accumulated_operating_revenue": 2072132, 
        "long_term_average": 518033, 
        "short_term_average": 499586
    }, 
    {
        "date": "2012-01-31", 
        "operating_revenue": 398466, 
        "accumulated_operating_revenue": 398466, 
        "long_term_average": 494119, 
        "short_term_average": 465909
    }, 
    {
        "date": "2012-02-29", 
        "operating_revenue": 460837, 
        "accumulated_operating_revenue": 859303, 
        "long_term_average": 488572, 
        "short_term_average": 451682
    }, 
    {
        "date": "2012-03-31", 
        "operating_revenue": 532566, 
        "accumulated_operating_revenue": 1391869, 
        "long_term_average": 494857, 
        "short_term_average": 463956
    }, 
    {
        "date": "2012-04-30", 
        "operating_revenue": 537357, 
        "accumulated_operating_revenue": 1929226, 
        "long_term_average": 500169, 
        "short_term_average": 510253
    }, 
    {
        "date": "2012-05-31", 
        "operating_revenue": 601535, 
        "accumulated_operating_revenue": 2530761, 
        "long_term_average": 511432, 
        "short_term_average": 557152
    }, 
    {
        "date": "2012-06-30", 
        "operating_revenue": 575844, 
        "accumulated_operating_revenue": 3106605, 
        "long_term_average": 517873, 
        "short_term_average": 571578
    }, 
    {
        "date": "2012-07-31", 
        "operating_revenue": 543496, 
        "accumulated_operating_revenue": 3650101, 
        "long_term_average": 520203, 
        "short_term_average": 573625
    }, 
    {
        "date": "2012-08-31", 
        "operating_revenue": 540435, 
        "accumulated_operating_revenue": 4190536, 
        "long_term_average": 521889, 
        "short_term_average": 553258
    }, 
    {
        "accumulated_operating_revenue_yoy": 728.631324864137, 
        "accumulated_operating_revenue": 4751140, 
        "long_term_average": 520825, 
        "date": "2012-09-30", 
        "operating_revenue": 560604, 
        "short_term_average": 548178
    }, 
    {
        "accumulated_operating_revenue_yoy": 401.08494140477546, 
        "accumulated_operating_revenue": 5375985, 
        "long_term_average": 531270, 
        "date": "2012-10-31", 
        "operating_revenue": 624845, 
        "short_term_average": 575294
    }, 
    {
        "accumulated_operating_revenue_yoy": 277.99385556973004, 
        "accumulated_operating_revenue": 5958646, 
        "long_term_average": 537865, 
        "date": "2012-11-30", 
        "operating_revenue": 582661, 
        "short_term_average": 589370
    }, 
    {
        "accumulated_operating_revenue_yoy": 212.1440622508605, 
        "accumulated_operating_revenue": 6468037, 
        "long_term_average": 539003, 
        "date": "2012-12-31", 
        "operating_revenue": 509391, 
        "short_term_average": 572299
    }, 
    {
        "accumulated_operating_revenue_yoy": 47.19223221052737, 
        "accumulated_operating_revenue": 586511, 
        "long_term_average": 554673, 
        "date": "2013-01-31", 
        "operating_revenue": 586511, 
        "short_term_average": 559521
    }, 
    {
        "accumulated_operating_revenue_yoy": 14.309504330835573, 
        "accumulated_operating_revenue": 982265, 
        "long_term_average": 549249, 
        "date": "2013-02-28", 
        "operating_revenue": 395754, 
        "short_term_average": 497218
    }, 
    {
        "accumulated_operating_revenue_yoy": 12.347282682493827, 
        "accumulated_operating_revenue": 1563727, 
        "long_term_average": 553324, 
        "date": "2013-03-31", 
        "operating_revenue": 581462, 
        "short_term_average": 521242
    }, 
    {
        "accumulated_operating_revenue_yoy": 13.41040396511347, 
        "accumulated_operating_revenue": 2187943, 
        "long_term_average": 560562, 
        "date": "2013-04-30", 
        "operating_revenue": 624216, 
        "short_term_average": 533810
    }, 
    {
        "accumulated_operating_revenue_yoy": 10.5000037538116, 
        "accumulated_operating_revenue": 2796491, 
        "long_term_average": 561147, 
        "date": "2013-05-31", 
        "operating_revenue": 608548, 
        "short_term_average": 604742
    }, 
    {
        "accumulated_operating_revenue_yoy": 8.181181708006006, 
        "accumulated_operating_revenue": 3360762, 
        "long_term_average": 560182, 
        "date": "2013-06-30", 
        "operating_revenue": 564271, 
        "short_term_average": 599011
    }, 
    {
        "accumulated_operating_revenue_yoy": 9.722251521259274, 
        "accumulated_operating_revenue": 4004973, 
        "long_term_average": 568575, 
        "date": "2013-07-31", 
        "operating_revenue": 644211, 
        "short_term_average": 605676
    }, 
    {
        "accumulated_operating_revenue_yoy": 10.44021576237503, 
        "accumulated_operating_revenue": 4628037, 
        "long_term_average": 575461, 
        "date": "2013-08-31", 
        "operating_revenue": 623064, 
        "short_term_average": 610515
    }, 
    {
        "accumulated_operating_revenue_yoy": 11.021628493372116, 
        "accumulated_operating_revenue": 5274793, 
        "long_term_average": 582640, 
        "date": "2013-09-30", 
        "operating_revenue": 646756, 
        "short_term_average": 638010
    }, 
    {
        "accumulated_operating_revenue_yoy": 9.630253804651613, 
        "accumulated_operating_revenue": 5893706, 
        "long_term_average": 582146, 
        "date": "2013-10-31", 
        "operating_revenue": 618913, 
        "short_term_average": 629577
    }, 
    {
        "accumulated_operating_revenue_yoy": 9.692772485561317, 
        "accumulated_operating_revenue": 6536204, 
        "long_term_average": 587132, 
        "date": "2013-11-30", 
        "operating_revenue": 642498, 
        "short_term_average": 636055
    }, 
    {
        "accumulated_operating_revenue_yoy": 10.868908140135872, 
        "accumulated_operating_revenue": 7171042, 
        "long_term_average": 597586, 
        "date": "2013-12-31", 
        "operating_revenue": 634838, 
        "short_term_average": 632083
    }, 
    {
        "accumulated_operating_revenue_yoy": 12.345037006978556, 
        "accumulated_operating_revenue": 658916, 
        "long_term_average": 603620, 
        "date": "2014-01-31", 
        "operating_revenue": 658916, 
        "short_term_average": 645417
    }, 
    {
        "accumulated_operating_revenue_yoy": 19.62830804314518, 
        "accumulated_operating_revenue": 1175067, 
        "long_term_average": 613653, 
        "date": "2014-02-28", 
        "operating_revenue": 516151, 
        "short_term_average": 603301
    }, 
    {
        "accumulated_operating_revenue_yoy": 16.648814019326903, 
        "accumulated_operating_revenue": 1824069, 
        "long_term_average": 619282, 
        "date": "2014-03-31", 
        "operating_revenue": 649002, 
        "short_term_average": 608023
    }, 
    {
        "accumulated_operating_revenue_yoy": 12.520892911744044, 
        "accumulated_operating_revenue": 2461893, 
        "long_term_average": 620416, 
        "date": "2014-04-30", 
        "operating_revenue": 637824, 
        "short_term_average": 600992
    }, 
    {
        "accumulated_operating_revenue_yoy": 11.068335281608272, 
        "accumulated_operating_revenue": 3106016, 
        "long_term_average": 623380, 
        "date": "2014-05-31", 
        "operating_revenue": 644123, 
        "short_term_average": 643649
    }, 
    {
        "accumulated_operating_revenue_yoy": 11.39845665953138, 
        "accumulated_operating_revenue": 3743837, 
        "long_term_average": 629509, 
        "date": "2014-06-30", 
        "operating_revenue": 637821, 
        "short_term_average": 639922
    }, 
    {
        "accumulated_operating_revenue_yoy": 9.192496428814875, 
        "accumulated_operating_revenue": 4373130, 
        "long_term_average": 628266, 
        "date": "2014-07-31", 
        "operating_revenue": 629293, 
        "short_term_average": 637079
    }, 
    {
        "accumulated_operating_revenue_yoy": 7.802206421426622, 
        "accumulated_operating_revenue": 4989126, 
        "long_term_average": 627677, 
        "date": "2014-08-31", 
        "operating_revenue": 615996, 
        "short_term_average": 627703
    }, 
    {
        "accumulated_operating_revenue_yoy": 6.316209944162737, 
        "accumulated_operating_revenue": 5607960, 
        "long_term_average": 625350, 
        "date": "2014-09-30", 
        "operating_revenue": 618834, 
        "short_term_average": 621374
    }, 
    {
        "accumulated_operating_revenue_yoy": 6.4445698512956024, 
        "accumulated_operating_revenue": 6273530, 
        "long_term_average": 629238, 
        "date": "2014-10-31", 
        "operating_revenue": 665570, 
        "short_term_average": 633466
    }, 
    {
        "accumulated_operating_revenue_yoy": 5.044013314149925, 
        "accumulated_operating_revenue": 6865891, 
        "long_term_average": 625060, 
        "date": "2014-11-30", 
        "operating_revenue": 592361, 
        "short_term_average": 625588
    }, 
    {
        "accumulated_operating_revenue_yoy": 4.90927259943534, 
        "accumulated_operating_revenue": 7523088, 
        "long_term_average": 626924, 
        "date": "2014-12-31", 
        "operating_revenue": 657197, 
        "short_term_average": 638376
    }, 
    {
        "accumulated_operating_revenue_yoy": -5.475660023432425, 
        "accumulated_operating_revenue": 622836, 
        "long_term_average": 623917, 
        "date": "2015-01-31", 
        "operating_revenue": 622836, 
        "short_term_average": 624131
    }, 
    {
        "accumulated_operating_revenue_yoy": -11.707417534489522, 
        "accumulated_operating_revenue": 1037497, 
        "long_term_average": 615459, 
        "date": "2015-02-28", 
        "operating_revenue": 414661, 
        "short_term_average": 564898
    }, 
    {
        "accumulated_operating_revenue_yoy": -8.667435277941788, 
        "accumulated_operating_revenue": 1665969, 
        "long_term_average": 613749, 
        "date": "2015-03-31", 
        "operating_revenue": 628472, 
        "short_term_average": 555323
    }, 
    {
        "accumulated_operating_revenue_yoy": -6.881574463228094, 
        "accumulated_operating_revenue": 2292476, 
        "long_term_average": 612805, 
        "date": "2015-04-30", 
        "operating_revenue": 626507, 
        "short_term_average": 556546
    }, 
    {
        "accumulated_operating_revenue_yoy": -6.437603669781482, 
        "accumulated_operating_revenue": 2906063, 
        "long_term_average": 610261, 
        "date": "2015-05-31", 
        "operating_revenue": 613587, 
        "short_term_average": 622855
    }, 
    {
        "accumulated_operating_revenue_yoy": -6.79644973859706, 
        "accumulated_operating_revenue": 3489389, 
        "long_term_average": 605720, 
        "date": "2015-06-30", 
        "operating_revenue": 583326, 
        "short_term_average": 607806
    }, 
    {
        "accumulated_operating_revenue_yoy": -6.348359184382811, 
        "accumulated_operating_revenue": 4095508, 
        "long_term_average": 603788, 
        "date": "2015-07-31", 
        "operating_revenue": 606119, 
        "short_term_average": 601010
    }, 
    {
        "accumulated_operating_revenue_yoy": -5.429548181384876, 
        "accumulated_operating_revenue": 4718239, 
        "long_term_average": 604350, 
        "date": "2015-08-31", 
        "operating_revenue": 622731, 
        "short_term_average": 604058
    }, 
    {
        "accumulated_operating_revenue_yoy": -5.372916354610233, 
        "accumulated_operating_revenue": 5306649, 
        "long_term_average": 601814, 
        "date": "2015-09-30", 
        "operating_revenue": 588410, 
        "short_term_average": 605753
    }
]