[
    {
        "date": "2012-01-31", 
        "operating_revenue": 70723, 
        "accumulated_operating_revenue": 70723, 
        "long_term_average": 70723, 
        "short_term_average": 70723
    }, 
    {
        "date": "2012-02-29", 
        "operating_revenue": 73342, 
        "accumulated_operating_revenue": 144065, 
        "long_term_average": 72032, 
        "short_term_average": 72032
    }, 
    {
        "date": "2012-03-31", 
        "operating_revenue": 77816, 
        "accumulated_operating_revenue": 221881, 
        "long_term_average": 73960, 
        "short_term_average": 73960
    }, 
    {
        "date": "2012-04-30", 
        "operating_revenue": 89216, 
        "accumulated_operating_revenue": 311097, 
        "long_term_average": 77774, 
        "short_term_average": 80124
    }, 
    {
        "date": "2012-05-31", 
        "operating_revenue": 110094, 
        "accumulated_operating_revenue": 421191, 
        "long_term_average": 84238, 
        "short_term_average": 92375
    }, 
    {
        "date": "2012-06-30", 
        "operating_revenue": 114125, 
        "accumulated_operating_revenue": 535316, 
        "long_term_average": 89219, 
        "short_term_average": 104478
    }, 
    {
        "date": "2012-07-31", 
        "operating_revenue": 135300, 
        "accumulated_operating_revenue": 670616, 
        "long_term_average": 95802, 
        "short_term_average": 119839
    }, 
    {
        "date": "2012-08-31", 
        "operating_revenue": 130213, 
        "accumulated_operating_revenue": 800829, 
        "long_term_average": 100103, 
        "short_term_average": 126546
    }, 
    {
        "date": "2012-09-30", 
        "operating_revenue": 113267, 
        "accumulated_operating_revenue": 914096, 
        "long_term_average": 101566, 
        "short_term_average": 126260
    }, 
    {
        "date": "2012-10-31", 
        "operating_revenue": 100281, 
        "accumulated_operating_revenue": 1014377, 
        "long_term_average": 101437, 
        "short_term_average": 114587
    }, 
    {
        "date": "2012-11-30", 
        "operating_revenue": 119432, 
        "accumulated_operating_revenue": 1133809, 
        "long_term_average": 103073, 
        "short_term_average": 110993
    }, 
    {
        "date": "2012-12-31", 
        "operating_revenue": 108226, 
        "accumulated_operating_revenue": 1242035, 
        "long_term_average": 103502, 
        "short_term_average": 109313
    }, 
    {
        "accumulated_operating_revenue_yoy": 96.34913677304414, 
        "accumulated_operating_revenue": 138864, 
        "long_term_average": 109181, 
        "date": "2013-01-31", 
        "operating_revenue": 138864, 
        "short_term_average": 122174
    }, 
    {
        "accumulated_operating_revenue_yoy": 57.74685038003678, 
        "accumulated_operating_revenue": 227258, 
        "long_term_average": 110435, 
        "date": "2013-02-28", 
        "operating_revenue": 88394, 
        "short_term_average": 111828
    }, 
    {
        "accumulated_operating_revenue_yoy": 47.50609560980886, 
        "accumulated_operating_revenue": 327288, 
        "long_term_average": 112286, 
        "date": "2013-03-31", 
        "operating_revenue": 100030, 
        "short_term_average": 109096
    }, 
    {
        "accumulated_operating_revenue_yoy": 37.38673146960594, 
        "accumulated_operating_revenue": 427406, 
        "long_term_average": 113195, 
        "date": "2013-04-30", 
        "operating_revenue": 100118, 
        "short_term_average": 96180
    }, 
    {
        "accumulated_operating_revenue_yoy": 23.84998729792422, 
        "accumulated_operating_revenue": 521645, 
        "long_term_average": 111874, 
        "date": "2013-05-31", 
        "operating_revenue": 94239, 
        "short_term_average": 98129
    }, 
    {
        "accumulated_operating_revenue_yoy": 11.388787183644801, 
        "accumulated_operating_revenue": 596282, 
        "long_term_average": 108583, 
        "date": "2013-06-30", 
        "operating_revenue": 74637, 
        "short_term_average": 89664
    }, 
    {
        "accumulated_operating_revenue_yoy": 4.074761115153828, 
        "accumulated_operating_revenue": 697942, 
        "long_term_average": 105780, 
        "date": "2013-07-31", 
        "operating_revenue": 101660, 
        "short_term_average": 90178
    }, 
    {
        "accumulated_operating_revenue_yoy": -0.9789855262484252, 
        "accumulated_operating_revenue": 792989, 
        "long_term_average": 102849, 
        "date": "2013-08-31", 
        "operating_revenue": 95047, 
        "short_term_average": 90448
    }, 
    {
        "accumulated_operating_revenue_yoy": -4.390676690413261, 
        "accumulated_operating_revenue": 873961, 
        "long_term_average": 100158, 
        "date": "2013-09-30", 
        "operating_revenue": 80972, 
        "short_term_average": 92559
    }, 
    {
        "accumulated_operating_revenue_yoy": -5.767678092070305, 
        "accumulated_operating_revenue": 955871, 
        "long_term_average": 98627, 
        "date": "2013-10-31", 
        "operating_revenue": 81910, 
        "short_term_average": 85976
    }, 
    {
        "accumulated_operating_revenue_yoy": -8.532654089004408, 
        "accumulated_operating_revenue": 1037065, 
        "long_term_average": 95440, 
        "date": "2013-11-30", 
        "operating_revenue": 81194, 
        "short_term_average": 81358
    }, 
    {
        "accumulated_operating_revenue_yoy": -9.81123720346045, 
        "accumulated_operating_revenue": 1120176, 
        "long_term_average": 93348, 
        "date": "2013-12-31", 
        "operating_revenue": 83111, 
        "short_term_average": 82071
    }, 
    {
        "accumulated_operating_revenue_yoy": -53.858451434497056, 
        "accumulated_operating_revenue": 64074, 
        "long_term_average": 87115, 
        "date": "2014-01-31", 
        "operating_revenue": 64074, 
        "short_term_average": 76126
    }, 
    {
        "accumulated_operating_revenue_yoy": -39.979230654146384, 
        "accumulated_operating_revenue": 136402, 
        "long_term_average": 85776, 
        "date": "2014-02-28", 
        "operating_revenue": 72328, 
        "short_term_average": 73171
    }, 
    {
        "accumulated_operating_revenue_yoy": -30.98372075969788, 
        "accumulated_operating_revenue": 225882, 
        "long_term_average": 84897, 
        "date": "2014-03-31", 
        "operating_revenue": 89480, 
        "short_term_average": 75294
    }, 
    {
        "accumulated_operating_revenue_yoy": -24.053242116395186, 
        "accumulated_operating_revenue": 324601, 
        "long_term_average": 84780, 
        "date": "2014-04-30", 
        "operating_revenue": 98719, 
        "short_term_average": 86842
    }, 
    {
        "accumulated_operating_revenue_yoy": -13.627850358002089, 
        "accumulated_operating_revenue": 450556, 
        "long_term_average": 87423, 
        "date": "2014-05-31", 
        "operating_revenue": 125955, 
        "short_term_average": 104718
    }, 
    {
        "accumulated_operating_revenue_yoy": -0.28174588533613293, 
        "accumulated_operating_revenue": 594602, 
        "long_term_average": 93208, 
        "date": "2014-06-30", 
        "operating_revenue": 144046, 
        "short_term_average": 122906
    }, 
    {
        "accumulated_operating_revenue_yoy": 7.461938098008145, 
        "accumulated_operating_revenue": 750022, 
        "long_term_average": 97688, 
        "date": "2014-07-31", 
        "operating_revenue": 155420, 
        "short_term_average": 141807
    }, 
    {
        "accumulated_operating_revenue_yoy": 15.765161937933565, 
        "accumulated_operating_revenue": 918005, 
        "long_term_average": 103766, 
        "date": "2014-08-31", 
        "operating_revenue": 167983, 
        "short_term_average": 155816
    }, 
    {
        "accumulated_operating_revenue_yoy": 18.268664162359645, 
        "accumulated_operating_revenue": 1033622, 
        "long_term_average": 106653, 
        "date": "2014-09-30", 
        "operating_revenue": 115617, 
        "short_term_average": 146340
    }, 
    {
        "accumulated_operating_revenue_yoy": 18.02764180522267, 
        "accumulated_operating_revenue": 1128192, 
        "long_term_average": 107708, 
        "date": "2014-10-31", 
        "operating_revenue": 94570, 
        "short_term_average": 126056
    }, 
    {
        "accumulated_operating_revenue_yoy": 16.054056399550657, 
        "accumulated_operating_revenue": 1203556, 
        "long_term_average": 107222, 
        "date": "2014-11-30", 
        "operating_revenue": 75364, 
        "short_term_average": 95183
    }, 
    {
        "accumulated_operating_revenue_yoy": 14.539322392195512, 
        "accumulated_operating_revenue": 1283042, 
        "long_term_average": 106920, 
        "date": "2014-12-31", 
        "operating_revenue": 79486, 
        "short_term_average": 83140
    }, 
    {
        "accumulated_operating_revenue_yoy": 39.842994038143395, 
        "accumulated_operating_revenue": 89603, 
        "long_term_average": 109047, 
        "date": "2015-01-31", 
        "operating_revenue": 89603, 
        "short_term_average": 81484
    }, 
    {
        "accumulated_operating_revenue_yoy": -1.8636090379906454, 
        "accumulated_operating_revenue": 133860, 
        "long_term_average": 106708, 
        "date": "2015-02-28", 
        "operating_revenue": 44257, 
        "short_term_average": 71115
    }, 
    {
        "accumulated_operating_revenue_yoy": -3.8847716949557736, 
        "accumulated_operating_revenue": 217107, 
        "long_term_average": 106188, 
        "date": "2015-03-31", 
        "operating_revenue": 83247, 
        "short_term_average": 72369
    }, 
    {
        "accumulated_operating_revenue_yoy": -12.679566606387535, 
        "accumulated_operating_revenue": 283443, 
        "long_term_average": 103490, 
        "date": "2015-04-30", 
        "operating_revenue": 66336, 
        "short_term_average": 64613
    }, 
    {
        "accumulated_operating_revenue_yoy": -22.52572377240565, 
        "accumulated_operating_revenue": 349065, 
        "long_term_average": 98462, 
        "date": "2015-05-31", 
        "operating_revenue": 65622, 
        "short_term_average": 71735
    }, 
    {
        "accumulated_operating_revenue_yoy": -28.92691245572669, 
        "accumulated_operating_revenue": 422602, 
        "long_term_average": 92586, 
        "date": "2015-06-30", 
        "operating_revenue": 73537, 
        "short_term_average": 68498
    }, 
    {
        "accumulated_operating_revenue_yoy": -34.336592793278065, 
        "accumulated_operating_revenue": 492490, 
        "long_term_average": 85459, 
        "date": "2015-07-31", 
        "operating_revenue": 69888, 
        "short_term_average": 69682
    }, 
    {
        "accumulated_operating_revenue_yoy": -39.709696570280116, 
        "accumulated_operating_revenue": 553468, 
        "long_term_average": 76542, 
        "date": "2015-08-31", 
        "operating_revenue": 60978, 
        "short_term_average": 68134
    }
]