[
    {
        "date": "2012-01-31", 
        "operating_revenue": 84847, 
        "accumulated_operating_revenue": 84847, 
        "long_term_average": 84847, 
        "short_term_average": 84847
    }, 
    {
        "date": "2012-02-29", 
        "operating_revenue": 102971, 
        "accumulated_operating_revenue": 187818, 
        "long_term_average": 93909, 
        "short_term_average": 93909
    }, 
    {
        "date": "2012-03-31", 
        "operating_revenue": 106491, 
        "accumulated_operating_revenue": 294309, 
        "long_term_average": 98103, 
        "short_term_average": 98103
    }, 
    {
        "date": "2012-04-30", 
        "operating_revenue": 51944, 
        "accumulated_operating_revenue": 346253, 
        "long_term_average": 86563, 
        "short_term_average": 87135
    }, 
    {
        "date": "2012-05-31", 
        "operating_revenue": 119379, 
        "accumulated_operating_revenue": 465632, 
        "long_term_average": 93126, 
        "short_term_average": 92604
    }, 
    {
        "date": "2012-06-30", 
        "operating_revenue": 88432, 
        "accumulated_operating_revenue": 554064, 
        "long_term_average": 92344, 
        "short_term_average": 86585
    }, 
    {
        "date": "2012-07-31", 
        "operating_revenue": 71681, 
        "accumulated_operating_revenue": 625745, 
        "long_term_average": 89392, 
        "short_term_average": 93164
    }, 
    {
        "date": "2012-08-31", 
        "operating_revenue": 126605, 
        "accumulated_operating_revenue": 752350, 
        "long_term_average": 94043, 
        "short_term_average": 95572
    }, 
    {
        "date": "2012-09-30", 
        "operating_revenue": 126997, 
        "accumulated_operating_revenue": 879347, 
        "long_term_average": 97705, 
        "short_term_average": 108427
    }, 
    {
        "date": "2012-10-31", 
        "operating_revenue": 115767, 
        "accumulated_operating_revenue": 995114, 
        "long_term_average": 99511, 
        "short_term_average": 123123
    }, 
    {
        "date": "2012-11-30", 
        "operating_revenue": 137633, 
        "accumulated_operating_revenue": 1132747, 
        "long_term_average": 102977, 
        "short_term_average": 126799
    }, 
    {
        "date": "2012-12-31", 
        "operating_revenue": 111279, 
        "accumulated_operating_revenue": 1244026, 
        "long_term_average": 103668, 
        "short_term_average": 121559
    }, 
    {
        "accumulated_operating_revenue_yoy": -9.273162280339905, 
        "accumulated_operating_revenue": 76979, 
        "long_term_average": 103013, 
        "date": "2013-01-31", 
        "operating_revenue": 76979, 
        "short_term_average": 108630
    }, 
    {
        "accumulated_operating_revenue_yoy": -19.251615926056076, 
        "accumulated_operating_revenue": 151660, 
        "long_term_average": 100655, 
        "date": "2013-02-28", 
        "operating_revenue": 74681, 
        "short_term_average": 87646
    }, 
    {
        "accumulated_operating_revenue_yoy": -18.138079365564764, 
        "accumulated_operating_revenue": 240927, 
        "long_term_average": 99220, 
        "date": "2013-03-31", 
        "operating_revenue": 89267, 
        "short_term_average": 80309
    }, 
    {
        "accumulated_operating_revenue_yoy": -4.231876691321086, 
        "accumulated_operating_revenue": 331600, 
        "long_term_average": 102447, 
        "date": "2013-04-30", 
        "operating_revenue": 90673, 
        "short_term_average": 84873
    }, 
    {
        "accumulated_operating_revenue_yoy": -6.735361830802007, 
        "accumulated_operating_revenue": 434270, 
        "long_term_average": 101055, 
        "date": "2013-05-31", 
        "operating_revenue": 102670, 
        "short_term_average": 94203
    }, 
    {
        "accumulated_operating_revenue_yoy": -7.702539778798117, 
        "accumulated_operating_revenue": 511387, 
        "long_term_average": 100112, 
        "date": "2013-06-30", 
        "operating_revenue": 77117, 
        "short_term_average": 90153
    }, 
    {
        "accumulated_operating_revenue_yoy": -3.2407769938233626, 
        "accumulated_operating_revenue": 605466, 
        "long_term_average": 101978, 
        "date": "2013-07-31", 
        "operating_revenue": 94079, 
        "short_term_average": 91288
    }, 
    {
        "accumulated_operating_revenue_yoy": -7.304446068983851, 
        "accumulated_operating_revenue": 697395, 
        "long_term_average": 99089, 
        "date": "2013-08-31", 
        "operating_revenue": 91929, 
        "short_term_average": 87708
    }, 
    {
        "accumulated_operating_revenue_yoy": -7.59063259441381, 
        "accumulated_operating_revenue": 812599, 
        "long_term_average": 98106, 
        "date": "2013-09-30", 
        "operating_revenue": 115204, 
        "short_term_average": 100404
    }, 
    {
        "accumulated_operating_revenue_yoy": -9.441028867044379, 
        "accumulated_operating_revenue": 901165, 
        "long_term_average": 95839, 
        "date": "2013-10-31", 
        "operating_revenue": 88566, 
        "short_term_average": 98566
    }, 
    {
        "accumulated_operating_revenue_yoy": -10.65277595085222, 
        "accumulated_operating_revenue": 1012078, 
        "long_term_average": 93613, 
        "date": "2013-11-30", 
        "operating_revenue": 110913, 
        "short_term_average": 104894
    }, 
    {
        "accumulated_operating_revenue_yoy": -8.434148482427215, 
        "accumulated_operating_revenue": 1139103, 
        "long_term_average": 94925, 
        "date": "2013-12-31", 
        "operating_revenue": 127025, 
        "short_term_average": 108834
    }, 
    {
        "accumulated_operating_revenue_yoy": 27.680276439028827, 
        "accumulated_operating_revenue": 98287, 
        "long_term_average": 96700, 
        "date": "2014-01-31", 
        "operating_revenue": 98287, 
        "short_term_average": 112075
    }, 
    {
        "accumulated_operating_revenue_yoy": 41.447975735197154, 
        "accumulated_operating_revenue": 214520, 
        "long_term_average": 100163, 
        "date": "2014-02-28", 
        "operating_revenue": 116233, 
        "short_term_average": 113848
    }, 
    {
        "accumulated_operating_revenue_yoy": 43.067402159160245, 
        "accumulated_operating_revenue": 344688, 
        "long_term_average": 103572, 
        "date": "2014-03-31", 
        "operating_revenue": 130168, 
        "short_term_average": 114896
    }, 
    {
        "accumulated_operating_revenue_yoy": 44.7394451145959, 
        "accumulated_operating_revenue": 479956, 
        "long_term_average": 107288, 
        "date": "2014-04-30", 
        "operating_revenue": 135268, 
        "short_term_average": 127223
    }, 
    {
        "accumulated_operating_revenue_yoy": 41.40028093121791, 
        "accumulated_operating_revenue": 614059, 
        "long_term_average": 109907, 
        "date": "2014-05-31", 
        "operating_revenue": 134103, 
        "short_term_average": 133179
    }, 
    {
        "accumulated_operating_revenue_yoy": 52.268829673026495, 
        "accumulated_operating_revenue": 778683, 
        "long_term_average": 117199, 
        "date": "2014-06-30", 
        "operating_revenue": 164624, 
        "short_term_average": 144665
    }, 
    {
        "accumulated_operating_revenue_yoy": 54.84387232313623, 
        "accumulated_operating_revenue": 937527, 
        "long_term_average": 122597, 
        "date": "2014-07-31", 
        "operating_revenue": 158844, 
        "short_term_average": 152523
    }, 
    {
        "accumulated_operating_revenue_yoy": 57.253206575900315, 
        "accumulated_operating_revenue": 1096676, 
        "long_term_average": 128198, 
        "date": "2014-08-31", 
        "operating_revenue": 159149, 
        "short_term_average": 160872
    }, 
    {
        "accumulated_operating_revenue_yoy": 54.44727350144413, 
        "accumulated_operating_revenue": 1255037, 
        "long_term_average": 131795, 
        "date": "2014-09-30", 
        "operating_revenue": 158361, 
        "short_term_average": 158784
    }, 
    {
        "accumulated_operating_revenue_yoy": 61.79434398805989, 
        "accumulated_operating_revenue": 1458034, 
        "long_term_average": 141331, 
        "date": "2014-10-31", 
        "operating_revenue": 202997, 
        "short_term_average": 173502
    }, 
    {
        "accumulated_operating_revenue_yoy": 64.97839099357955, 
        "accumulated_operating_revenue": 1669710, 
        "long_term_average": 149727, 
        "date": "2014-11-30", 
        "operating_revenue": 211676, 
        "short_term_average": 191011
    }, 
    {
        "accumulated_operating_revenue_yoy": 67.81125148472087, 
        "accumulated_operating_revenue": 1911543, 
        "long_term_average": 159295, 
        "date": "2014-12-31", 
        "operating_revenue": 241833, 
        "short_term_average": 218835
    }, 
    {
        "accumulated_operating_revenue_yoy": 58.2844119771689, 
        "accumulated_operating_revenue": 155573, 
        "long_term_average": 164069, 
        "date": "2015-01-31", 
        "operating_revenue": 155573, 
        "short_term_average": 203027
    }, 
    {
        "accumulated_operating_revenue_yoy": 33.796848778668654, 
        "accumulated_operating_revenue": 287021, 
        "long_term_average": 165337, 
        "date": "2015-02-28", 
        "operating_revenue": 131448, 
        "short_term_average": 176284
    }, 
    {
        "accumulated_operating_revenue_yoy": 39.239254050039456, 
        "accumulated_operating_revenue": 479941, 
        "long_term_average": 170566, 
        "date": "2015-03-31", 
        "operating_revenue": 192920, 
        "short_term_average": 159980
    }, 
    {
        "accumulated_operating_revenue_yoy": 43.80089008159081, 
        "accumulated_operating_revenue": 690181, 
        "long_term_average": 176814, 
        "date": "2015-04-30", 
        "operating_revenue": 210240, 
        "short_term_average": 178202
    }, 
    {
        "accumulated_operating_revenue_yoy": 45.52559281762827, 
        "accumulated_operating_revenue": 893613, 
        "long_term_average": 182591, 
        "date": "2015-05-31", 
        "operating_revenue": 203432, 
        "short_term_average": 202197
    }, 
    {
        "accumulated_operating_revenue_yoy": 44.179338703939855, 
        "accumulated_operating_revenue": 1122700, 
        "long_term_average": 187963, 
        "date": "2015-06-30", 
        "operating_revenue": 229087, 
        "short_term_average": 214253
    }, 
    {
        "accumulated_operating_revenue_yoy": 47.171228135296374, 
        "accumulated_operating_revenue": 1379770, 
        "long_term_average": 196148, 
        "date": "2015-07-31", 
        "operating_revenue": 257070, 
        "short_term_average": 229863
    }, 
    {
        "accumulated_operating_revenue_yoy": 45.71705772716828, 
        "accumulated_operating_revenue": 1598044, 
        "long_term_average": 201075, 
        "date": "2015-08-31", 
        "operating_revenue": 218274, 
        "short_term_average": 234810
    }, 
    {
        "accumulated_operating_revenue_yoy": 42.60981947145782, 
        "accumulated_operating_revenue": 1789806, 
        "long_term_average": 203859, 
        "date": "2015-09-30", 
        "operating_revenue": 191762, 
        "short_term_average": 222368
    }
]