[
    {
        "date": "2011-09-30", 
        "operating_revenue": 820706, 
        "accumulated_operating_revenue": 820706, 
        "long_term_average": 820706, 
        "short_term_average": 820706
    }, 
    {
        "date": "2011-10-31", 
        "operating_revenue": 649465, 
        "accumulated_operating_revenue": 1470171, 
        "long_term_average": 735085, 
        "short_term_average": 735085
    }, 
    {
        "date": "2011-11-30", 
        "operating_revenue": 759063, 
        "accumulated_operating_revenue": 2229234, 
        "long_term_average": 743078, 
        "short_term_average": 743078
    }, 
    {
        "date": "2011-12-31", 
        "operating_revenue": 1014487, 
        "accumulated_operating_revenue": 3243721, 
        "long_term_average": 810930, 
        "short_term_average": 807671
    }, 
    {
        "date": "2012-01-31", 
        "operating_revenue": 983685, 
        "accumulated_operating_revenue": 983685, 
        "long_term_average": 845481, 
        "short_term_average": 919078
    }, 
    {
        "date": "2012-02-29", 
        "operating_revenue": 1028626, 
        "accumulated_operating_revenue": 2012311, 
        "long_term_average": 876005, 
        "short_term_average": 1008932
    }, 
    {
        "date": "2012-03-31", 
        "operating_revenue": 1007298, 
        "accumulated_operating_revenue": 3019609, 
        "long_term_average": 894761, 
        "short_term_average": 1006536
    }, 
    {
        "date": "2012-04-30", 
        "operating_revenue": 665971, 
        "accumulated_operating_revenue": 3685580, 
        "long_term_average": 866162, 
        "short_term_average": 900631
    }, 
    {
        "date": "2012-05-31", 
        "operating_revenue": 782179, 
        "accumulated_operating_revenue": 4467759, 
        "long_term_average": 856831, 
        "short_term_average": 818482
    }, 
    {
        "date": "2012-06-30", 
        "operating_revenue": 727138, 
        "accumulated_operating_revenue": 5194897, 
        "long_term_average": 843861, 
        "short_term_average": 725096
    }, 
    {
        "date": "2012-07-31", 
        "operating_revenue": 870341, 
        "accumulated_operating_revenue": 6065238, 
        "long_term_average": 846269, 
        "short_term_average": 793219
    }, 
    {
        "date": "2012-08-31", 
        "operating_revenue": 865338, 
        "accumulated_operating_revenue": 6930576, 
        "long_term_average": 847858, 
        "short_term_average": 820939
    }, 
    {
        "accumulated_operating_revenue_yoy": 858.0146849176197, 
        "accumulated_operating_revenue": 7862484, 
        "long_term_average": 857124, 
        "date": "2012-09-30", 
        "operating_revenue": 931908, 
        "short_term_average": 889195
    }, 
    {
        "accumulated_operating_revenue_yoy": 517.6650199194515, 
        "accumulated_operating_revenue": 9080732, 
        "long_term_average": 904523, 
        "date": "2012-10-31", 
        "operating_revenue": 1218248, 
        "short_term_average": 1005164
    }, 
    {
        "accumulated_operating_revenue_yoy": 367.9929966975203, 
        "accumulated_operating_revenue": 10432659, 
        "long_term_average": 953928, 
        "date": "2012-11-30", 
        "operating_revenue": 1351927, 
        "short_term_average": 1167361
    }, 
    {
        "accumulated_operating_revenue_yoy": 251.91099974381274, 
        "accumulated_operating_revenue": 11415011, 
        "long_term_average": 951250, 
        "date": "2012-12-31", 
        "operating_revenue": 982352, 
        "short_term_average": 1184175
    }, 
    {
        "accumulated_operating_revenue_yoy": -19.271108129126702, 
        "accumulated_operating_revenue": 794118, 
        "long_term_average": 935453, 
        "date": "2013-01-31", 
        "operating_revenue": 794118, 
        "short_term_average": 1042799
    }, 
    {
        "accumulated_operating_revenue_yoy": -33.39369510975192, 
        "accumulated_operating_revenue": 1340326, 
        "long_term_average": 895252, 
        "date": "2013-02-28", 
        "operating_revenue": 546208, 
        "short_term_average": 774226
    }, 
    {
        "accumulated_operating_revenue_yoy": -37.227833139986004, 
        "accumulated_operating_revenue": 1895474, 
        "long_term_average": 857573, 
        "date": "2013-03-31", 
        "operating_revenue": 555148, 
        "short_term_average": 631824
    }, 
    {
        "accumulated_operating_revenue_yoy": -27.313312965666192, 
        "accumulated_operating_revenue": 2678926, 
        "long_term_average": 867363, 
        "date": "2013-04-30", 
        "operating_revenue": 783452, 
        "short_term_average": 628269
    }, 
    {
        "accumulated_operating_revenue_yoy": -23.095628031861164, 
        "accumulated_operating_revenue": 3435902, 
        "long_term_average": 865262, 
        "date": "2013-05-31", 
        "operating_revenue": 756976, 
        "short_term_average": 698525
    }, 
    {
        "accumulated_operating_revenue_yoy": -20.380365577989323, 
        "accumulated_operating_revenue": 4136158, 
        "long_term_average": 863022, 
        "date": "2013-06-30", 
        "operating_revenue": 700256, 
        "short_term_average": 746894
    }, 
    {
        "accumulated_operating_revenue_yoy": -16.850385755678506, 
        "accumulated_operating_revenue": 5043222, 
        "long_term_average": 866082, 
        "date": "2013-07-31", 
        "operating_revenue": 907064, 
        "short_term_average": 788098
    }, 
    {
        "accumulated_operating_revenue_yoy": -13.700520707081202, 
        "accumulated_operating_revenue": 5981051, 
        "long_term_average": 872123, 
        "date": "2013-08-31", 
        "operating_revenue": 937829, 
        "short_term_average": 848383
    }, 
    {
        "accumulated_operating_revenue_yoy": -9.021423763787627, 
        "accumulated_operating_revenue": 7153176, 
        "long_term_average": 892141, 
        "date": "2013-09-30", 
        "operating_revenue": 1172125, 
        "short_term_average": 1005672
    }, 
    {
        "accumulated_operating_revenue_yoy": -10.994906578015957, 
        "accumulated_operating_revenue": 8082314, 
        "long_term_average": 868049, 
        "date": "2013-10-31", 
        "operating_revenue": 929138, 
        "short_term_average": 1013030
    }, 
    {
        "accumulated_operating_revenue_yoy": -15.623802139032819, 
        "accumulated_operating_revenue": 8802681, 
        "long_term_average": 815419, 
        "date": "2013-11-30", 
        "operating_revenue": 720367, 
        "short_term_average": 940543
    }, 
    {
        "accumulated_operating_revenue_yoy": -16.283549792461873, 
        "accumulated_operating_revenue": 9556242, 
        "long_term_average": 796353, 
        "date": "2013-12-31", 
        "operating_revenue": 753561, 
        "short_term_average": 801022
    }, 
    {
        "accumulated_operating_revenue_yoy": -9.832921555738567, 
        "accumulated_operating_revenue": 716033, 
        "long_term_average": 789846, 
        "date": "2014-01-31", 
        "operating_revenue": 716033, 
        "short_term_average": 729987
    }, 
    {
        "accumulated_operating_revenue_yoy": -8.917905046981108, 
        "accumulated_operating_revenue": 1220797, 
        "long_term_average": 786392, 
        "date": "2014-02-28", 
        "operating_revenue": 504764, 
        "short_term_average": 658119
    }, 
    {
        "accumulated_operating_revenue_yoy": 2.820877521928552, 
        "accumulated_operating_revenue": 1948943, 
        "long_term_average": 800809, 
        "date": "2014-03-31", 
        "operating_revenue": 728146, 
        "short_term_average": 649647
    }, 
    {
        "accumulated_operating_revenue_yoy": -5.154304374215638, 
        "accumulated_operating_revenue": 2540846, 
        "long_term_average": 784846, 
        "date": "2014-04-30", 
        "operating_revenue": 591903, 
        "short_term_average": 608271
    }, 
    {
        "accumulated_operating_revenue_yoy": -1.337232552034371, 
        "accumulated_operating_revenue": 3389956, 
        "long_term_average": 792524, 
        "date": "2014-05-31", 
        "operating_revenue": 849110, 
        "short_term_average": 723053
    }, 
    {
        "accumulated_operating_revenue_yoy": -1.0127030930636596, 
        "accumulated_operating_revenue": 4094271, 
        "long_term_average": 792862, 
        "date": "2014-06-30", 
        "operating_revenue": 704315, 
        "short_term_average": 715109
    }, 
    {
        "accumulated_operating_revenue_yoy": -0.14593844966570974, 
        "accumulated_operating_revenue": 5035862, 
        "long_term_average": 795740, 
        "date": "2014-07-31", 
        "operating_revenue": 941591, 
        "short_term_average": 831672
    }, 
    {
        "accumulated_operating_revenue_yoy": 1.544812107437305, 
        "accumulated_operating_revenue": 6073447, 
        "long_term_average": 804053, 
        "date": "2014-08-31", 
        "operating_revenue": 1037585, 
        "short_term_average": 894497
    }, 
    {
        "accumulated_operating_revenue_yoy": -0.7416286136395918, 
        "accumulated_operating_revenue": 7100126, 
        "long_term_average": 791932, 
        "date": "2014-09-30", 
        "operating_revenue": 1026679, 
        "short_term_average": 1001951
    }, 
    {
        "accumulated_operating_revenue_yoy": 2.495349722864021, 
        "accumulated_operating_revenue": 8283996, 
        "long_term_average": 813160, 
        "date": "2014-10-31", 
        "operating_revenue": 1183870, 
        "short_term_average": 1082711
    }, 
    {
        "accumulated_operating_revenue_yoy": 6.5410072226859075, 
        "accumulated_operating_revenue": 9378465, 
        "long_term_average": 844335, 
        "date": "2014-11-30", 
        "operating_revenue": 1094469, 
        "short_term_average": 1101672
    }, 
    {
        "accumulated_operating_revenue_yoy": 8.607986277450905, 
        "accumulated_operating_revenue": 10378842, 
        "long_term_average": 864903, 
        "date": "2014-12-31", 
        "operating_revenue": 1000377, 
        "short_term_average": 1092905
    }, 
    {
        "accumulated_operating_revenue_yoy": 6.425122864448984, 
        "accumulated_operating_revenue": 762039, 
        "long_term_average": 868737, 
        "date": "2015-01-31", 
        "operating_revenue": 762039, 
        "short_term_average": 952295
    }, 
    {
        "accumulated_operating_revenue_yoy": -14.579983404284249, 
        "accumulated_operating_revenue": 1042805, 
        "long_term_average": 850070, 
        "date": "2015-02-28", 
        "operating_revenue": 280766, 
        "short_term_average": 681060
    }, 
    {
        "accumulated_operating_revenue_yoy": -13.103718271904311, 
        "accumulated_operating_revenue": 1693559, 
        "long_term_average": 843621, 
        "date": "2015-03-31", 
        "operating_revenue": 650754, 
        "short_term_average": 564519
    }, 
    {
        "accumulated_operating_revenue_yoy": -7.474597043661836, 
        "accumulated_operating_revenue": 2350928, 
        "long_term_average": 849077, 
        "date": "2015-04-30", 
        "operating_revenue": 657369, 
        "short_term_average": 529629
    }, 
    {
        "accumulated_operating_revenue_yoy": -10.444235854388669, 
        "accumulated_operating_revenue": 3035901, 
        "long_term_average": 835398, 
        "date": "2015-05-31", 
        "operating_revenue": 684973, 
        "short_term_average": 664365
    }, 
    {
        "accumulated_operating_revenue_yoy": -5.41080451196318, 
        "accumulated_operating_revenue": 3872738, 
        "long_term_average": 846442, 
        "date": "2015-06-30", 
        "operating_revenue": 836837, 
        "short_term_average": 726393
    }, 
    {
        "accumulated_operating_revenue_yoy": -6.715374646882699, 
        "accumulated_operating_revenue": 4697685, 
        "long_term_average": 836722, 
        "date": "2015-07-31", 
        "operating_revenue": 824947, 
        "short_term_average": 782252
    }, 
    {
        "accumulated_operating_revenue_yoy": -11.687020566739118, 
        "accumulated_operating_revenue": 5363642, 
        "long_term_average": 805753, 
        "date": "2015-08-31", 
        "operating_revenue": 665957, 
        "short_term_average": 775913
    }, 
    {
        "accumulated_operating_revenue_yoy": -10.799399897973641, 
        "accumulated_operating_revenue": 6333355, 
        "long_term_average": 801005, 
        "date": "2015-09-30", 
        "operating_revenue": 969713, 
        "short_term_average": 820205
    }
]