[
    {
        "date": "2011-09-30", 
        "operating_revenue": 188388, 
        "accumulated_operating_revenue": 188388, 
        "long_term_average": 188388, 
        "short_term_average": 188388
    }, 
    {
        "date": "2011-10-31", 
        "operating_revenue": 179423, 
        "accumulated_operating_revenue": 367811, 
        "long_term_average": 183905, 
        "short_term_average": 183905
    }, 
    {
        "date": "2011-11-30", 
        "operating_revenue": 322275, 
        "accumulated_operating_revenue": 690086, 
        "long_term_average": 230028, 
        "short_term_average": 230028
    }, 
    {
        "date": "2011-12-31", 
        "operating_revenue": 393523, 
        "accumulated_operating_revenue": 1083609, 
        "long_term_average": 270902, 
        "short_term_average": 298407
    }, 
    {
        "date": "2012-01-31", 
        "operating_revenue": 201223, 
        "accumulated_operating_revenue": 201223, 
        "long_term_average": 256966, 
        "short_term_average": 305673
    }, 
    {
        "date": "2012-02-29", 
        "operating_revenue": 358866, 
        "accumulated_operating_revenue": 560089, 
        "long_term_average": 273949, 
        "short_term_average": 317870
    }, 
    {
        "date": "2012-03-31", 
        "operating_revenue": 379729, 
        "accumulated_operating_revenue": 939818, 
        "long_term_average": 289061, 
        "short_term_average": 313272
    }, 
    {
        "date": "2012-04-30", 
        "operating_revenue": 348182, 
        "accumulated_operating_revenue": 1288000, 
        "long_term_average": 296451, 
        "short_term_average": 362259
    }, 
    {
        "date": "2012-05-31", 
        "operating_revenue": 408375, 
        "accumulated_operating_revenue": 1696375, 
        "long_term_average": 308887, 
        "short_term_average": 378762
    }, 
    {
        "date": "2012-06-30", 
        "operating_revenue": 430028, 
        "accumulated_operating_revenue": 2126403, 
        "long_term_average": 321001, 
        "short_term_average": 395528
    }, 
    {
        "date": "2012-07-31", 
        "operating_revenue": 294246, 
        "accumulated_operating_revenue": 2420649, 
        "long_term_average": 318568, 
        "short_term_average": 377549
    }, 
    {
        "date": "2012-08-31", 
        "operating_revenue": 363758, 
        "accumulated_operating_revenue": 2784407, 
        "long_term_average": 322334, 
        "short_term_average": 362677
    }, 
    {
        "accumulated_operating_revenue_yoy": 1511.2130284306857, 
        "accumulated_operating_revenue": 3035332, 
        "long_term_average": 327546, 
        "date": "2012-09-30", 
        "operating_revenue": 250925, 
        "short_term_average": 302976
    }, 
    {
        "accumulated_operating_revenue_yoy": 793.5026413021906, 
        "accumulated_operating_revenue": 3286401, 
        "long_term_average": 333516, 
        "date": "2012-10-31", 
        "operating_revenue": 251069, 
        "short_term_average": 288584
    }, 
    {
        "accumulated_operating_revenue_yoy": 418.9351761954307, 
        "accumulated_operating_revenue": 3581099, 
        "long_term_average": 331218, 
        "date": "2012-11-30", 
        "operating_revenue": 294698, 
        "short_term_average": 265564
    }, 
    {
        "accumulated_operating_revenue_yoy": 269.2779406594076, 
        "accumulated_operating_revenue": 4001529, 
        "long_term_average": 333460, 
        "date": "2012-12-31", 
        "operating_revenue": 420430, 
        "short_term_average": 322065
    }, 
    {
        "accumulated_operating_revenue_yoy": -21.08208306207541, 
        "accumulated_operating_revenue": 158801, 
        "long_term_average": 329925, 
        "date": "2013-01-31", 
        "operating_revenue": 158801, 
        "short_term_average": 291309
    }, 
    {
        "accumulated_operating_revenue_yoy": -53.983206240436786, 
        "accumulated_operating_revenue": 257735, 
        "long_term_average": 308264, 
        "date": "2013-02-28", 
        "operating_revenue": 98934, 
        "short_term_average": 226055
    }, 
    {
        "accumulated_operating_revenue_yoy": -50.536061237388516, 
        "accumulated_operating_revenue": 464871, 
        "long_term_average": 293881, 
        "date": "2013-03-31", 
        "operating_revenue": 207136, 
        "short_term_average": 154957
    }, 
    {
        "accumulated_operating_revenue_yoy": -50.552950310559005, 
        "accumulated_operating_revenue": 636878, 
        "long_term_average": 279200, 
        "date": "2013-04-30", 
        "operating_revenue": 172007, 
        "short_term_average": 159359
    }, 
    {
        "accumulated_operating_revenue_yoy": -52.94436666421045, 
        "accumulated_operating_revenue": 798240, 
        "long_term_average": 258616, 
        "date": "2013-05-31", 
        "operating_revenue": 161362, 
        "short_term_average": 180168
    }, 
    {
        "accumulated_operating_revenue_yoy": -52.75787327237593, 
        "accumulated_operating_revenue": 1004558, 
        "long_term_average": 239973, 
        "date": "2013-06-30", 
        "operating_revenue": 206318, 
        "short_term_average": 179895
    }, 
    {
        "accumulated_operating_revenue_yoy": -46.95914194912191, 
        "accumulated_operating_revenue": 1283933, 
        "long_term_average": 238734, 
        "date": "2013-07-31", 
        "operating_revenue": 279375, 
        "short_term_average": 215685
    }, 
    {
        "accumulated_operating_revenue_yoy": -45.81848127806028, 
        "accumulated_operating_revenue": 1508634, 
        "long_term_average": 227146, 
        "date": "2013-08-31", 
        "operating_revenue": 224701, 
        "short_term_average": 236798
    }, 
    {
        "accumulated_operating_revenue_yoy": -43.13561086563183, 
        "accumulated_operating_revenue": 1726023, 
        "long_term_average": 224351, 
        "date": "2013-09-30", 
        "operating_revenue": 217389, 
        "short_term_average": 240488
    }, 
    {
        "accumulated_operating_revenue_yoy": -39.02755628421486, 
        "accumulated_operating_revenue": 2003799, 
        "long_term_average": 226577, 
        "date": "2013-10-31", 
        "operating_revenue": 277776, 
        "short_term_average": 239955
    }, 
    {
        "accumulated_operating_revenue_yoy": -36.21851839337589, 
        "accumulated_operating_revenue": 2284078, 
        "long_term_average": 225375, 
        "date": "2013-11-30", 
        "operating_revenue": 280279, 
        "short_term_average": 258481
    }, 
    {
        "accumulated_operating_revenue_yoy": -35.22585991504747, 
        "accumulated_operating_revenue": 2591956, 
        "long_term_average": 215996, 
        "date": "2013-12-31", 
        "operating_revenue": 307878, 
        "short_term_average": 288644
    }, 
    {
        "accumulated_operating_revenue_yoy": 116.4640021158557, 
        "accumulated_operating_revenue": 343747, 
        "long_term_average": 231408, 
        "date": "2014-01-31", 
        "operating_revenue": 343747, 
        "short_term_average": 310634
    }, 
    {
        "accumulated_operating_revenue_yoy": 204.59464178322696, 
        "accumulated_operating_revenue": 785047, 
        "long_term_average": 259939, 
        "date": "2014-02-28", 
        "operating_revenue": 441300, 
        "short_term_average": 364308
    }, 
    {
        "accumulated_operating_revenue_yoy": 164.0349688408182, 
        "accumulated_operating_revenue": 1227422, 
        "long_term_average": 279542, 
        "date": "2014-03-31", 
        "operating_revenue": 442375, 
        "short_term_average": 409140
    }, 
    {
        "accumulated_operating_revenue_yoy": 160.012749694604, 
        "accumulated_operating_revenue": 1655964, 
        "long_term_average": 300920, 
        "date": "2014-04-30", 
        "operating_revenue": 428542, 
        "short_term_average": 437405
    }, 
    {
        "accumulated_operating_revenue_yoy": 169.21840549208258, 
        "accumulated_operating_revenue": 2149009, 
        "long_term_average": 328560, 
        "date": "2014-05-31", 
        "operating_revenue": 493045, 
        "short_term_average": 454654
    }, 
    {
        "accumulated_operating_revenue_yoy": 153.99737994222335, 
        "accumulated_operating_revenue": 2551551, 
        "long_term_average": 344912, 
        "date": "2014-06-30", 
        "operating_revenue": 402542, 
        "short_term_average": 441376
    }, 
    {
        "accumulated_operating_revenue_yoy": 119.61465278951471, 
        "accumulated_operating_revenue": 2819705, 
        "long_term_average": 343977, 
        "date": "2014-07-31", 
        "operating_revenue": 268154, 
        "short_term_average": 387913
    }, 
    {
        "accumulated_operating_revenue_yoy": 110.11703302457721, 
        "accumulated_operating_revenue": 3169897, 
        "long_term_average": 354434, 
        "date": "2014-08-31", 
        "operating_revenue": 350192, 
        "short_term_average": 340296
    }, 
    {
        "accumulated_operating_revenue_yoy": 103.65238470171023, 
        "accumulated_operating_revenue": 3515087, 
        "long_term_average": 365085, 
        "date": "2014-09-30", 
        "operating_revenue": 345190, 
        "short_term_average": 321178
    }, 
    {
        "accumulated_operating_revenue_yoy": 92.01606548361387, 
        "accumulated_operating_revenue": 3847616, 
        "long_term_average": 369647, 
        "date": "2014-10-31", 
        "operating_revenue": 332529, 
        "short_term_average": 342637
    }, 
    {
        "accumulated_operating_revenue_yoy": 84.23131784466204, 
        "accumulated_operating_revenue": 4207987, 
        "long_term_average": 376322, 
        "date": "2014-11-30", 
        "operating_revenue": 360371, 
        "short_term_average": 346030
    }, 
    {
        "accumulated_operating_revenue_yoy": 78.43520491860201, 
        "accumulated_operating_revenue": 4624962, 
        "long_term_average": 385413, 
        "date": "2014-12-31", 
        "operating_revenue": 416975, 
        "short_term_average": 369958
    }, 
    {
        "accumulated_operating_revenue_yoy": -1.210483291490544, 
        "accumulated_operating_revenue": 339586, 
        "long_term_average": 385066, 
        "date": "2015-01-31", 
        "operating_revenue": 339586, 
        "short_term_average": 372310
    }, 
    {
        "accumulated_operating_revenue_yoy": -16.35456221092495, 
        "accumulated_operating_revenue": 656656, 
        "long_term_average": 374714, 
        "date": "2015-02-28", 
        "operating_revenue": 317070, 
        "short_term_average": 357877
    }, 
    {
        "accumulated_operating_revenue_yoy": -18.34413917951609, 
        "accumulated_operating_revenue": 1002262, 
        "long_term_average": 366650, 
        "date": "2015-03-31", 
        "operating_revenue": 345606, 
        "short_term_average": 334087
    }, 
    {
        "accumulated_operating_revenue_yoy": -17.80878086721692, 
        "accumulated_operating_revenue": 1361057, 
        "long_term_average": 360837, 
        "date": "2015-04-30", 
        "operating_revenue": 358795, 
        "short_term_average": 340490
    }, 
    {
        "accumulated_operating_revenue_yoy": -19.681257733215634, 
        "accumulated_operating_revenue": 1726057, 
        "long_term_average": 350167, 
        "date": "2015-05-31", 
        "operating_revenue": 365000, 
        "short_term_average": 356467
    }, 
    {
        "accumulated_operating_revenue_yoy": -15.074203886185305, 
        "accumulated_operating_revenue": 2166925, 
        "long_term_average": 353361, 
        "date": "2015-06-30", 
        "operating_revenue": 440868, 
        "short_term_average": 388221
    }, 
    {
        "accumulated_operating_revenue_yoy": -7.117765865578137, 
        "accumulated_operating_revenue": 2619005, 
        "long_term_average": 368688, 
        "date": "2015-07-31", 
        "operating_revenue": 452080, 
        "short_term_average": 419316
    }, 
    {
        "accumulated_operating_revenue_yoy": -2.71368438785235, 
        "accumulated_operating_revenue": 3083876, 
        "long_term_average": 378245, 
        "date": "2015-08-31", 
        "operating_revenue": 464871, 
        "short_term_average": 452606
    }, 
    {
        "accumulated_operating_revenue_yoy": 1.786755206912375, 
        "accumulated_operating_revenue": 3577893, 
        "long_term_average": 390647, 
        "date": "2015-09-30", 
        "operating_revenue": 494017, 
        "short_term_average": 470322
    }
]