[
    {
        "date": "2011-09-30", 
        "operating_revenue": 97965, 
        "accumulated_operating_revenue": 97965, 
        "long_term_average": 97965, 
        "short_term_average": 97965
    }, 
    {
        "date": "2011-10-31", 
        "operating_revenue": 104083, 
        "accumulated_operating_revenue": 202048, 
        "long_term_average": 101024, 
        "short_term_average": 101024
    }, 
    {
        "date": "2011-11-30", 
        "operating_revenue": 108738, 
        "accumulated_operating_revenue": 310786, 
        "long_term_average": 103595, 
        "short_term_average": 103595
    }, 
    {
        "date": "2011-12-31", 
        "operating_revenue": 105252, 
        "accumulated_operating_revenue": 416038, 
        "long_term_average": 104009, 
        "short_term_average": 106024
    }, 
    {
        "date": "2012-01-31", 
        "operating_revenue": 91843, 
        "accumulated_operating_revenue": 91843, 
        "long_term_average": 101576, 
        "short_term_average": 101944
    }, 
    {
        "date": "2012-02-29", 
        "operating_revenue": 94969, 
        "accumulated_operating_revenue": 186812, 
        "long_term_average": 100475, 
        "short_term_average": 97354
    }, 
    {
        "date": "2012-03-31", 
        "operating_revenue": 103138, 
        "accumulated_operating_revenue": 289950, 
        "long_term_average": 100855, 
        "short_term_average": 96650
    }, 
    {
        "date": "2012-04-30", 
        "operating_revenue": 123671, 
        "accumulated_operating_revenue": 413621, 
        "long_term_average": 103707, 
        "short_term_average": 107259
    }, 
    {
        "date": "2012-05-31", 
        "operating_revenue": 100584, 
        "accumulated_operating_revenue": 514205, 
        "long_term_average": 103360, 
        "short_term_average": 109131
    }, 
    {
        "date": "2012-06-30", 
        "operating_revenue": 122977, 
        "accumulated_operating_revenue": 637182, 
        "long_term_average": 105322, 
        "short_term_average": 115744
    }, 
    {
        "date": "2012-07-31", 
        "operating_revenue": 105162, 
        "accumulated_operating_revenue": 742344, 
        "long_term_average": 105307, 
        "short_term_average": 109574
    }, 
    {
        "date": "2012-08-31", 
        "operating_revenue": 104427, 
        "accumulated_operating_revenue": 846771, 
        "long_term_average": 105234, 
        "short_term_average": 110855
    }, 
    {
        "accumulated_operating_revenue_yoy": 871.2550400653294, 
        "accumulated_operating_revenue": 951490, 
        "long_term_average": 105796, 
        "date": "2012-09-30", 
        "operating_revenue": 104719, 
        "short_term_average": 104769
    }, 
    {
        "accumulated_operating_revenue_yoy": 416.19763620525816, 
        "accumulated_operating_revenue": 1042967, 
        "long_term_average": 104746, 
        "date": "2012-10-31", 
        "operating_revenue": 91477, 
        "short_term_average": 100207
    }, 
    {
        "accumulated_operating_revenue_yoy": 272.07660576731257, 
        "accumulated_operating_revenue": 1156362, 
        "long_term_average": 105134, 
        "date": "2012-11-30", 
        "operating_revenue": 113395, 
        "short_term_average": 103197
    }, 
    {
        "accumulated_operating_revenue_yoy": 203.0896216211019, 
        "accumulated_operating_revenue": 1260968, 
        "long_term_average": 105080, 
        "date": "2012-12-31", 
        "operating_revenue": 104606, 
        "short_term_average": 103159
    }, 
    {
        "accumulated_operating_revenue_yoy": 30.15689818494605, 
        "accumulated_operating_revenue": 119540, 
        "long_term_average": 107388, 
        "date": "2013-01-31", 
        "operating_revenue": 119540, 
        "short_term_average": 112513
    }, 
    {
        "accumulated_operating_revenue_yoy": 10.105346551613387, 
        "accumulated_operating_revenue": 205690, 
        "long_term_average": 106653, 
        "date": "2013-02-28", 
        "operating_revenue": 86150, 
        "short_term_average": 103432
    }, 
    {
        "accumulated_operating_revenue_yoy": 17.800655285394036, 
        "accumulated_operating_revenue": 341563, 
        "long_term_average": 109381, 
        "date": "2013-03-31", 
        "operating_revenue": 135873, 
        "short_term_average": 113854
    }, 
    {
        "accumulated_operating_revenue_yoy": 13.006109457691945, 
        "accumulated_operating_revenue": 467417, 
        "long_term_average": 109563, 
        "date": "2013-04-30", 
        "operating_revenue": 125854, 
        "short_term_average": 115959
    }, 
    {
        "accumulated_operating_revenue_yoy": 13.40943787011017, 
        "accumulated_operating_revenue": 583157, 
        "long_term_average": 110826, 
        "date": "2013-05-31", 
        "operating_revenue": 115740, 
        "short_term_average": 125822
    }, 
    {
        "accumulated_operating_revenue_yoy": 7.379838099632444, 
        "accumulated_operating_revenue": 684205, 
        "long_term_average": 108999, 
        "date": "2013-06-30", 
        "operating_revenue": 101048, 
        "short_term_average": 114214
    }, 
    {
        "accumulated_operating_revenue_yoy": 13.641384587199465, 
        "accumulated_operating_revenue": 843610, 
        "long_term_average": 113519, 
        "date": "2013-07-31", 
        "operating_revenue": 159405, 
        "short_term_average": 125397
    }, 
    {
        "accumulated_operating_revenue_yoy": 16.868315046216743, 
        "accumulated_operating_revenue": 989607, 
        "long_term_average": 116983, 
        "date": "2013-08-31", 
        "operating_revenue": 145997, 
        "short_term_average": 135483
    }, 
    {
        "accumulated_operating_revenue_yoy": 15.569265047451891, 
        "accumulated_operating_revenue": 1099630, 
        "long_term_average": 117425, 
        "date": "2013-09-30", 
        "operating_revenue": 110023, 
        "short_term_average": 138475
    }, 
    {
        "accumulated_operating_revenue_yoy": 16.934955756030632, 
        "accumulated_operating_revenue": 1219593, 
        "long_term_average": 119799, 
        "date": "2013-10-31", 
        "operating_revenue": 119963, 
        "short_term_average": 125327
    }, 
    {
        "accumulated_operating_revenue_yoy": 17.39688782578466, 
        "accumulated_operating_revenue": 1357533, 
        "long_term_average": 121844, 
        "date": "2013-11-30", 
        "operating_revenue": 137940, 
        "short_term_average": 122642
    }, 
    {
        "accumulated_operating_revenue_yoy": 17.590216405174438, 
        "accumulated_operating_revenue": 1482775, 
        "long_term_average": 123564, 
        "date": "2013-12-31", 
        "operating_revenue": 125242, 
        "short_term_average": 127715
    }, 
    {
        "accumulated_operating_revenue_yoy": -9.44621047348168, 
        "accumulated_operating_revenue": 108248, 
        "long_term_average": 122623, 
        "date": "2014-01-31", 
        "operating_revenue": 108248, 
        "short_term_average": 123810
    }, 
    {
        "accumulated_operating_revenue_yoy": -2.1717147163206767, 
        "accumulated_operating_revenue": 201223, 
        "long_term_average": 123192, 
        "date": "2014-02-28", 
        "operating_revenue": 92975, 
        "short_term_average": 108821
    }, 
    {
        "accumulated_operating_revenue_yoy": -4.115492603121532, 
        "accumulated_operating_revenue": 327506, 
        "long_term_average": 122393, 
        "date": "2014-03-31", 
        "operating_revenue": 126283, 
        "short_term_average": 109168
    }, 
    {
        "accumulated_operating_revenue_yoy": -3.830840555649452, 
        "accumulated_operating_revenue": 449511, 
        "long_term_average": 122072, 
        "date": "2014-04-30", 
        "operating_revenue": 122005, 
        "short_term_average": 113754
    }, 
    {
        "accumulated_operating_revenue_yoy": -1.1192526197919257, 
        "accumulated_operating_revenue": 576630, 
        "long_term_average": 123020, 
        "date": "2014-05-31", 
        "operating_revenue": 127119, 
        "short_term_average": 125135
    }, 
    {
        "accumulated_operating_revenue_yoy": 2.0141624220811014, 
        "accumulated_operating_revenue": 697986, 
        "long_term_average": 124713, 
        "date": "2014-06-30", 
        "operating_revenue": 121356, 
        "short_term_average": 123493
    }, 
    {
        "accumulated_operating_revenue_yoy": 0.15137326489728667, 
        "accumulated_operating_revenue": 844887, 
        "long_term_average": 123671, 
        "date": "2014-07-31", 
        "operating_revenue": 146901, 
        "short_term_average": 131792
    }, 
    {
        "accumulated_operating_revenue_yoy": -1.0134326050644347, 
        "accumulated_operating_revenue": 979578, 
        "long_term_average": 122728, 
        "date": "2014-08-31", 
        "operating_revenue": 134691, 
        "short_term_average": 134316
    }, 
    {
        "accumulated_operating_revenue_yoy": 0.29837308912998006, 
        "accumulated_operating_revenue": 1102911, 
        "long_term_average": 123838, 
        "date": "2014-09-30", 
        "operating_revenue": 123333, 
        "short_term_average": 134975
    }, 
    {
        "accumulated_operating_revenue_yoy": 1.882677253805163, 
        "accumulated_operating_revenue": 1242554, 
        "long_term_average": 125478, 
        "date": "2014-10-31", 
        "operating_revenue": 139643, 
        "short_term_average": 132555
    }, 
    {
        "accumulated_operating_revenue_yoy": 1.269877049029379, 
        "accumulated_operating_revenue": 1374772, 
        "long_term_average": 125001, 
        "date": "2014-11-30", 
        "operating_revenue": 132218, 
        "short_term_average": 131731
    }, 
    {
        "accumulated_operating_revenue_yoy": 2.236414830301293, 
        "accumulated_operating_revenue": 1515936, 
        "long_term_average": 126328, 
        "date": "2014-12-31", 
        "operating_revenue": 141164, 
        "short_term_average": 137675
    }, 
    {
        "accumulated_operating_revenue_yoy": 36.670423472027196, 
        "accumulated_operating_revenue": 147943, 
        "long_term_average": 129635, 
        "date": "2015-01-31", 
        "operating_revenue": 147943, 
        "short_term_average": 140441
    }, 
    {
        "accumulated_operating_revenue_yoy": 21.362866073957747, 
        "accumulated_operating_revenue": 244210, 
        "long_term_average": 129910, 
        "date": "2015-02-28", 
        "operating_revenue": 96267, 
        "short_term_average": 128458
    }, 
    {
        "accumulated_operating_revenue_yoy": 19.061635512021155, 
        "accumulated_operating_revenue": 389934, 
        "long_term_average": 131530, 
        "date": "2015-03-31", 
        "operating_revenue": 145724, 
        "short_term_average": 129978
    }, 
    {
        "accumulated_operating_revenue_yoy": 18.38575696701527, 
        "accumulated_operating_revenue": 532157, 
        "long_term_average": 133215, 
        "date": "2015-04-30", 
        "operating_revenue": 142223, 
        "short_term_average": 128071
    }, 
    {
        "accumulated_operating_revenue_yoy": 15.172641034979103, 
        "accumulated_operating_revenue": 664120, 
        "long_term_average": 133618, 
        "date": "2015-05-31", 
        "operating_revenue": 131963, 
        "short_term_average": 139970
    }, 
    {
        "accumulated_operating_revenue_yoy": 9.637585854157534, 
        "accumulated_operating_revenue": 765255, 
        "long_term_average": 131933, 
        "date": "2015-06-30", 
        "operating_revenue": 101135, 
        "short_term_average": 125107
    }, 
    {
        "accumulated_operating_revenue_yoy": 2.469087582126367, 
        "accumulated_operating_revenue": 865748, 
        "long_term_average": 128066, 
        "date": "2015-07-31", 
        "operating_revenue": 100493, 
        "short_term_average": 111197
    }, 
    {
        "accumulated_operating_revenue_yoy": -0.4351873970219829, 
        "accumulated_operating_revenue": 975315, 
        "long_term_average": 125972, 
        "date": "2015-08-31", 
        "operating_revenue": 109567, 
        "short_term_average": 103731
    }
]