[
    {
        "date": "2011-09-30", 
        "operating_revenue": 307631, 
        "accumulated_operating_revenue": 307631, 
        "long_term_average": 307631, 
        "short_term_average": 307631
    }, 
    {
        "date": "2011-10-31", 
        "operating_revenue": 282449, 
        "accumulated_operating_revenue": 590080, 
        "long_term_average": 295040, 
        "short_term_average": 295040
    }, 
    {
        "date": "2011-11-30", 
        "operating_revenue": 292273, 
        "accumulated_operating_revenue": 882353, 
        "long_term_average": 294117, 
        "short_term_average": 294117
    }, 
    {
        "date": "2011-12-31", 
        "operating_revenue": 258316, 
        "accumulated_operating_revenue": 1140669, 
        "long_term_average": 285167, 
        "short_term_average": 277679
    }, 
    {
        "date": "2012-01-31", 
        "operating_revenue": 294285, 
        "accumulated_operating_revenue": 294285, 
        "long_term_average": 286990, 
        "short_term_average": 281624
    }, 
    {
        "date": "2012-02-29", 
        "operating_revenue": 313082, 
        "accumulated_operating_revenue": 607367, 
        "long_term_average": 291339, 
        "short_term_average": 288561
    }, 
    {
        "date": "2012-03-31", 
        "operating_revenue": 362741, 
        "accumulated_operating_revenue": 970108, 
        "long_term_average": 301539, 
        "short_term_average": 323369
    }, 
    {
        "date": "2012-04-30", 
        "operating_revenue": 354321, 
        "accumulated_operating_revenue": 1324429, 
        "long_term_average": 308137, 
        "short_term_average": 343381
    }, 
    {
        "date": "2012-05-31", 
        "operating_revenue": 352090, 
        "accumulated_operating_revenue": 1676519, 
        "long_term_average": 313020, 
        "short_term_average": 356384
    }, 
    {
        "date": "2012-06-30", 
        "operating_revenue": 294300, 
        "accumulated_operating_revenue": 1970819, 
        "long_term_average": 311148, 
        "short_term_average": 333570
    }, 
    {
        "date": "2012-07-31", 
        "operating_revenue": 293224, 
        "accumulated_operating_revenue": 2264043, 
        "long_term_average": 309519, 
        "short_term_average": 313204
    }, 
    {
        "date": "2012-08-31", 
        "operating_revenue": 300058, 
        "accumulated_operating_revenue": 2564101, 
        "long_term_average": 308730, 
        "short_term_average": 295860
    }, 
    {
        "accumulated_operating_revenue_yoy": 833.1631077492191, 
        "accumulated_operating_revenue": 2870699, 
        "long_term_average": 308644, 
        "date": "2012-09-30", 
        "operating_revenue": 306598, 
        "short_term_average": 299960
    }, 
    {
        "accumulated_operating_revenue_yoy": 432.89435330802604, 
        "accumulated_operating_revenue": 3144503, 
        "long_term_average": 307924, 
        "date": "2012-10-31", 
        "operating_revenue": 273804, 
        "short_term_average": 293486
    }, 
    {
        "accumulated_operating_revenue_yoy": 295.84248027716797, 
        "accumulated_operating_revenue": 3492728, 
        "long_term_average": 312587, 
        "date": "2012-11-30", 
        "operating_revenue": 348225, 
        "short_term_average": 309542
    }, 
    {
        "accumulated_operating_revenue_yoy": 237.372366567339, 
        "accumulated_operating_revenue": 3848302, 
        "long_term_average": 320691, 
        "date": "2012-12-31", 
        "operating_revenue": 355574, 
        "short_term_average": 325867
    }, 
    {
        "accumulated_operating_revenue_yoy": 3.507484241466605, 
        "accumulated_operating_revenue": 304607, 
        "long_term_average": 321552, 
        "date": "2013-01-31", 
        "operating_revenue": 304607, 
        "short_term_average": 336135
    }, 
    {
        "accumulated_operating_revenue_yoy": -21.953942179934042, 
        "accumulated_operating_revenue": 474026, 
        "long_term_average": 309580, 
        "date": "2013-02-28", 
        "operating_revenue": 169419, 
        "short_term_average": 276533
    }, 
    {
        "accumulated_operating_revenue_yoy": -21.91343644212809, 
        "accumulated_operating_revenue": 757524, 
        "long_term_average": 302976, 
        "date": "2013-03-31", 
        "operating_revenue": 283498, 
        "short_term_average": 252508
    }, 
    {
        "accumulated_operating_revenue_yoy": -24.898880951715796, 
        "accumulated_operating_revenue": 994661, 
        "long_term_average": 293211, 
        "date": "2013-04-30", 
        "operating_revenue": 237137, 
        "short_term_average": 230018
    }, 
    {
        "accumulated_operating_revenue_yoy": -25.64247706110101, 
        "accumulated_operating_revenue": 1246618, 
        "long_term_average": 284866, 
        "date": "2013-05-31", 
        "operating_revenue": 251957, 
        "short_term_average": 257530
    }, 
    {
        "accumulated_operating_revenue_yoy": -26.180131204336877, 
        "accumulated_operating_revenue": 1454856, 
        "long_term_average": 277694, 
        "date": "2013-06-30", 
        "operating_revenue": 208238, 
        "short_term_average": 232444
    }, 
    {
        "accumulated_operating_revenue_yoy": -24.35558865268902, 
        "accumulated_operating_revenue": 1712622, 
        "long_term_average": 274740, 
        "date": "2013-07-31", 
        "operating_revenue": 257766, 
        "short_term_average": 239320
    }, 
    {
        "accumulated_operating_revenue_yoy": -24.8392711519554, 
        "accumulated_operating_revenue": 1927197, 
        "long_term_average": 267616, 
        "date": "2013-08-31", 
        "operating_revenue": 214575, 
        "short_term_average": 226859
    }, 
    {
        "accumulated_operating_revenue_yoy": -24.20375664602942, 
        "accumulated_operating_revenue": 2175882, 
        "long_term_average": 262790, 
        "date": "2013-09-30", 
        "operating_revenue": 248685, 
        "short_term_average": 240342
    }, 
    {
        "accumulated_operating_revenue_yoy": -23.304922908326052, 
        "accumulated_operating_revenue": 2411679, 
        "long_term_average": 259623, 
        "date": "2013-10-31", 
        "operating_revenue": 235797, 
        "short_term_average": 233019
    }, 
    {
        "accumulated_operating_revenue_yoy": -24.05555199259719, 
        "accumulated_operating_revenue": 2652533, 
        "long_term_average": 250675, 
        "date": "2013-11-30", 
        "operating_revenue": 240854, 
        "short_term_average": 241778
    }, 
    {
        "accumulated_operating_revenue_yoy": -24.255762671432752, 
        "accumulated_operating_revenue": 2914867, 
        "long_term_average": 242905, 
        "date": "2013-12-31", 
        "operating_revenue": 262334, 
        "short_term_average": 246328
    }, 
    {
        "accumulated_operating_revenue_yoy": -29.96549652503061, 
        "accumulated_operating_revenue": 213330, 
        "long_term_average": 235299, 
        "date": "2014-01-31", 
        "operating_revenue": 213330, 
        "short_term_average": 238839
    }, 
    {
        "accumulated_operating_revenue_yoy": -8.043651614046487, 
        "accumulated_operating_revenue": 435897, 
        "long_term_average": 239728, 
        "date": "2014-02-28", 
        "operating_revenue": 222567, 
        "short_term_average": 232743
    }, 
    {
        "accumulated_operating_revenue_yoy": -8.308251619750662, 
        "accumulated_operating_revenue": 694587, 
        "long_term_average": 237660, 
        "date": "2014-03-31", 
        "operating_revenue": 258690, 
        "short_term_average": 231529
    }, 
    {
        "accumulated_operating_revenue_yoy": -4.0702309631120555, 
        "accumulated_operating_revenue": 954176, 
        "long_term_average": 239531, 
        "date": "2014-04-30", 
        "operating_revenue": 259589, 
        "short_term_average": 246948
    }, 
    {
        "accumulated_operating_revenue_yoy": -4.0528854869735556, 
        "accumulated_operating_revenue": 1196094, 
        "long_term_average": 238695, 
        "date": "2014-05-31", 
        "operating_revenue": 241918, 
        "short_term_average": 253399
    }, 
    {
        "accumulated_operating_revenue_yoy": -7.441904903303145, 
        "accumulated_operating_revenue": 1346587, 
        "long_term_average": 233883, 
        "date": "2014-06-30", 
        "operating_revenue": 150493, 
        "short_term_average": 217333
    }, 
    {
        "accumulated_operating_revenue_yoy": -12.056542541202903, 
        "accumulated_operating_revenue": 1506139, 
        "long_term_average": 225698, 
        "date": "2014-07-31", 
        "operating_revenue": 159552, 
        "short_term_average": 183987
    }, 
    {
        "accumulated_operating_revenue_yoy": -12.624448875750637, 
        "accumulated_operating_revenue": 1683899, 
        "long_term_average": 222630, 
        "date": "2014-08-31", 
        "operating_revenue": 177760, 
        "short_term_average": 162601
    }, 
    {
        "accumulated_operating_revenue_yoy": -13.58350314952741, 
        "accumulated_operating_revenue": 1880321, 
        "long_term_average": 218275, 
        "date": "2014-09-30", 
        "operating_revenue": 196422, 
        "short_term_average": 177911
    }, 
    {
        "accumulated_operating_revenue_yoy": -14.80205284368276, 
        "accumulated_operating_revenue": 2054701, 
        "long_term_average": 213157, 
        "date": "2014-10-31", 
        "operating_revenue": 174380, 
        "short_term_average": 182854
    }, 
    {
        "accumulated_operating_revenue_yoy": -15.873883567141295, 
        "accumulated_operating_revenue": 2231473, 
        "long_term_average": 207817, 
        "date": "2014-11-30", 
        "operating_revenue": 176772, 
        "short_term_average": 182524
    }, 
    {
        "accumulated_operating_revenue_yoy": -16.378037145434078, 
        "accumulated_operating_revenue": 2437469, 
        "long_term_average": 203122, 
        "date": "2014-12-31", 
        "operating_revenue": 205996, 
        "short_term_average": 185716
    }, 
    {
        "accumulated_operating_revenue_yoy": -7.452772699573431, 
        "accumulated_operating_revenue": 197431, 
        "long_term_average": 201797, 
        "date": "2015-01-31", 
        "operating_revenue": 197431, 
        "short_term_average": 193399
    }, 
    {
        "accumulated_operating_revenue_yoy": -25.93754946696123, 
        "accumulated_operating_revenue": 322836, 
        "long_term_average": 193700, 
        "date": "2015-02-28", 
        "operating_revenue": 125405, 
        "short_term_average": 176277
    }, 
    {
        "accumulated_operating_revenue_yoy": -29.387391356302377, 
        "accumulated_operating_revenue": 490466, 
        "long_term_average": 186112, 
        "date": "2015-03-31", 
        "operating_revenue": 167630, 
        "short_term_average": 163488
    }, 
    {
        "accumulated_operating_revenue_yoy": -29.474855791803606, 
        "accumulated_operating_revenue": 672934, 
        "long_term_average": 179685, 
        "date": "2015-04-30", 
        "operating_revenue": 182468, 
        "short_term_average": 158501
    }, 
    {
        "accumulated_operating_revenue_yoy": -31.83378563892136, 
        "accumulated_operating_revenue": 815332, 
        "long_term_average": 171392, 
        "date": "2015-05-31", 
        "operating_revenue": 142398, 
        "short_term_average": 164165
    }, 
    {
        "accumulated_operating_revenue_yoy": -29.310174537553085, 
        "accumulated_operating_revenue": 951900, 
        "long_term_average": 170231, 
        "date": "2015-06-30", 
        "operating_revenue": 136568, 
        "short_term_average": 153811
    }, 
    {
        "accumulated_operating_revenue_yoy": -24.08675427699568, 
        "accumulated_operating_revenue": 1143359, 
        "long_term_average": 172890, 
        "date": "2015-07-31", 
        "operating_revenue": 191459, 
        "short_term_average": 156808
    }, 
    {
        "accumulated_operating_revenue_yoy": -19.6982716896916, 
        "accumulated_operating_revenue": 1352200, 
        "long_term_average": 175480, 
        "date": "2015-08-31", 
        "operating_revenue": 208841, 
        "short_term_average": 178956
    }, 
    {
        "accumulated_operating_revenue_yoy": -16.858504478756554, 
        "accumulated_operating_revenue": 1563327, 
        "long_term_average": 176706, 
        "date": "2015-09-30", 
        "operating_revenue": 211127, 
        "short_term_average": 203809
    }
]