[
    {
        "date": "2012-01-31", 
        "operating_revenue": 49304, 
        "accumulated_operating_revenue": 49304, 
        "long_term_average": 49304, 
        "short_term_average": 49304
    }, 
    {
        "date": "2012-02-29", 
        "operating_revenue": 49014, 
        "accumulated_operating_revenue": 98318, 
        "long_term_average": 49159, 
        "short_term_average": 49159
    }, 
    {
        "date": "2012-03-31", 
        "operating_revenue": 48033, 
        "accumulated_operating_revenue": 146351, 
        "long_term_average": 48783, 
        "short_term_average": 48783
    }, 
    {
        "date": "2012-04-30", 
        "operating_revenue": 50383, 
        "accumulated_operating_revenue": 196734, 
        "long_term_average": 49183, 
        "short_term_average": 49143
    }, 
    {
        "date": "2012-05-31", 
        "operating_revenue": 47046, 
        "accumulated_operating_revenue": 243780, 
        "long_term_average": 48756, 
        "short_term_average": 48487
    }, 
    {
        "date": "2012-06-30", 
        "operating_revenue": 55649, 
        "accumulated_operating_revenue": 299429, 
        "long_term_average": 49904, 
        "short_term_average": 51026
    }, 
    {
        "date": "2012-07-31", 
        "operating_revenue": 52317, 
        "accumulated_operating_revenue": 351746, 
        "long_term_average": 50249, 
        "short_term_average": 51670
    }, 
    {
        "date": "2012-08-31", 
        "operating_revenue": 54884, 
        "accumulated_operating_revenue": 406630, 
        "long_term_average": 50828, 
        "short_term_average": 54283
    }, 
    {
        "date": "2012-09-30", 
        "operating_revenue": 52427, 
        "accumulated_operating_revenue": 459057, 
        "long_term_average": 51006, 
        "short_term_average": 53209
    }, 
    {
        "date": "2012-10-31", 
        "operating_revenue": 54331, 
        "accumulated_operating_revenue": 513388, 
        "long_term_average": 51338, 
        "short_term_average": 53880
    }, 
    {
        "date": "2012-11-30", 
        "operating_revenue": 73640, 
        "accumulated_operating_revenue": 587028, 
        "long_term_average": 53366, 
        "short_term_average": 60132
    }, 
    {
        "date": "2012-12-31", 
        "operating_revenue": 70988, 
        "accumulated_operating_revenue": 658016, 
        "long_term_average": 54834, 
        "short_term_average": 66319
    }, 
    {
        "accumulated_operating_revenue_yoy": 46.32687003082914, 
        "accumulated_operating_revenue": 72145, 
        "long_term_average": 56738, 
        "date": "2013-01-31", 
        "operating_revenue": 72145, 
        "short_term_average": 72257
    }, 
    {
        "accumulated_operating_revenue_yoy": 31.199780304725483, 
        "accumulated_operating_revenue": 128993, 
        "long_term_average": 57390, 
        "date": "2013-02-28", 
        "operating_revenue": 56848, 
        "short_term_average": 66660
    }, 
    {
        "accumulated_operating_revenue_yoy": 32.21228416614851, 
        "accumulated_operating_revenue": 193494, 
        "long_term_average": 58763, 
        "date": "2013-03-31", 
        "operating_revenue": 64501, 
        "short_term_average": 64498
    }, 
    {
        "accumulated_operating_revenue_yoy": 40.393119643782974, 
        "accumulated_operating_revenue": 276201, 
        "long_term_average": 61456, 
        "date": "2013-04-30", 
        "operating_revenue": 82707, 
        "short_term_average": 68018
    }, 
    {
        "accumulated_operating_revenue_yoy": 41.85741242103536, 
        "accumulated_operating_revenue": 345820, 
        "long_term_average": 63338, 
        "date": "2013-05-31", 
        "operating_revenue": 69619, 
        "short_term_average": 72275
    }, 
    {
        "accumulated_operating_revenue_yoy": 37.7638772463589, 
        "accumulated_operating_revenue": 412505, 
        "long_term_average": 64257, 
        "date": "2013-06-30", 
        "operating_revenue": 66685, 
        "short_term_average": 73003
    }, 
    {
        "accumulated_operating_revenue_yoy": 34.93771073445043, 
        "accumulated_operating_revenue": 474638, 
        "long_term_average": 65075, 
        "date": "2013-07-31", 
        "operating_revenue": 62133, 
        "short_term_average": 66145
    }, 
    {
        "accumulated_operating_revenue_yoy": 31.557927354105697, 
        "accumulated_operating_revenue": 534954, 
        "long_term_average": 65528, 
        "date": "2013-08-31", 
        "operating_revenue": 60316, 
        "short_term_average": 63044
    }, 
    {
        "accumulated_operating_revenue_yoy": 29.79216088633873, 
        "accumulated_operating_revenue": 595820, 
        "long_term_average": 66231, 
        "date": "2013-09-30", 
        "operating_revenue": 60866, 
        "short_term_average": 61105
    }, 
    {
        "accumulated_operating_revenue_yoy": 24.40785526736114, 
        "accumulated_operating_revenue": 638695, 
        "long_term_average": 65276, 
        "date": "2013-10-31", 
        "operating_revenue": 42875, 
        "short_term_average": 54685
    }, 
    {
        "accumulated_operating_revenue_yoy": 16.4361836232684, 
        "accumulated_operating_revenue": 683513, 
        "long_term_average": 62875, 
        "date": "2013-11-30", 
        "operating_revenue": 44818, 
        "short_term_average": 49519
    }, 
    {
        "accumulated_operating_revenue_yoy": 13.80954262510334, 
        "accumulated_operating_revenue": 748885, 
        "long_term_average": 62407, 
        "date": "2013-12-31", 
        "operating_revenue": 65372, 
        "short_term_average": 51021
    }, 
    {
        "accumulated_operating_revenue_yoy": -25.622011227389287, 
        "accumulated_operating_revenue": 53660, 
        "long_term_average": 60866, 
        "date": "2014-01-31", 
        "operating_revenue": 53660, 
        "short_term_average": 54616
    }, 
    {
        "accumulated_operating_revenue_yoy": -18.093229865186483, 
        "accumulated_operating_revenue": 105654, 
        "long_term_average": 60462, 
        "date": "2014-02-28", 
        "operating_revenue": 51994, 
        "short_term_average": 57008
    }, 
    {
        "accumulated_operating_revenue_yoy": -17.474443651999543, 
        "accumulated_operating_revenue": 159682, 
        "long_term_average": 59589, 
        "date": "2014-03-31", 
        "operating_revenue": 54028, 
        "short_term_average": 53227
    }, 
    {
        "accumulated_operating_revenue_yoy": -23.817075245925974, 
        "accumulated_operating_revenue": 210418, 
        "long_term_average": 56925, 
        "date": "2014-04-30", 
        "operating_revenue": 50736, 
        "short_term_average": 52252
    }, 
    {
        "accumulated_operating_revenue_yoy": -23.166965473367647, 
        "accumulated_operating_revenue": 265704, 
        "long_term_average": 55730, 
        "date": "2014-05-31", 
        "operating_revenue": 55286, 
        "short_term_average": 53350
    }, 
    {
        "accumulated_operating_revenue_yoy": -17.621362165307087, 
        "accumulated_operating_revenue": 339816, 
        "long_term_average": 56349, 
        "date": "2014-06-30", 
        "operating_revenue": 74112, 
        "short_term_average": 60044
    }, 
    {
        "accumulated_operating_revenue_yoy": -17.517982125324984, 
        "accumulated_operating_revenue": 391491, 
        "long_term_average": 55478, 
        "date": "2014-07-31", 
        "operating_revenue": 51675, 
        "short_term_average": 60357
    }, 
    {
        "accumulated_operating_revenue_yoy": -16.948373131147726, 
        "accumulated_operating_revenue": 444288, 
        "long_term_average": 54851, 
        "date": "2014-08-31", 
        "operating_revenue": 52797, 
        "short_term_average": 59528
    }, 
    {
        "accumulated_operating_revenue_yoy": -14.002551106038736, 
        "accumulated_operating_revenue": 512390, 
        "long_term_average": 55454, 
        "date": "2014-09-30", 
        "operating_revenue": 68102, 
        "short_term_average": 57524
    }, 
    {
        "accumulated_operating_revenue_yoy": -9.917722856762618, 
        "accumulated_operating_revenue": 575351, 
        "long_term_average": 57128, 
        "date": "2014-10-31", 
        "operating_revenue": 62961, 
        "short_term_average": 61286
    }, 
    {
        "accumulated_operating_revenue_yoy": -8.448705437936074, 
        "accumulated_operating_revenue": 625765, 
        "long_term_average": 57594, 
        "date": "2014-11-30", 
        "operating_revenue": 50414, 
        "short_term_average": 60492
    }, 
    {
        "accumulated_operating_revenue_yoy": -6.128444287173599, 
        "accumulated_operating_revenue": 702990, 
        "long_term_average": 58582, 
        "date": "2014-12-31", 
        "operating_revenue": 77225, 
        "short_term_average": 63533
    }, 
    {
        "accumulated_operating_revenue_yoy": 8.852031308237047, 
        "accumulated_operating_revenue": 58410, 
        "long_term_average": 58978, 
        "date": "2015-01-31", 
        "operating_revenue": 58410, 
        "short_term_average": 62016
    }, 
    {
        "accumulated_operating_revenue_yoy": -4.174948416529426, 
        "accumulated_operating_revenue": 101243, 
        "long_term_average": 58214, 
        "date": "2015-02-28", 
        "operating_revenue": 42833, 
        "short_term_average": 59489
    }, 
    {
        "accumulated_operating_revenue_yoy": 5.457095978256786, 
        "accumulated_operating_revenue": 168396, 
        "long_term_average": 59308, 
        "date": "2015-03-31", 
        "operating_revenue": 67153, 
        "short_term_average": 56132
    }, 
    {
        "accumulated_operating_revenue_yoy": 1.5364655115056696, 
        "accumulated_operating_revenue": 213651, 
        "long_term_average": 58851, 
        "date": "2015-04-30", 
        "operating_revenue": 45255, 
        "short_term_average": 51747
    }, 
    {
        "accumulated_operating_revenue_yoy": -0.018065215427693977, 
        "accumulated_operating_revenue": 265656, 
        "long_term_average": 58578, 
        "date": "2015-05-31", 
        "operating_revenue": 52005, 
        "short_term_average": 54804
    }, 
    {
        "accumulated_operating_revenue_yoy": -4.724615674364951, 
        "accumulated_operating_revenue": 323761, 
        "long_term_average": 57244, 
        "date": "2015-06-30", 
        "operating_revenue": 58105, 
        "short_term_average": 51788
    }, 
    {
        "accumulated_operating_revenue_yoy": -2.9359551049704846, 
        "accumulated_operating_revenue": 379997, 
        "long_term_average": 57624, 
        "date": "2015-07-31", 
        "operating_revenue": 56236, 
        "short_term_average": 55448
    }, 
    {
        "accumulated_operating_revenue_yoy": -1.7592192451743014, 
        "accumulated_operating_revenue": 436472, 
        "long_term_average": 57931, 
        "date": "2015-08-31", 
        "operating_revenue": 56475, 
        "short_term_average": 56938
    }
]