[
    {
        "date": "2012-06-30", 
        "operating_revenue": 398021, 
        "accumulated_operating_revenue": 398021, 
        "long_term_average": 398021, 
        "short_term_average": 398021
    }, 
    {
        "date": "2012-07-31", 
        "operating_revenue": 395201, 
        "accumulated_operating_revenue": 793222, 
        "long_term_average": 396611, 
        "short_term_average": 396611
    }, 
    {
        "date": "2012-08-31", 
        "operating_revenue": 511252, 
        "accumulated_operating_revenue": 1304474, 
        "long_term_average": 434824, 
        "short_term_average": 434824
    }, 
    {
        "date": "2012-09-30", 
        "operating_revenue": 539014, 
        "accumulated_operating_revenue": 1843488, 
        "long_term_average": 460872, 
        "short_term_average": 481822
    }, 
    {
        "date": "2012-10-31", 
        "operating_revenue": 558446, 
        "accumulated_operating_revenue": 2401934, 
        "long_term_average": 480386, 
        "short_term_average": 536237
    }, 
    {
        "date": "2012-11-30", 
        "operating_revenue": 530700, 
        "accumulated_operating_revenue": 2932634, 
        "long_term_average": 488772, 
        "short_term_average": 542720
    }, 
    {
        "date": "2012-12-31", 
        "operating_revenue": 443521, 
        "accumulated_operating_revenue": 3376155, 
        "long_term_average": 482307, 
        "short_term_average": 510889
    }, 
    {
        "date": "2013-01-31", 
        "operating_revenue": 459796, 
        "accumulated_operating_revenue": 459796, 
        "long_term_average": 479493, 
        "short_term_average": 478005
    }, 
    {
        "date": "2013-02-28", 
        "operating_revenue": 362595, 
        "accumulated_operating_revenue": 822391, 
        "long_term_average": 466505, 
        "short_term_average": 421970
    }, 
    {
        "date": "2013-03-31", 
        "operating_revenue": 530181, 
        "accumulated_operating_revenue": 1352572, 
        "long_term_average": 472872, 
        "short_term_average": 450857
    }, 
    {
        "date": "2013-04-30", 
        "operating_revenue": 609585, 
        "accumulated_operating_revenue": 1962157, 
        "long_term_average": 485301, 
        "short_term_average": 500787
    }, 
    {
        "date": "2013-05-31", 
        "operating_revenue": 548595, 
        "accumulated_operating_revenue": 2510752, 
        "long_term_average": 490575, 
        "short_term_average": 562787
    }, 
    {
        "accumulated_operating_revenue_yoy": 657.762027631708, 
        "accumulated_operating_revenue": 3016052, 
        "long_term_average": 499515, 
        "date": "2013-06-30", 
        "operating_revenue": 505300, 
        "short_term_average": 554493
    }, 
    {
        "accumulated_operating_revenue_yoy": 352.51909301557447, 
        "accumulated_operating_revenue": 3589481, 
        "long_term_average": 514367, 
        "date": "2013-07-31", 
        "operating_revenue": 573429, 
        "short_term_average": 542441
    }, 
    {
        "accumulated_operating_revenue_yoy": 225.58855140079447, 
        "accumulated_operating_revenue": 4247218, 
        "long_term_average": 526574, 
        "date": "2013-08-31", 
        "operating_revenue": 657737, 
        "short_term_average": 578822
    }, 
    {
        "accumulated_operating_revenue_yoy": 167.6945551042372, 
        "accumulated_operating_revenue": 4934917, 
        "long_term_average": 538965, 
        "date": "2013-09-30", 
        "operating_revenue": 687699, 
        "short_term_average": 639621
    }, 
    {
        "accumulated_operating_revenue_yoy": 130.37185867721595, 
        "accumulated_operating_revenue": 5533380, 
        "long_term_average": 542300, 
        "date": "2013-10-31", 
        "operating_revenue": 598463, 
        "short_term_average": 647966
    }, 
    {
        "accumulated_operating_revenue_yoy": 106.91156823524517, 
        "accumulated_operating_revenue": 6067959, 
        "long_term_average": 542623, 
        "date": "2013-11-30", 
        "operating_revenue": 534579, 
        "short_term_average": 606913
    }, 
    {
        "accumulated_operating_revenue_yoy": 96.26847701008988, 
        "accumulated_operating_revenue": 6626328, 
        "long_term_average": 552194, 
        "date": "2013-12-31", 
        "operating_revenue": 558369, 
        "short_term_average": 563803
    }, 
    {
        "accumulated_operating_revenue_yoy": 19.40817231989839, 
        "accumulated_operating_revenue": 549034, 
        "long_term_average": 559630, 
        "date": "2014-01-31", 
        "operating_revenue": 549034, 
        "short_term_average": 547327
    }, 
    {
        "accumulated_operating_revenue_yoy": 20.64091168312883, 
        "accumulated_operating_revenue": 992140, 
        "long_term_average": 566339, 
        "date": "2014-02-28", 
        "operating_revenue": 443106, 
        "short_term_average": 516836
    }, 
    {
        "accumulated_operating_revenue_yoy": 23.89403299787368, 
        "accumulated_operating_revenue": 1675756, 
        "long_term_average": 579126, 
        "date": "2014-03-31", 
        "operating_revenue": 683616, 
        "short_term_average": 558585
    }, 
    {
        "accumulated_operating_revenue_yoy": 16.0872957668525, 
        "accumulated_operating_revenue": 2277815, 
        "long_term_average": 578498, 
        "date": "2014-04-30", 
        "operating_revenue": 602059, 
        "short_term_average": 576260
    }, 
    {
        "accumulated_operating_revenue_yoy": 13.1392905392488, 
        "accumulated_operating_revenue": 2840647, 
        "long_term_average": 579685, 
        "date": "2014-05-31", 
        "operating_revenue": 562832, 
        "short_term_average": 616169
    }, 
    {
        "accumulated_operating_revenue_yoy": 11.147354223335672, 
        "accumulated_operating_revenue": 3352262, 
        "long_term_average": 580211, 
        "date": "2014-06-30", 
        "operating_revenue": 511615, 
        "short_term_average": 558835
    }, 
    {
        "accumulated_operating_revenue_yoy": 6.0190317207418005, 
        "accumulated_operating_revenue": 3805533, 
        "long_term_average": 570198, 
        "date": "2014-07-31", 
        "operating_revenue": 453271, 
        "short_term_average": 509239
    }, 
    {
        "accumulated_operating_revenue_yoy": 4.189071528704201, 
        "accumulated_operating_revenue": 4425137, 
        "long_term_average": 567020, 
        "date": "2014-08-31", 
        "operating_revenue": 619604, 
        "short_term_average": 528163
    }, 
    {
        "accumulated_operating_revenue_yoy": 4.786524271836791, 
        "accumulated_operating_revenue": 5171128, 
        "long_term_average": 571878, 
        "date": "2014-09-30", 
        "operating_revenue": 745991, 
        "short_term_average": 606288
    }, 
    {
        "accumulated_operating_revenue_yoy": 6.628371808912455, 
        "accumulated_operating_revenue": 5900153, 
        "long_term_average": 582758, 
        "date": "2014-10-31", 
        "operating_revenue": 729025, 
        "short_term_average": 698206
    }, 
    {
        "accumulated_operating_revenue_yoy": 6.23563870487589, 
        "accumulated_operating_revenue": 6446335, 
        "long_term_average": 583725, 
        "date": "2014-11-30", 
        "operating_revenue": 546182, 
        "short_term_average": 673732
    }, 
    {
        "accumulated_operating_revenue_yoy": 7.120972580892464, 
        "accumulated_operating_revenue": 7098187, 
        "long_term_average": 591515, 
        "date": "2014-12-31", 
        "operating_revenue": 651852, 
        "short_term_average": 642353
    }, 
    {
        "accumulated_operating_revenue_yoy": 15.372636303034056, 
        "accumulated_operating_revenue": 633435, 
        "long_term_average": 598549, 
        "date": "2015-01-31", 
        "operating_revenue": 633435, 
        "short_term_average": 610489
    }, 
    {
        "accumulated_operating_revenue_yoy": 14.495434112121272, 
        "accumulated_operating_revenue": 1135955, 
        "long_term_average": 603500, 
        "date": "2015-02-28", 
        "operating_revenue": 502520, 
        "short_term_average": 595935
    }, 
    {
        "accumulated_operating_revenue_yoy": 4.6936427498991495, 
        "accumulated_operating_revenue": 1754410, 
        "long_term_average": 598070, 
        "date": "2015-03-31", 
        "operating_revenue": 618455, 
        "short_term_average": 584803
    }, 
    {
        "accumulated_operating_revenue_yoy": 1.8460673935328373, 
        "accumulated_operating_revenue": 2319865, 
        "long_term_average": 595019, 
        "date": "2015-04-30", 
        "operating_revenue": 565455, 
        "short_term_average": 562143
    }, 
    {
        "accumulated_operating_revenue_yoy": -4.104557870090863, 
        "accumulated_operating_revenue": 2724051, 
        "long_term_average": 581799, 
        "date": "2015-05-31", 
        "operating_revenue": 404186, 
        "short_term_average": 529365
    }, 
    {
        "accumulated_operating_revenue_yoy": -6.44111349291911, 
        "accumulated_operating_revenue": 3136339, 
        "long_term_average": 573522, 
        "date": "2015-06-30", 
        "operating_revenue": 412288, 
        "short_term_average": 460643
    }, 
    {
        "accumulated_operating_revenue_yoy": -5.539644512345577, 
        "accumulated_operating_revenue": 3594720, 
        "long_term_average": 573947, 
        "date": "2015-07-31", 
        "operating_revenue": 458381, 
        "short_term_average": 424951
    }, 
    {
        "accumulated_operating_revenue_yoy": -6.840375789495331, 
        "accumulated_operating_revenue": 4122441, 
        "long_term_average": 566290, 
        "date": "2015-08-31", 
        "operating_revenue": 527721, 
        "short_term_average": 466130
    }
]