[
    {
        "date": "2012-01-31", 
        "operating_revenue": 80122, 
        "accumulated_operating_revenue": 80122, 
        "long_term_average": 80122, 
        "short_term_average": 80122
    }, 
    {
        "date": "2012-02-29", 
        "operating_revenue": 100428, 
        "accumulated_operating_revenue": 180550, 
        "long_term_average": 90275, 
        "short_term_average": 90275
    }, 
    {
        "date": "2012-03-31", 
        "operating_revenue": 111658, 
        "accumulated_operating_revenue": 292208, 
        "long_term_average": 97402, 
        "short_term_average": 97402
    }, 
    {
        "date": "2012-04-30", 
        "operating_revenue": 120141, 
        "accumulated_operating_revenue": 412349, 
        "long_term_average": 103087, 
        "short_term_average": 110742
    }, 
    {
        "date": "2012-05-31", 
        "operating_revenue": 125827, 
        "accumulated_operating_revenue": 538176, 
        "long_term_average": 107635, 
        "short_term_average": 119208
    }, 
    {
        "date": "2012-06-30", 
        "operating_revenue": 127376, 
        "accumulated_operating_revenue": 665552, 
        "long_term_average": 110925, 
        "short_term_average": 124448
    }, 
    {
        "date": "2012-07-31", 
        "operating_revenue": 119269, 
        "accumulated_operating_revenue": 784821, 
        "long_term_average": 112117, 
        "short_term_average": 124157
    }, 
    {
        "date": "2012-08-31", 
        "operating_revenue": 102980, 
        "accumulated_operating_revenue": 887801, 
        "long_term_average": 110975, 
        "short_term_average": 116541
    }, 
    {
        "date": "2012-09-30", 
        "operating_revenue": 83222, 
        "accumulated_operating_revenue": 971023, 
        "long_term_average": 107891, 
        "short_term_average": 101823
    }, 
    {
        "date": "2012-10-31", 
        "operating_revenue": 88336, 
        "accumulated_operating_revenue": 1059359, 
        "long_term_average": 105935, 
        "short_term_average": 91512
    }, 
    {
        "date": "2012-11-30", 
        "operating_revenue": 97282, 
        "accumulated_operating_revenue": 1156641, 
        "long_term_average": 105149, 
        "short_term_average": 89613
    }, 
    {
        "date": "2012-12-31", 
        "operating_revenue": 85488, 
        "accumulated_operating_revenue": 1242129, 
        "long_term_average": 103510, 
        "short_term_average": 90368
    }, 
    {
        "accumulated_operating_revenue_yoy": 45.96490352212875, 
        "accumulated_operating_revenue": 116950, 
        "long_term_average": 106579, 
        "date": "2013-01-31", 
        "operating_revenue": 116950, 
        "short_term_average": 99906
    }, 
    {
        "accumulated_operating_revenue_yoy": 12.148989199667684, 
        "accumulated_operating_revenue": 202485, 
        "long_term_average": 105338, 
        "date": "2013-02-28", 
        "operating_revenue": 85535, 
        "short_term_average": 95991
    }, 
    {
        "accumulated_operating_revenue_yoy": 0.1095110332365986, 
        "accumulated_operating_revenue": 292528, 
        "long_term_average": 103537, 
        "date": "2013-03-31", 
        "operating_revenue": 90043, 
        "short_term_average": 97509
    }, 
    {
        "accumulated_operating_revenue_yoy": -8.482135278611079, 
        "accumulated_operating_revenue": 377373, 
        "long_term_average": 100596, 
        "date": "2013-04-30", 
        "operating_revenue": 84845, 
        "short_term_average": 86807
    }, 
    {
        "accumulated_operating_revenue_yoy": -12.115367463432039, 
        "accumulated_operating_revenue": 472974, 
        "long_term_average": 98077, 
        "date": "2013-05-31", 
        "operating_revenue": 95601, 
        "short_term_average": 90163
    }, 
    {
        "accumulated_operating_revenue_yoy": -15.300382239103783, 
        "accumulated_operating_revenue": 563720, 
        "long_term_average": 95024, 
        "date": "2013-06-30", 
        "operating_revenue": 90746, 
        "short_term_average": 90397
    }, 
    {
        "accumulated_operating_revenue_yoy": -17.3005054655775, 
        "accumulated_operating_revenue": 649043, 
        "long_term_average": 92195, 
        "date": "2013-07-31", 
        "operating_revenue": 85323, 
        "short_term_average": 90556
    }, 
    {
        "accumulated_operating_revenue_yoy": -17.11306925763769, 
        "accumulated_operating_revenue": 735871, 
        "long_term_average": 90849, 
        "date": "2013-08-31", 
        "operating_revenue": 86828, 
        "short_term_average": 87632
    }, 
    {
        "accumulated_operating_revenue_yoy": -14.40110069483421, 
        "accumulated_operating_revenue": 831185, 
        "long_term_average": 91857, 
        "date": "2013-09-30", 
        "operating_revenue": 95314, 
        "short_term_average": 89155
    }, 
    {
        "accumulated_operating_revenue_yoy": -12.453946207093157, 
        "accumulated_operating_revenue": 927427, 
        "long_term_average": 92516, 
        "date": "2013-10-31", 
        "operating_revenue": 96242, 
        "short_term_average": 92794
    }, 
    {
        "accumulated_operating_revenue_yoy": -11.09410785196098, 
        "accumulated_operating_revenue": 1028322, 
        "long_term_average": 92817, 
        "date": "2013-11-30", 
        "operating_revenue": 100895, 
        "short_term_average": 97483
    }, 
    {
        "accumulated_operating_revenue_yoy": -9.155329277393893, 
        "accumulated_operating_revenue": 1128408, 
        "long_term_average": 94034, 
        "date": "2013-12-31", 
        "operating_revenue": 100086, 
        "short_term_average": 99074
    }, 
    {
        "accumulated_operating_revenue_yoy": -11.235570756733647, 
        "accumulated_operating_revenue": 103810, 
        "long_term_average": 92939, 
        "date": "2014-01-31", 
        "operating_revenue": 103810, 
        "short_term_average": 101597
    }, 
    {
        "accumulated_operating_revenue_yoy": -7.72551053164432, 
        "accumulated_operating_revenue": 186842, 
        "long_term_average": 92730, 
        "date": "2014-02-28", 
        "operating_revenue": 83032, 
        "short_term_average": 95642
    }, 
    {
        "accumulated_operating_revenue_yoy": -4.564349395613411, 
        "accumulated_operating_revenue": 279176, 
        "long_term_average": 92921, 
        "date": "2014-03-31", 
        "operating_revenue": 92334, 
        "short_term_average": 93058
    }, 
    {
        "accumulated_operating_revenue_yoy": -2.1177985706449585, 
        "accumulated_operating_revenue": 369381, 
        "long_term_average": 93368, 
        "date": "2014-04-30", 
        "operating_revenue": 90205, 
        "short_term_average": 88523
    }, 
    {
        "accumulated_operating_revenue_yoy": -3.5779979449187485, 
        "accumulated_operating_revenue": 456051, 
        "long_term_average": 92623, 
        "date": "2014-05-31", 
        "operating_revenue": 86670, 
        "short_term_average": 89736
    }, 
    {
        "accumulated_operating_revenue_yoy": -4.883097991910878, 
        "accumulated_operating_revenue": 536193, 
        "long_term_average": 91740, 
        "date": "2014-06-30", 
        "operating_revenue": 80142, 
        "short_term_average": 85672
    }, 
    {
        "accumulated_operating_revenue_yoy": -6.115773531183604, 
        "accumulated_operating_revenue": 609349, 
        "long_term_average": 90726, 
        "date": "2014-07-31", 
        "operating_revenue": 73156, 
        "short_term_average": 79989
    }, 
    {
        "accumulated_operating_revenue_yoy": -5.612260844631735, 
        "accumulated_operating_revenue": 694572, 
        "long_term_average": 90592, 
        "date": "2014-08-31", 
        "operating_revenue": 85223, 
        "short_term_average": 79507
    }, 
    {
        "accumulated_operating_revenue_yoy": -4.624241294056077, 
        "accumulated_operating_revenue": 792749, 
        "long_term_average": 90831, 
        "date": "2014-09-30", 
        "operating_revenue": 98177, 
        "short_term_average": 85518
    }, 
    {
        "accumulated_operating_revenue_yoy": -4.624191445795734, 
        "accumulated_operating_revenue": 884541, 
        "long_term_average": 90460, 
        "date": "2014-10-31", 
        "operating_revenue": 91792, 
        "short_term_average": 91730
    }, 
    {
        "accumulated_operating_revenue_yoy": -5.646869365821212, 
        "accumulated_operating_revenue": 970254, 
        "long_term_average": 89195, 
        "date": "2014-11-30", 
        "operating_revenue": 85713, 
        "short_term_average": 91894
    }, 
    {
        "accumulated_operating_revenue_yoy": -6.245347427526214, 
        "accumulated_operating_revenue": 1057935, 
        "long_term_average": 88161, 
        "date": "2014-12-31", 
        "operating_revenue": 87681, 
        "short_term_average": 88395
    }, 
    {
        "accumulated_operating_revenue_yoy": -19.09449956651575, 
        "accumulated_operating_revenue": 83988, 
        "long_term_average": 86509, 
        "date": "2015-01-31", 
        "operating_revenue": 83988, 
        "short_term_average": 85794
    }, 
    {
        "accumulated_operating_revenue_yoy": -16.753727748579013, 
        "accumulated_operating_revenue": 155539, 
        "long_term_average": 85552, 
        "date": "2015-02-28", 
        "operating_revenue": 71551, 
        "short_term_average": 81073
    }, 
    {
        "accumulated_operating_revenue_yoy": -18.716508582399634, 
        "accumulated_operating_revenue": 226924, 
        "long_term_average": 83806, 
        "date": "2015-03-31", 
        "operating_revenue": 71385, 
        "short_term_average": 75641
    }, 
    {
        "accumulated_operating_revenue_yoy": -18.102447066849674, 
        "accumulated_operating_revenue": 302514, 
        "long_term_average": 82589, 
        "date": "2015-04-30", 
        "operating_revenue": 75590, 
        "short_term_average": 72842
    }, 
    {
        "accumulated_operating_revenue_yoy": -15.83156269803158, 
        "accumulated_operating_revenue": 383851, 
        "long_term_average": 82144, 
        "date": "2015-05-31", 
        "operating_revenue": 81337, 
        "short_term_average": 76104
    }, 
    {
        "accumulated_operating_revenue_yoy": -13.013597715747874, 
        "accumulated_operating_revenue": 466415, 
        "long_term_average": 82346, 
        "date": "2015-06-30", 
        "operating_revenue": 82564, 
        "short_term_average": 79830
    }, 
    {
        "accumulated_operating_revenue_yoy": -11.067713248072945, 
        "accumulated_operating_revenue": 541908, 
        "long_term_average": 82541, 
        "date": "2015-07-31", 
        "operating_revenue": 75493, 
        "short_term_average": 79798
    }, 
    {
        "accumulated_operating_revenue_yoy": -13.90669361851615, 
        "accumulated_operating_revenue": 597980, 
        "long_term_average": 80111, 
        "date": "2015-08-31", 
        "operating_revenue": 56072, 
        "short_term_average": 71376
    }
]