[
    {
        "date": "2011-09-30", 
        "operating_revenue": 116267, 
        "accumulated_operating_revenue": 116267, 
        "long_term_average": 116267, 
        "short_term_average": 116267
    }, 
    {
        "date": "2011-10-31", 
        "operating_revenue": 96134, 
        "accumulated_operating_revenue": 212401, 
        "long_term_average": 106200, 
        "short_term_average": 106200
    }, 
    {
        "date": "2011-11-30", 
        "operating_revenue": 112029, 
        "accumulated_operating_revenue": 324430, 
        "long_term_average": 108143, 
        "short_term_average": 108143
    }, 
    {
        "date": "2011-12-31", 
        "operating_revenue": 105882, 
        "accumulated_operating_revenue": 430312, 
        "long_term_average": 107578, 
        "short_term_average": 104681
    }, 
    {
        "date": "2012-01-31", 
        "operating_revenue": 84464, 
        "accumulated_operating_revenue": 84464, 
        "long_term_average": 102955, 
        "short_term_average": 100791
    }, 
    {
        "date": "2012-02-29", 
        "operating_revenue": 100980, 
        "accumulated_operating_revenue": 185444, 
        "long_term_average": 102626, 
        "short_term_average": 97108
    }, 
    {
        "date": "2012-03-31", 
        "operating_revenue": 127938, 
        "accumulated_operating_revenue": 313382, 
        "long_term_average": 106242, 
        "short_term_average": 104460
    }, 
    {
        "date": "2012-04-30", 
        "operating_revenue": 122501, 
        "accumulated_operating_revenue": 435883, 
        "long_term_average": 108274, 
        "short_term_average": 117139
    }, 
    {
        "date": "2012-05-31", 
        "operating_revenue": 137370, 
        "accumulated_operating_revenue": 573253, 
        "long_term_average": 111507, 
        "short_term_average": 129269
    }, 
    {
        "date": "2012-06-30", 
        "operating_revenue": 130123, 
        "accumulated_operating_revenue": 703376, 
        "long_term_average": 113368, 
        "short_term_average": 129998
    }, 
    {
        "date": "2012-07-31", 
        "operating_revenue": 138391, 
        "accumulated_operating_revenue": 841767, 
        "long_term_average": 115643, 
        "short_term_average": 135294
    }, 
    {
        "date": "2012-08-31", 
        "operating_revenue": 141941, 
        "accumulated_operating_revenue": 983708, 
        "long_term_average": 117835, 
        "short_term_average": 136818
    }, 
    {
        "accumulated_operating_revenue_yoy": 855.6348749000147, 
        "accumulated_operating_revenue": 1111088, 
        "long_term_average": 118761, 
        "date": "2012-09-30", 
        "operating_revenue": 127380, 
        "short_term_average": 135904
    }, 
    {
        "accumulated_operating_revenue_yoy": 463.04113445793564, 
        "accumulated_operating_revenue": 1195905, 
        "long_term_average": 117818, 
        "date": "2012-10-31", 
        "operating_revenue": 84817, 
        "short_term_average": 118046
    }, 
    {
        "accumulated_operating_revenue_yoy": 288.6520975248898, 
        "accumulated_operating_revenue": 1260904, 
        "long_term_average": 113898, 
        "date": "2012-11-30", 
        "operating_revenue": 64999, 
        "short_term_average": 92398
    }, 
    {
        "accumulated_operating_revenue_yoy": 203.9998884530294, 
        "accumulated_operating_revenue": 1308148, 
        "long_term_average": 109012, 
        "date": "2012-12-31", 
        "operating_revenue": 47244, 
        "short_term_average": 65686
    }, 
    {
        "accumulated_operating_revenue_yoy": -37.9214813411631, 
        "accumulated_operating_revenue": 52434, 
        "long_term_average": 106343, 
        "date": "2013-01-31", 
        "operating_revenue": 52434, 
        "short_term_average": 54892
    }, 
    {
        "accumulated_operating_revenue_yoy": -60.45382972757275, 
        "accumulated_operating_revenue": 73336, 
        "long_term_average": 99670, 
        "date": "2013-02-28", 
        "operating_revenue": 20902, 
        "short_term_average": 40193
    }, 
    {
        "accumulated_operating_revenue_yoy": -55.21408376996765, 
        "accumulated_operating_revenue": 140351, 
        "long_term_average": 94593, 
        "date": "2013-03-31", 
        "operating_revenue": 67015, 
        "short_term_average": 46783
    }, 
    {
        "accumulated_operating_revenue_yoy": -52.812796094364764, 
        "accumulated_operating_revenue": 205681, 
        "long_term_average": 89828, 
        "date": "2013-04-30", 
        "operating_revenue": 65330, 
        "short_term_average": 51082
    }, 
    {
        "accumulated_operating_revenue_yoy": -54.23730883222591, 
        "accumulated_operating_revenue": 262336, 
        "long_term_average": 83102, 
        "date": "2013-05-31", 
        "operating_revenue": 56655, 
        "short_term_average": 63000
    }, 
    {
        "accumulated_operating_revenue_yoy": -53.129051886899745, 
        "accumulated_operating_revenue": 329679, 
        "long_term_average": 77870, 
        "date": "2013-06-30", 
        "operating_revenue": 67343, 
        "short_term_average": 63109
    }, 
    {
        "accumulated_operating_revenue_yoy": -50.91088151471844, 
        "accumulated_operating_revenue": 413216, 
        "long_term_average": 73299, 
        "date": "2013-07-31", 
        "operating_revenue": 83537, 
        "short_term_average": 69178
    }, 
    {
        "accumulated_operating_revenue_yoy": -51.3693087786213, 
        "accumulated_operating_revenue": 478384, 
        "long_term_average": 66902, 
        "date": "2013-08-31", 
        "operating_revenue": 65168, 
        "short_term_average": 72016
    }, 
    {
        "accumulated_operating_revenue_yoy": -51.51536151951961, 
        "accumulated_operating_revenue": 538707, 
        "long_term_average": 61313, 
        "date": "2013-09-30", 
        "operating_revenue": 60323, 
        "short_term_average": 69676
    }, 
    {
        "accumulated_operating_revenue_yoy": -50.105150492723084, 
        "accumulated_operating_revenue": 596695, 
        "long_term_average": 59078, 
        "date": "2013-10-31", 
        "operating_revenue": 57988, 
        "short_term_average": 61159
    }, 
    {
        "accumulated_operating_revenue_yoy": -47.915543134132335, 
        "accumulated_operating_revenue": 656735, 
        "long_term_average": 58664, 
        "date": "2013-11-30", 
        "operating_revenue": 60040, 
        "short_term_average": 59450
    }, 
    {
        "accumulated_operating_revenue_yoy": -44.39306561642872, 
        "accumulated_operating_revenue": 727421, 
        "long_term_average": 60618, 
        "date": "2013-12-31", 
        "operating_revenue": 70686, 
        "short_term_average": 62904
    }, 
    {
        "accumulated_operating_revenue_yoy": -13.94324293397414, 
        "accumulated_operating_revenue": 45123, 
        "long_term_average": 60009, 
        "date": "2014-01-31", 
        "operating_revenue": 45123, 
        "short_term_average": 58616
    }, 
    {
        "accumulated_operating_revenue_yoy": -0.20862877713537692, 
        "accumulated_operating_revenue": 73183, 
        "long_term_average": 60605, 
        "date": "2014-02-28", 
        "operating_revenue": 28060, 
        "short_term_average": 47956
    }, 
    {
        "accumulated_operating_revenue_yoy": -4.471646087309673, 
        "accumulated_operating_revenue": 134075, 
        "long_term_average": 60095, 
        "date": "2014-03-31", 
        "operating_revenue": 60892, 
        "short_term_average": 44691
    }, 
    {
        "accumulated_operating_revenue_yoy": -7.327852353887816, 
        "accumulated_operating_revenue": 190609, 
        "long_term_average": 59362, 
        "date": "2014-04-30", 
        "operating_revenue": 56534, 
        "short_term_average": 48495
    }, 
    {
        "accumulated_operating_revenue_yoy": -5.825734935350085, 
        "accumulated_operating_revenue": 247053, 
        "long_term_average": 59344, 
        "date": "2014-05-31", 
        "operating_revenue": 56444, 
        "short_term_average": 57956
    }, 
    {
        "accumulated_operating_revenue_yoy": -3.146090591150786, 
        "accumulated_operating_revenue": 319307, 
        "long_term_average": 59754, 
        "date": "2014-06-30", 
        "operating_revenue": 72254, 
        "short_term_average": 61744
    }, 
    {
        "accumulated_operating_revenue_yoy": -3.7070200573065906, 
        "accumulated_operating_revenue": 397898, 
        "long_term_average": 59341, 
        "date": "2014-07-31", 
        "operating_revenue": 78591, 
        "short_term_average": 69096
    }, 
    {
        "accumulated_operating_revenue_yoy": 0.8282049566875147, 
        "accumulated_operating_revenue": 482346, 
        "long_term_average": 60948, 
        "date": "2014-08-31", 
        "operating_revenue": 84448, 
        "short_term_average": 78431
    }, 
    {
        "accumulated_operating_revenue_yoy": 6.066377455648432, 
        "accumulated_operating_revenue": 571387, 
        "long_term_average": 63341, 
        "date": "2014-09-30", 
        "operating_revenue": 89041, 
        "short_term_average": 84026
    }, 
    {
        "accumulated_operating_revenue_yoy": 9.385029202523903, 
        "accumulated_operating_revenue": 652695, 
        "long_term_average": 65285, 
        "date": "2014-10-31", 
        "operating_revenue": 81308, 
        "short_term_average": 84932
    }, 
    {
        "accumulated_operating_revenue_yoy": 11.508294822112418, 
        "accumulated_operating_revenue": 732314, 
        "long_term_average": 66916, 
        "date": "2014-11-30", 
        "operating_revenue": 79619, 
        "short_term_average": 83322
    }, 
    {
        "accumulated_operating_revenue_yoy": 10.784126386233005, 
        "accumulated_operating_revenue": 805867, 
        "long_term_average": 67155, 
        "date": "2014-12-31", 
        "operating_revenue": 73553, 
        "short_term_average": 78160
    }, 
    {
        "accumulated_operating_revenue_yoy": 39.51200053187953, 
        "accumulated_operating_revenue": 62952, 
        "long_term_average": 68641, 
        "date": "2015-01-31", 
        "operating_revenue": 62952, 
        "short_term_average": 72041
    }, 
    {
        "accumulated_operating_revenue_yoy": 21.321891696158943, 
        "accumulated_operating_revenue": 88787, 
        "long_term_average": 68455, 
        "date": "2015-02-28", 
        "operating_revenue": 25835, 
        "short_term_average": 54113
    }, 
    {
        "accumulated_operating_revenue_yoy": 12.548946485176208, 
        "accumulated_operating_revenue": 150900, 
        "long_term_average": 68557, 
        "date": "2015-03-31", 
        "operating_revenue": 62113, 
        "short_term_average": 50300
    }, 
    {
        "accumulated_operating_revenue_yoy": 12.497311249731125, 
        "accumulated_operating_revenue": 214430, 
        "long_term_average": 69140, 
        "date": "2015-04-30", 
        "operating_revenue": 63530, 
        "short_term_average": 50492
    }, 
    {
        "accumulated_operating_revenue_yoy": 8.579940336688889, 
        "accumulated_operating_revenue": 268250, 
        "long_term_average": 68922, 
        "date": "2015-05-31", 
        "operating_revenue": 53820, 
        "short_term_average": 59821
    }, 
    {
        "accumulated_operating_revenue_yoy": 0.7528804567391256, 
        "accumulated_operating_revenue": 321711, 
        "long_term_average": 67355, 
        "date": "2015-06-30", 
        "operating_revenue": 53461, 
        "short_term_average": 56937
    }, 
    {
        "accumulated_operating_revenue_yoy": 1.3588909720581657, 
        "accumulated_operating_revenue": 403305, 
        "long_term_average": 67606, 
        "date": "2015-07-31", 
        "operating_revenue": 81594, 
        "short_term_average": 62958
    }, 
    {
        "accumulated_operating_revenue_yoy": -0.337102411961538, 
        "accumulated_operating_revenue": 480720, 
        "long_term_average": 67020, 
        "date": "2015-08-31", 
        "operating_revenue": 77415, 
        "short_term_average": 70823
    }
]