[
    {
        "date": "2011-09-30", 
        "operating_revenue": 1045704, 
        "accumulated_operating_revenue": 1045704, 
        "long_term_average": 1045704, 
        "short_term_average": 1045704
    }, 
    {
        "date": "2011-10-31", 
        "operating_revenue": 805309, 
        "accumulated_operating_revenue": 1851013, 
        "long_term_average": 925506, 
        "short_term_average": 925506
    }, 
    {
        "date": "2011-11-30", 
        "operating_revenue": 766070, 
        "accumulated_operating_revenue": 2617083, 
        "long_term_average": 872361, 
        "short_term_average": 872361
    }, 
    {
        "date": "2011-12-31", 
        "operating_revenue": 773521, 
        "accumulated_operating_revenue": 3390604, 
        "long_term_average": 847651, 
        "short_term_average": 781633
    }, 
    {
        "date": "2012-01-31", 
        "operating_revenue": 454760, 
        "accumulated_operating_revenue": 454760, 
        "long_term_average": 769072, 
        "short_term_average": 664783
    }, 
    {
        "date": "2012-02-29", 
        "operating_revenue": 566500, 
        "accumulated_operating_revenue": 1021260, 
        "long_term_average": 735310, 
        "short_term_average": 598260
    }, 
    {
        "date": "2012-03-31", 
        "operating_revenue": 691947, 
        "accumulated_operating_revenue": 1713207, 
        "long_term_average": 729115, 
        "short_term_average": 571069
    }, 
    {
        "date": "2012-04-30", 
        "operating_revenue": 727960, 
        "accumulated_operating_revenue": 2441167, 
        "long_term_average": 728971, 
        "short_term_average": 662135
    }, 
    {
        "date": "2012-05-31", 
        "operating_revenue": 777904, 
        "accumulated_operating_revenue": 3219071, 
        "long_term_average": 734408, 
        "short_term_average": 732603
    }, 
    {
        "date": "2012-06-30", 
        "operating_revenue": 645201, 
        "accumulated_operating_revenue": 3864272, 
        "long_term_average": 725487, 
        "short_term_average": 717021
    }, 
    {
        "date": "2012-07-31", 
        "operating_revenue": 903366, 
        "accumulated_operating_revenue": 4767638, 
        "long_term_average": 741658, 
        "short_term_average": 775490
    }, 
    {
        "date": "2012-08-31", 
        "operating_revenue": 1120815, 
        "accumulated_operating_revenue": 5888453, 
        "long_term_average": 773254, 
        "short_term_average": 889794
    }, 
    {
        "accumulated_operating_revenue_yoy": 548.6045764384568, 
        "accumulated_operating_revenue": 6782484, 
        "long_term_average": 760615, 
        "date": "2012-09-30", 
        "operating_revenue": 894031, 
        "short_term_average": 972737
    }, 
    {
        "accumulated_operating_revenue_yoy": 309.04245405083594, 
        "accumulated_operating_revenue": 7571429, 
        "long_term_average": 759251, 
        "date": "2012-10-31", 
        "operating_revenue": 788945, 
        "short_term_average": 934597
    }, 
    {
        "accumulated_operating_revenue_yoy": 220.45976379044916, 
        "accumulated_operating_revenue": 8386698, 
        "long_term_average": 763351, 
        "date": "2012-11-30", 
        "operating_revenue": 815269, 
        "short_term_average": 832748
    }, 
    {
        "accumulated_operating_revenue_yoy": 165.84525942870357, 
        "accumulated_operating_revenue": 9013760, 
        "long_term_average": 751146, 
        "date": "2012-12-31", 
        "operating_revenue": 627062, 
        "short_term_average": 743758
    }, 
    {
        "accumulated_operating_revenue_yoy": -11.460550620107309, 
        "accumulated_operating_revenue": 402642, 
        "long_term_average": 746803, 
        "date": "2013-01-31", 
        "operating_revenue": 402642, 
        "short_term_average": 614991
    }, 
    {
        "accumulated_operating_revenue_yoy": -29.993243640209155, 
        "accumulated_operating_revenue": 714951, 
        "long_term_average": 725620, 
        "date": "2013-02-28", 
        "operating_revenue": 312309, 
        "short_term_average": 447337
    }, 
    {
        "accumulated_operating_revenue_yoy": -29.552646002497074, 
        "accumulated_operating_revenue": 1206909, 
        "long_term_average": 708955, 
        "date": "2013-03-31", 
        "operating_revenue": 491958, 
        "short_term_average": 402303
    }, 
    {
        "accumulated_operating_revenue_yoy": -33.19150226100877, 
        "accumulated_operating_revenue": 1630907, 
        "long_term_average": 683625, 
        "date": "2013-04-30", 
        "operating_revenue": 423998, 
        "short_term_average": 409421
    }, 
    {
        "accumulated_operating_revenue_yoy": -35.66765069798088, 
        "accumulated_operating_revenue": 2070904, 
        "long_term_average": 655466, 
        "date": "2013-05-31", 
        "operating_revenue": 439997, 
        "short_term_average": 451984
    }, 
    {
        "accumulated_operating_revenue_yoy": -35.36948227246943, 
        "accumulated_operating_revenue": 2497499, 
        "long_term_average": 637248, 
        "date": "2013-06-30", 
        "operating_revenue": 426595, 
        "short_term_average": 430196
    }, 
    {
        "accumulated_operating_revenue_yoy": -35.09127580575539, 
        "accumulated_operating_revenue": 3094613, 
        "long_term_average": 611727, 
        "date": "2013-07-31", 
        "operating_revenue": 597114, 
        "short_term_average": 487902
    }, 
    {
        "accumulated_operating_revenue_yoy": -35.53609071856394, 
        "accumulated_operating_revenue": 3795927, 
        "long_term_average": 576769, 
        "date": "2013-08-31", 
        "operating_revenue": 701314, 
        "short_term_average": 575007
    }, 
    {
        "accumulated_operating_revenue_yoy": -34.37837818710668, 
        "accumulated_operating_revenue": 4450776, 
        "long_term_average": 556837, 
        "date": "2013-09-30", 
        "operating_revenue": 654849, 
        "short_term_average": 651092
    }, 
    {
        "accumulated_operating_revenue_yoy": -33.728375449337236, 
        "accumulated_operating_revenue": 5017709, 
        "long_term_average": 538336, 
        "date": "2013-10-31", 
        "operating_revenue": 566933, 
        "short_term_average": 641032
    }, 
    {
        "accumulated_operating_revenue_yoy": -33.140170303020334, 
        "accumulated_operating_revenue": 5607332, 
        "long_term_average": 519532, 
        "date": "2013-11-30", 
        "operating_revenue": 589623, 
        "short_term_average": 603801
    }, 
    {
        "accumulated_operating_revenue_yoy": -31.474312606503833, 
        "accumulated_operating_revenue": 6176741, 
        "long_term_average": 514728, 
        "date": "2013-12-31", 
        "operating_revenue": 569409, 
        "short_term_average": 575321
    }, 
    {
        "accumulated_operating_revenue_yoy": 25.929734106228363, 
        "accumulated_operating_revenue": 507046, 
        "long_term_average": 523428, 
        "date": "2014-01-31", 
        "operating_revenue": 507046, 
        "short_term_average": 555359
    }, 
    {
        "accumulated_operating_revenue_yoy": 34.57775427966392, 
        "accumulated_operating_revenue": 962165, 
        "long_term_average": 535329, 
        "date": "2014-02-28", 
        "operating_revenue": 455119, 
        "short_term_average": 510524
    }, 
    {
        "accumulated_operating_revenue_yoy": 38.641272871442666, 
        "accumulated_operating_revenue": 1673274, 
        "long_term_average": 553592, 
        "date": "2014-03-31", 
        "operating_revenue": 711109, 
        "short_term_average": 557758
    }, 
    {
        "accumulated_operating_revenue_yoy": 39.57546322383803, 
        "accumulated_operating_revenue": 2276346, 
        "long_term_average": 568515, 
        "date": "2014-04-30", 
        "operating_revenue": 603072, 
        "short_term_average": 589766
    }, 
    {
        "accumulated_operating_revenue_yoy": 37.70087845694441, 
        "accumulated_operating_revenue": 2851653, 
        "long_term_average": 579790, 
        "date": "2014-05-31", 
        "operating_revenue": 575307, 
        "short_term_average": 629829
    }, 
    {
        "accumulated_operating_revenue_yoy": 36.508483086479714, 
        "accumulated_operating_revenue": 3409298, 
        "long_term_average": 590711, 
        "date": "2014-06-30", 
        "operating_revenue": 557645, 
        "short_term_average": 578674
    }, 
    {
        "accumulated_operating_revenue_yoy": 27.03908372387759, 
        "accumulated_operating_revenue": 3931368, 
        "long_term_average": 584458, 
        "date": "2014-07-31", 
        "operating_revenue": 522070, 
        "short_term_average": 551674
    }, 
    {
        "accumulated_operating_revenue_yoy": 22.678992509603056, 
        "accumulated_operating_revenue": 4656805, 
        "long_term_average": 586468, 
        "date": "2014-08-31", 
        "operating_revenue": 725437, 
        "short_term_average": 601717
    }, 
    {
        "accumulated_operating_revenue_yoy": 19.850718166899433, 
        "accumulated_operating_revenue": 5334287, 
        "long_term_average": 588354, 
        "date": "2014-09-30", 
        "operating_revenue": 677482, 
        "short_term_average": 641663
    }, 
    {
        "accumulated_operating_revenue_yoy": 16.707306063384706, 
        "accumulated_operating_revenue": 5856033, 
        "long_term_average": 584588, 
        "date": "2014-10-31", 
        "operating_revenue": 521746, 
        "short_term_average": 641555
    }, 
    {
        "accumulated_operating_revenue_yoy": 14.802101962216613, 
        "accumulated_operating_revenue": 6437335, 
        "long_term_average": 583895, 
        "date": "2014-11-30", 
        "operating_revenue": 581302, 
        "short_term_average": 593510
    }, 
    {
        "accumulated_operating_revenue_yoy": 12.555812199345901, 
        "accumulated_operating_revenue": 6952281, 
        "long_term_average": 579356, 
        "date": "2014-12-31", 
        "operating_revenue": 514946, 
        "short_term_average": 539331
    }, 
    {
        "accumulated_operating_revenue_yoy": 28.645724451036003, 
        "accumulated_operating_revenue": 652293, 
        "long_term_average": 591460, 
        "date": "2015-01-31", 
        "operating_revenue": 652293, 
        "short_term_average": 582847
    }, 
    {
        "accumulated_operating_revenue_yoy": 26.983001875977614, 
        "accumulated_operating_revenue": 1221786, 
        "long_term_average": 600991, 
        "date": "2015-02-28", 
        "operating_revenue": 569493, 
        "short_term_average": 578910
    }, 
    {
        "accumulated_operating_revenue_yoy": 3.53815334487956, 
        "accumulated_operating_revenue": 1732477, 
        "long_term_average": 584290, 
        "date": "2015-03-31", 
        "operating_revenue": 510691, 
        "short_term_average": 577492
    }, 
    {
        "accumulated_operating_revenue_yoy": 1.917590735327582, 
        "accumulated_operating_revenue": 2319997, 
        "long_term_average": 582994, 
        "date": "2015-04-30", 
        "operating_revenue": 587520, 
        "short_term_average": 555901
    }, 
    {
        "accumulated_operating_revenue_yoy": 0.6434864269951498, 
        "accumulated_operating_revenue": 2870003, 
        "long_term_average": 580885, 
        "date": "2015-05-31", 
        "operating_revenue": 550006, 
        "short_term_average": 549405
    }, 
    {
        "accumulated_operating_revenue_yoy": 7.951930280075254, 
        "accumulated_operating_revenue": 3680403, 
        "long_term_average": 601948, 
        "date": "2015-06-30", 
        "operating_revenue": 810400, 
        "short_term_average": 649308
    }, 
    {
        "accumulated_operating_revenue_yoy": 11.981554512322429, 
        "accumulated_operating_revenue": 4402407, 
        "long_term_average": 618610, 
        "date": "2015-07-31", 
        "operating_revenue": 722004, 
        "short_term_average": 694136
    }, 
    {
        "accumulated_operating_revenue_yoy": 9.073667460844934, 
        "accumulated_operating_revenue": 5079348, 
        "long_term_average": 614568, 
        "date": "2015-08-31", 
        "operating_revenue": 676941, 
        "short_term_average": 736448
    }, 
    {
        "accumulated_operating_revenue_yoy": 8.172432416928448, 
        "accumulated_operating_revenue": 5770228, 
        "long_term_average": 615685, 
        "date": "2015-09-30", 
        "operating_revenue": 690880, 
        "short_term_average": 696608
    }
]