[
    {
        "date": "2012-01-31", 
        "operating_revenue": 98888, 
        "accumulated_operating_revenue": 98888, 
        "long_term_average": 98888, 
        "short_term_average": 98888
    }, 
    {
        "date": "2012-02-29", 
        "operating_revenue": 97566, 
        "accumulated_operating_revenue": 196454, 
        "long_term_average": 98227, 
        "short_term_average": 98227
    }, 
    {
        "date": "2012-03-31", 
        "operating_revenue": 116026, 
        "accumulated_operating_revenue": 312480, 
        "long_term_average": 104160, 
        "short_term_average": 104160
    }, 
    {
        "date": "2012-04-30", 
        "operating_revenue": 102529, 
        "accumulated_operating_revenue": 415009, 
        "long_term_average": 103752, 
        "short_term_average": 105373
    }, 
    {
        "date": "2012-05-31", 
        "operating_revenue": 116321, 
        "accumulated_operating_revenue": 531330, 
        "long_term_average": 106266, 
        "short_term_average": 111625
    }, 
    {
        "date": "2012-06-30", 
        "operating_revenue": 112481, 
        "accumulated_operating_revenue": 643811, 
        "long_term_average": 107301, 
        "short_term_average": 110443
    }, 
    {
        "date": "2012-07-31", 
        "operating_revenue": 106345, 
        "accumulated_operating_revenue": 750156, 
        "long_term_average": 107165, 
        "short_term_average": 111715
    }, 
    {
        "date": "2012-08-31", 
        "operating_revenue": 97166, 
        "accumulated_operating_revenue": 847322, 
        "long_term_average": 105915, 
        "short_term_average": 105330
    }, 
    {
        "date": "2012-09-30", 
        "operating_revenue": 61367, 
        "accumulated_operating_revenue": 908689, 
        "long_term_average": 100965, 
        "short_term_average": 88292
    }, 
    {
        "date": "2012-10-31", 
        "operating_revenue": 57334, 
        "accumulated_operating_revenue": 966023, 
        "long_term_average": 96602, 
        "short_term_average": 71955
    }, 
    {
        "date": "2012-11-30", 
        "operating_revenue": 66737, 
        "accumulated_operating_revenue": 1032760, 
        "long_term_average": 93887, 
        "short_term_average": 61812
    }, 
    {
        "date": "2012-12-31", 
        "operating_revenue": 68938, 
        "accumulated_operating_revenue": 1101698, 
        "long_term_average": 91808, 
        "short_term_average": 64336
    }, 
    {
        "accumulated_operating_revenue_yoy": -23.13324164711593, 
        "accumulated_operating_revenue": 76012, 
        "long_term_average": 89901, 
        "date": "2013-01-31", 
        "operating_revenue": 76012, 
        "short_term_average": 70562
    }, 
    {
        "accumulated_operating_revenue_yoy": -37.07025563236178, 
        "accumulated_operating_revenue": 123628, 
        "long_term_average": 85739, 
        "date": "2013-02-28", 
        "operating_revenue": 47616, 
        "short_term_average": 64188
    }, 
    {
        "accumulated_operating_revenue_yoy": -42.263184843830004, 
        "accumulated_operating_revenue": 180416, 
        "long_term_average": 80802, 
        "date": "2013-03-31", 
        "operating_revenue": 56788, 
        "short_term_average": 60138
    }, 
    {
        "accumulated_operating_revenue_yoy": -42.12486958114162, 
        "accumulated_operating_revenue": 240187, 
        "long_term_average": 77239, 
        "date": "2013-04-30", 
        "operating_revenue": 59771, 
        "short_term_average": 54725
    }, 
    {
        "accumulated_operating_revenue_yoy": -41.714000715186415, 
        "accumulated_operating_revenue": 309691, 
        "long_term_average": 73338, 
        "date": "2013-05-31", 
        "operating_revenue": 69504, 
        "short_term_average": 62021
    }, 
    {
        "accumulated_operating_revenue_yoy": -42.315990251797494, 
        "accumulated_operating_revenue": 371376, 
        "long_term_average": 69105, 
        "date": "2013-06-30", 
        "operating_revenue": 61685, 
        "short_term_average": 63653
    }, 
    {
        "accumulated_operating_revenue_yoy": -40.05806792187225, 
        "accumulated_operating_revenue": 449658, 
        "long_term_average": 66766, 
        "date": "2013-07-31", 
        "operating_revenue": 78282, 
        "short_term_average": 69823
    }, 
    {
        "accumulated_operating_revenue_yoy": -37.501091674711624, 
        "accumulated_operating_revenue": 529567, 
        "long_term_average": 65328, 
        "date": "2013-08-31", 
        "operating_revenue": 79909, 
        "short_term_average": 73292
    }, 
    {
        "accumulated_operating_revenue_yoy": -34.38316079538764, 
        "accumulated_operating_revenue": 596253, 
        "long_term_average": 65771, 
        "date": "2013-09-30", 
        "operating_revenue": 66686, 
        "short_term_average": 74959
    }, 
    {
        "accumulated_operating_revenue_yoy": -30.532399332107, 
        "accumulated_operating_revenue": 671073, 
        "long_term_average": 67229, 
        "date": "2013-10-31", 
        "operating_revenue": 74820, 
        "short_term_average": 73805
    }, 
    {
        "accumulated_operating_revenue_yoy": -27.852744103179827, 
        "accumulated_operating_revenue": 745108, 
        "long_term_average": 67837, 
        "date": "2013-11-30", 
        "operating_revenue": 74035, 
        "short_term_average": 71847
    }, 
    {
        "accumulated_operating_revenue_yoy": -26.984618289222635, 
        "accumulated_operating_revenue": 804409, 
        "long_term_average": 67034, 
        "date": "2013-12-31", 
        "operating_revenue": 59301, 
        "short_term_average": 69385
    }, 
    {
        "accumulated_operating_revenue_yoy": -2.739041204020418, 
        "accumulated_operating_revenue": 73930, 
        "long_term_average": 66860, 
        "date": "2014-01-31", 
        "operating_revenue": 73930, 
        "short_term_average": 69088
    }, 
    {
        "accumulated_operating_revenue_yoy": 8.752871517779145, 
        "accumulated_operating_revenue": 134449, 
        "long_term_average": 67935, 
        "date": "2014-02-28", 
        "operating_revenue": 60519, 
        "short_term_average": 64583
    }, 
    {
        "accumulated_operating_revenue_yoy": 24.430760021284144, 
        "accumulated_operating_revenue": 224493, 
        "long_term_average": 70707, 
        "date": "2014-03-31", 
        "operating_revenue": 90044, 
        "short_term_average": 74831
    }, 
    {
        "accumulated_operating_revenue_yoy": 28.538597009829843, 
        "accumulated_operating_revenue": 308733, 
        "long_term_average": 72746, 
        "date": "2014-04-30", 
        "operating_revenue": 84240, 
        "short_term_average": 78267
    }, 
    {
        "accumulated_operating_revenue_yoy": 32.22825332347404, 
        "accumulated_operating_revenue": 409499, 
        "long_term_average": 75351, 
        "date": "2014-05-31", 
        "operating_revenue": 100766, 
        "short_term_average": 91683
    }, 
    {
        "accumulated_operating_revenue_yoy": 40.824932144241956, 
        "accumulated_operating_revenue": 522990, 
        "long_term_average": 79668, 
        "date": "2014-06-30", 
        "operating_revenue": 113491, 
        "short_term_average": 99499
    }, 
    {
        "accumulated_operating_revenue_yoy": 40.549039492236325, 
        "accumulated_operating_revenue": 631990, 
        "long_term_average": 82228, 
        "date": "2014-07-31", 
        "operating_revenue": 109000, 
        "short_term_average": 107752
    }, 
    {
        "accumulated_operating_revenue_yoy": 37.21908653673662, 
        "accumulated_operating_revenue": 726667, 
        "long_term_average": 83459, 
        "date": "2014-08-31", 
        "operating_revenue": 94677, 
        "short_term_average": 105722
    }, 
    {
        "accumulated_operating_revenue_yoy": 39.371206518038484, 
        "accumulated_operating_revenue": 831005, 
        "long_term_average": 86596, 
        "date": "2014-09-30", 
        "operating_revenue": 104338, 
        "short_term_average": 102671
    }, 
    {
        "accumulated_operating_revenue_yoy": 37.06079666444634, 
        "accumulated_operating_revenue": 919778, 
        "long_term_average": 87759, 
        "date": "2014-10-31", 
        "operating_revenue": 88773, 
        "short_term_average": 95929
    }, 
    {
        "accumulated_operating_revenue_yoy": 34.89172039489578, 
        "accumulated_operating_revenue": 1005089, 
        "long_term_average": 88699, 
        "date": "2014-11-30", 
        "operating_revenue": 85311, 
        "short_term_average": 92807
    }, 
    {
        "accumulated_operating_revenue_yoy": 35.717029521052105, 
        "accumulated_operating_revenue": 1091720, 
        "long_term_average": 90976, 
        "date": "2014-12-31", 
        "operating_revenue": 86631, 
        "short_term_average": 86905
    }, 
    {
        "accumulated_operating_revenue_yoy": -0.8142837819559042, 
        "accumulated_operating_revenue": 73328, 
        "long_term_average": 90926, 
        "date": "2015-01-31", 
        "operating_revenue": 73328, 
        "short_term_average": 81756
    }, 
    {
        "accumulated_operating_revenue_yoy": 3.186338314156297, 
        "accumulated_operating_revenue": 138733, 
        "long_term_average": 91333, 
        "date": "2015-02-28", 
        "operating_revenue": 65405, 
        "short_term_average": 75121
    }, 
    {
        "accumulated_operating_revenue_yoy": -5.60284730481574, 
        "accumulated_operating_revenue": 211915, 
        "long_term_average": 89928, 
        "date": "2015-03-31", 
        "operating_revenue": 73182, 
        "short_term_average": 70638
    }, 
    {
        "accumulated_operating_revenue_yoy": -5.086595861148631, 
        "accumulated_operating_revenue": 293029, 
        "long_term_average": 89668, 
        "date": "2015-04-30", 
        "operating_revenue": 81114, 
        "short_term_average": 73233
    }, 
    {
        "accumulated_operating_revenue_yoy": -5.1543471412628605, 
        "accumulated_operating_revenue": 388392, 
        "long_term_average": 89217, 
        "date": "2015-05-31", 
        "operating_revenue": 95363, 
        "short_term_average": 83219
    }, 
    {
        "accumulated_operating_revenue_yoy": -6.552706552706552, 
        "accumulated_operating_revenue": 488720, 
        "long_term_average": 88120, 
        "date": "2015-06-30", 
        "operating_revenue": 100328, 
        "short_term_average": 92268
    }, 
    {
        "accumulated_operating_revenue_yoy": -8.02496874950553, 
        "accumulated_operating_revenue": 581273, 
        "long_term_average": 86750, 
        "date": "2015-07-31", 
        "operating_revenue": 92553, 
        "short_term_average": 96081
    }, 
    {
        "accumulated_operating_revenue_yoy": -7.939675257029699, 
        "accumulated_operating_revenue": 668972, 
        "long_term_average": 86168, 
        "date": "2015-08-31", 
        "operating_revenue": 87699, 
        "short_term_average": 93526
    }
]