[
    {
        "date": "2012-01-31", 
        "operating_revenue": 148638, 
        "accumulated_operating_revenue": 148638, 
        "long_term_average": 148638, 
        "short_term_average": 148638
    }, 
    {
        "date": "2012-02-29", 
        "operating_revenue": 166334, 
        "accumulated_operating_revenue": 314972, 
        "long_term_average": 157486, 
        "short_term_average": 157486
    }, 
    {
        "date": "2012-03-31", 
        "operating_revenue": 198775, 
        "accumulated_operating_revenue": 513747, 
        "long_term_average": 171249, 
        "short_term_average": 171249
    }, 
    {
        "date": "2012-04-30", 
        "operating_revenue": 184105, 
        "accumulated_operating_revenue": 697852, 
        "long_term_average": 174463, 
        "short_term_average": 183071
    }, 
    {
        "date": "2012-05-31", 
        "operating_revenue": 164929, 
        "accumulated_operating_revenue": 862781, 
        "long_term_average": 172556, 
        "short_term_average": 182603
    }, 
    {
        "date": "2012-06-30", 
        "operating_revenue": 326701, 
        "accumulated_operating_revenue": 1189482, 
        "long_term_average": 198247, 
        "short_term_average": 225245
    }, 
    {
        "date": "2012-07-31", 
        "operating_revenue": 444837, 
        "accumulated_operating_revenue": 1634319, 
        "long_term_average": 233474, 
        "short_term_average": 312155
    }, 
    {
        "date": "2012-08-31", 
        "operating_revenue": 435905, 
        "accumulated_operating_revenue": 2070224, 
        "long_term_average": 258778, 
        "short_term_average": 402481
    }, 
    {
        "date": "2012-09-30", 
        "operating_revenue": 441595, 
        "accumulated_operating_revenue": 2511819, 
        "long_term_average": 279091, 
        "short_term_average": 440779
    }, 
    {
        "date": "2012-10-31", 
        "operating_revenue": 406094, 
        "accumulated_operating_revenue": 2917913, 
        "long_term_average": 291791, 
        "short_term_average": 427864
    }, 
    {
        "date": "2012-11-30", 
        "operating_revenue": 415101, 
        "accumulated_operating_revenue": 3333014, 
        "long_term_average": 303001, 
        "short_term_average": 420930
    }, 
    {
        "date": "2012-12-31", 
        "operating_revenue": 377829, 
        "accumulated_operating_revenue": 3710843, 
        "long_term_average": 309236, 
        "short_term_average": 399674
    }, 
    {
        "accumulated_operating_revenue_yoy": 135.56829343774808, 
        "accumulated_operating_revenue": 350144, 
        "long_term_average": 326029, 
        "date": "2013-01-31", 
        "operating_revenue": 350144, 
        "short_term_average": 381024
    }, 
    {
        "accumulated_operating_revenue_yoy": 110.40505187762722, 
        "accumulated_operating_revenue": 662717, 
        "long_term_average": 338215, 
        "date": "2013-02-28", 
        "operating_revenue": 312573, 
        "short_term_average": 346848
    }, 
    {
        "accumulated_operating_revenue_yoy": 109.78652916708029, 
        "accumulated_operating_revenue": 1077772, 
        "long_term_average": 356239, 
        "date": "2013-03-31", 
        "operating_revenue": 415055, 
        "short_term_average": 359257
    }, 
    {
        "accumulated_operating_revenue_yoy": 117.25408825940171, 
        "accumulated_operating_revenue": 1516112, 
        "long_term_average": 377425, 
        "date": "2013-04-30", 
        "operating_revenue": 438340, 
        "short_term_average": 388656
    }, 
    {
        "accumulated_operating_revenue_yoy": 128.44997745661993, 
        "accumulated_operating_revenue": 1971023, 
        "long_term_average": 401590, 
        "date": "2013-05-31", 
        "operating_revenue": 454911, 
        "short_term_average": 436102
    }, 
    {
        "accumulated_operating_revenue_yoy": 104.26723565383924, 
        "accumulated_operating_revenue": 2429722, 
        "long_term_average": 412590, 
        "date": "2013-06-30", 
        "operating_revenue": 458699, 
        "short_term_average": 450650
    }, 
    {
        "accumulated_operating_revenue_yoy": 80.20429304193367, 
        "accumulated_operating_revenue": 2945113, 
        "long_term_average": 418469, 
        "date": "2013-07-31", 
        "operating_revenue": 515391, 
        "short_term_average": 476333
    }, 
    {
        "accumulated_operating_revenue_yoy": 68.01408929661717, 
        "accumulated_operating_revenue": 3478268, 
        "long_term_average": 426573, 
        "date": "2013-08-31", 
        "operating_revenue": 533155, 
        "short_term_average": 502415
    }, 
    {
        "accumulated_operating_revenue_yoy": 59.94217736230198, 
        "accumulated_operating_revenue": 4017458, 
        "long_term_average": 434706, 
        "date": "2013-09-30", 
        "operating_revenue": 539190, 
        "short_term_average": 529245
    }, 
    {
        "accumulated_operating_revenue_yoy": 54.12457465318534, 
        "accumulated_operating_revenue": 4497221, 
        "long_term_average": 440845, 
        "date": "2013-10-31", 
        "operating_revenue": 479763, 
        "short_term_average": 517369
    }, 
    {
        "accumulated_operating_revenue_yoy": 50.75064191149512, 
        "accumulated_operating_revenue": 5024540, 
        "long_term_average": 450197, 
        "date": "2013-11-30", 
        "operating_revenue": 527319, 
        "short_term_average": 515424
    }, 
    {
        "accumulated_operating_revenue_yoy": 49.8283274177862, 
        "accumulated_operating_revenue": 5559894, 
        "long_term_average": 463324, 
        "date": "2013-12-31", 
        "operating_revenue": 535354, 
        "short_term_average": 514145
    }, 
    {
        "accumulated_operating_revenue_yoy": 44.665908883202334, 
        "accumulated_operating_revenue": 506539, 
        "long_term_average": 476357, 
        "date": "2014-01-31", 
        "operating_revenue": 506539, 
        "short_term_average": 523070
    }, 
    {
        "accumulated_operating_revenue_yoy": 51.77986983886033, 
        "accumulated_operating_revenue": 1005871, 
        "long_term_average": 491920, 
        "date": "2014-02-28", 
        "operating_revenue": 499332, 
        "short_term_average": 513741
    }, 
    {
        "accumulated_operating_revenue_yoy": 45.80495689255241, 
        "accumulated_operating_revenue": 1571445, 
        "long_term_average": 504463, 
        "date": "2014-03-31", 
        "operating_revenue": 565574, 
        "short_term_average": 523815
    }, 
    {
        "accumulated_operating_revenue_yoy": 42.54975885686545, 
        "accumulated_operating_revenue": 2161214, 
        "long_term_average": 517083, 
        "date": "2014-04-30", 
        "operating_revenue": 589769, 
        "short_term_average": 551558
    }, 
    {
        "accumulated_operating_revenue_yoy": 41.62660709692378, 
        "accumulated_operating_revenue": 2791493, 
        "long_term_average": 531697, 
        "date": "2014-05-31", 
        "operating_revenue": 630279, 
        "short_term_average": 595207
    }, 
    {
        "accumulated_operating_revenue_yoy": 40.697495433633975, 
        "accumulated_operating_revenue": 3418558, 
        "long_term_average": 545727, 
        "date": "2014-06-30", 
        "operating_revenue": 627065, 
        "short_term_average": 615704
    }, 
    {
        "accumulated_operating_revenue_yoy": 37.238469287935644, 
        "accumulated_operating_revenue": 4041828, 
        "long_term_average": 554717, 
        "date": "2014-07-31", 
        "operating_revenue": 623270, 
        "short_term_average": 626871
    }, 
    {
        "accumulated_operating_revenue_yoy": 33.21566940787771, 
        "accumulated_operating_revenue": 4633598, 
        "long_term_average": 559602, 
        "date": "2014-08-31", 
        "operating_revenue": 591770, 
        "short_term_average": 614035
    }, 
    {
        "accumulated_operating_revenue_yoy": 29.899503616465932, 
        "accumulated_operating_revenue": 5218658, 
        "long_term_average": 563424, 
        "date": "2014-09-30", 
        "operating_revenue": 585060, 
        "short_term_average": 600033
    }, 
    {
        "accumulated_operating_revenue_yoy": 27.704820376850503, 
        "accumulated_operating_revenue": 5743168, 
        "long_term_average": 567153, 
        "date": "2014-10-31", 
        "operating_revenue": 524510, 
        "short_term_average": 567113
    }, 
    {
        "accumulated_operating_revenue_yoy": 25.165666906821322, 
        "accumulated_operating_revenue": 6288999, 
        "long_term_average": 568696, 
        "date": "2014-11-30", 
        "operating_revenue": 545831, 
        "short_term_average": 551800
    }, 
    {
        "accumulated_operating_revenue_yoy": 22.396973755255047, 
        "accumulated_operating_revenue": 6805142, 
        "long_term_average": 567095, 
        "date": "2014-12-31", 
        "operating_revenue": 516143, 
        "short_term_average": 528828
    }, 
    {
        "accumulated_operating_revenue_yoy": -0.8589664369377285, 
        "accumulated_operating_revenue": 502188, 
        "long_term_average": 566732, 
        "date": "2015-01-31", 
        "operating_revenue": 502188, 
        "short_term_average": 521387
    }, 
    {
        "accumulated_operating_revenue_yoy": -1.4020684560942707, 
        "accumulated_operating_revenue": 991768, 
        "long_term_average": 565919, 
        "date": "2015-02-28", 
        "operating_revenue": 489580, 
        "short_term_average": 502637
    }, 
    {
        "accumulated_operating_revenue_yoy": -0.21807953825937273, 
        "accumulated_operating_revenue": 1568018, 
        "long_term_average": 566809, 
        "date": "2015-03-31", 
        "operating_revenue": 576250, 
        "short_term_average": 522672
    }, 
    {
        "accumulated_operating_revenue_yoy": -0.9502992299698224, 
        "accumulated_operating_revenue": 2140676, 
        "long_term_average": 565383, 
        "date": "2015-04-30", 
        "operating_revenue": 572658, 
        "short_term_average": 546162
    }, 
    {
        "accumulated_operating_revenue_yoy": -2.8952965312827224, 
        "accumulated_operating_revenue": 2710671, 
        "long_term_average": 560360, 
        "date": "2015-05-31", 
        "operating_revenue": 569995, 
        "short_term_average": 572967
    }, 
    {
        "accumulated_operating_revenue_yoy": -3.5488062510567318, 
        "accumulated_operating_revenue": 3297240, 
        "long_term_average": 556985, 
        "date": "2015-06-30", 
        "operating_revenue": 586569, 
        "short_term_average": 576407
    }, 
    {
        "accumulated_operating_revenue_yoy": -4.012367671261617, 
        "accumulated_operating_revenue": 3879655, 
        "long_term_average": 553580, 
        "date": "2015-07-31", 
        "operating_revenue": 582415, 
        "short_term_average": 579659
    }, 
    {
        "accumulated_operating_revenue_yoy": -3.3517365986432144, 
        "accumulated_operating_revenue": 4478292, 
        "long_term_average": 554153, 
        "date": "2015-08-31", 
        "operating_revenue": 598637, 
        "short_term_average": 589207
    }, 
    {
        "accumulated_operating_revenue_yoy": -2.2723274834258156, 
        "accumulated_operating_revenue": 5100073, 
        "long_term_average": 557213, 
        "date": "2015-09-30", 
        "operating_revenue": 621781, 
        "short_term_average": 600944
    }
]