[
    {
        "date": "2012-01-31", 
        "operating_revenue": 85395, 
        "accumulated_operating_revenue": 85395, 
        "long_term_average": 85395, 
        "short_term_average": 85395
    }, 
    {
        "date": "2012-02-29", 
        "operating_revenue": 123870, 
        "accumulated_operating_revenue": 209265, 
        "long_term_average": 104632, 
        "short_term_average": 104632
    }, 
    {
        "date": "2012-03-31", 
        "operating_revenue": 285577, 
        "accumulated_operating_revenue": 494842, 
        "long_term_average": 164947, 
        "short_term_average": 164947
    }, 
    {
        "date": "2012-04-30", 
        "operating_revenue": 233192, 
        "accumulated_operating_revenue": 728034, 
        "long_term_average": 182008, 
        "short_term_average": 214213
    }, 
    {
        "date": "2012-05-31", 
        "operating_revenue": 213790, 
        "accumulated_operating_revenue": 941824, 
        "long_term_average": 188364, 
        "short_term_average": 244186
    }, 
    {
        "date": "2012-06-30", 
        "operating_revenue": 306490, 
        "accumulated_operating_revenue": 1248314, 
        "long_term_average": 208052, 
        "short_term_average": 251157
    }, 
    {
        "date": "2012-07-31", 
        "operating_revenue": 269647, 
        "accumulated_operating_revenue": 1517961, 
        "long_term_average": 216851, 
        "short_term_average": 263309
    }, 
    {
        "date": "2012-08-31", 
        "operating_revenue": 122443, 
        "accumulated_operating_revenue": 1640404, 
        "long_term_average": 205050, 
        "short_term_average": 232860
    }, 
    {
        "date": "2012-09-30", 
        "operating_revenue": 118622, 
        "accumulated_operating_revenue": 1759026, 
        "long_term_average": 195447, 
        "short_term_average": 170237
    }, 
    {
        "date": "2012-10-31", 
        "operating_revenue": 147026, 
        "accumulated_operating_revenue": 1906052, 
        "long_term_average": 190605, 
        "short_term_average": 129363
    }, 
    {
        "date": "2012-11-30", 
        "operating_revenue": 144583, 
        "accumulated_operating_revenue": 2050635, 
        "long_term_average": 186421, 
        "short_term_average": 136743
    }, 
    {
        "date": "2012-12-31", 
        "operating_revenue": 166645, 
        "accumulated_operating_revenue": 2217280, 
        "long_term_average": 184773, 
        "short_term_average": 152751
    }, 
    {
        "accumulated_operating_revenue_yoy": 44.280110076702385, 
        "accumulated_operating_revenue": 123208, 
        "long_term_average": 187924, 
        "date": "2013-01-31", 
        "operating_revenue": 123208, 
        "short_term_average": 144812
    }, 
    {
        "accumulated_operating_revenue_yoy": 32.622751057271884, 
        "accumulated_operating_revenue": 277533, 
        "long_term_average": 190462, 
        "date": "2013-02-28", 
        "operating_revenue": 154325, 
        "short_term_average": 148059
    }, 
    {
        "accumulated_operating_revenue_yoy": -5.204085344412964, 
        "accumulated_operating_revenue": 469090, 
        "long_term_average": 182627, 
        "date": "2013-03-31", 
        "operating_revenue": 191557, 
        "short_term_average": 156363
    }, 
    {
        "accumulated_operating_revenue_yoy": -4.373147407950728, 
        "accumulated_operating_revenue": 696196, 
        "long_term_average": 182120, 
        "date": "2013-04-30", 
        "operating_revenue": 227106, 
        "short_term_average": 190996
    }, 
    {
        "accumulated_operating_revenue_yoy": 7.929082291383528, 
        "accumulated_operating_revenue": 1016502, 
        "long_term_average": 190996, 
        "date": "2013-05-31", 
        "operating_revenue": 320306, 
        "short_term_average": 246323
    }, 
    {
        "accumulated_operating_revenue_yoy": 10.624730636682758, 
        "accumulated_operating_revenue": 1380944, 
        "long_term_average": 195825, 
        "date": "2013-06-30", 
        "operating_revenue": 364442, 
        "short_term_average": 303951
    }, 
    {
        "accumulated_operating_revenue_yoy": 2.338070609192199, 
        "accumulated_operating_revenue": 1553452, 
        "long_term_average": 187730, 
        "date": "2013-07-31", 
        "operating_revenue": 172508, 
        "short_term_average": 285752
    }, 
    {
        "accumulated_operating_revenue_yoy": 12.041728744870166, 
        "accumulated_operating_revenue": 1837937, 
        "long_term_average": 201234, 
        "date": "2013-08-31", 
        "operating_revenue": 284485, 
        "short_term_average": 273811
    }, 
    {
        "accumulated_operating_revenue_yoy": 24.11470893551318, 
        "accumulated_operating_revenue": 2183210, 
        "long_term_average": 220122, 
        "date": "2013-09-30", 
        "operating_revenue": 345273, 
        "short_term_average": 267422
    }, 
    {
        "accumulated_operating_revenue_yoy": 32.332643600489384, 
        "accumulated_operating_revenue": 2522329, 
        "long_term_average": 236129, 
        "date": "2013-10-31", 
        "operating_revenue": 339119, 
        "short_term_average": 322959
    }, 
    {
        "accumulated_operating_revenue_yoy": 40.097579530243074, 
        "accumulated_operating_revenue": 2872890, 
        "long_term_average": 253294, 
        "date": "2013-11-30", 
        "operating_revenue": 350561, 
        "short_term_average": 344984
    }, 
    {
        "accumulated_operating_revenue_yoy": 47.413587819310145, 
        "accumulated_operating_revenue": 3268572, 
        "long_term_average": 272381, 
        "date": "2013-12-31", 
        "operating_revenue": 395682, 
        "short_term_average": 361787
    }, 
    {
        "accumulated_operating_revenue_yoy": 229.7902733588728, 
        "accumulated_operating_revenue": 406328, 
        "long_term_average": 295974, 
        "date": "2014-01-31", 
        "operating_revenue": 406328, 
        "short_term_average": 384190
    }, 
    {
        "accumulated_operating_revenue_yoy": 198.01284892247048, 
        "accumulated_operating_revenue": 827084, 
        "long_term_average": 318176, 
        "date": "2014-02-28", 
        "operating_revenue": 420756, 
        "short_term_average": 407588
    }, 
    {
        "accumulated_operating_revenue_yoy": 166.57357863096632, 
        "accumulated_operating_revenue": 1250470, 
        "long_term_average": 337496, 
        "date": "2014-03-31", 
        "operating_revenue": 423386, 
        "short_term_average": 416823
    }, 
    {
        "accumulated_operating_revenue_yoy": 143.11501358812748, 
        "accumulated_operating_revenue": 1692557, 
        "long_term_average": 355411, 
        "date": "2014-04-30", 
        "operating_revenue": 442087, 
        "short_term_average": 428743
    }, 
    {
        "accumulated_operating_revenue_yoy": 112.01620852688927, 
        "accumulated_operating_revenue": 2155149, 
        "long_term_average": 367268, 
        "date": "2014-05-31", 
        "operating_revenue": 462592, 
        "short_term_average": 442688
    }, 
    {
        "accumulated_operating_revenue_yoy": 86.63349129291268, 
        "accumulated_operating_revenue": 2577304, 
        "long_term_average": 372077, 
        "date": "2014-06-30", 
        "operating_revenue": 422155, 
        "short_term_average": 442278
    }, 
    {
        "accumulated_operating_revenue_yoy": 88.77982712050324, 
        "accumulated_operating_revenue": 2932604, 
        "long_term_average": 387310, 
        "date": "2014-07-31", 
        "operating_revenue": 355300, 
        "short_term_average": 413349
    }, 
    {
        "accumulated_operating_revenue_yoy": 75.3431156780673, 
        "accumulated_operating_revenue": 3222696, 
        "long_term_average": 387777, 
        "date": "2014-08-31", 
        "operating_revenue": 290092, 
        "short_term_average": 355849
    }, 
    {
        "accumulated_operating_revenue_yoy": 61.35648883982759, 
        "accumulated_operating_revenue": 3522751, 
        "long_term_average": 384009, 
        "date": "2014-09-30", 
        "operating_revenue": 300055, 
        "short_term_average": 315149
    }, 
    {
        "accumulated_operating_revenue_yoy": 50.4582867659215, 
        "accumulated_operating_revenue": 3795053, 
        "long_term_average": 378441, 
        "date": "2014-10-31", 
        "operating_revenue": 272302, 
        "short_term_average": 287483
    }, 
    {
        "accumulated_operating_revenue_yoy": 42.75771087650415, 
        "accumulated_operating_revenue": 4101272, 
        "long_term_average": 374746, 
        "date": "2014-11-30", 
        "operating_revenue": 306219, 
        "short_term_average": 292858
    }, 
    {
        "accumulated_operating_revenue_yoy": 36.21058370444341, 
        "accumulated_operating_revenue": 4452141, 
        "long_term_average": 371011, 
        "date": "2014-12-31", 
        "operating_revenue": 350869, 
        "short_term_average": 309796
    }, 
    {
        "accumulated_operating_revenue_yoy": -12.224852828256974, 
        "accumulated_operating_revenue": 356655, 
        "long_term_average": 366872, 
        "date": "2015-01-31", 
        "operating_revenue": 356655, 
        "short_term_average": 337914
    }, 
    {
        "accumulated_operating_revenue_yoy": -30.36112414216694, 
        "accumulated_operating_revenue": 575972, 
        "long_term_average": 350085, 
        "date": "2015-02-28", 
        "operating_revenue": 219317, 
        "short_term_average": 308947
    }, 
    {
        "accumulated_operating_revenue_yoy": -22.590945804377554, 
        "accumulated_operating_revenue": 967977, 
        "long_term_average": 347470, 
        "date": "2015-03-31", 
        "operating_revenue": 392005, 
        "short_term_average": 322659
    }, 
    {
        "accumulated_operating_revenue_yoy": -30.97561854637687, 
        "accumulated_operating_revenue": 1168277, 
        "long_term_average": 327321, 
        "date": "2015-04-30", 
        "operating_revenue": 200300, 
        "short_term_average": 270540
    }, 
    {
        "accumulated_operating_revenue_yoy": -35.59948755283278, 
        "accumulated_operating_revenue": 1387927, 
        "long_term_average": 307076, 
        "date": "2015-05-31", 
        "operating_revenue": 219650, 
        "short_term_average": 270651
    }, 
    {
        "accumulated_operating_revenue_yoy": -30.094315610420814, 
        "accumulated_operating_revenue": 1801682, 
        "long_term_average": 306376, 
        "date": "2015-06-30", 
        "operating_revenue": 413755, 
        "short_term_average": 277901
    }, 
    {
        "accumulated_operating_revenue_yoy": -22.45591290198063, 
        "accumulated_operating_revenue": 2274061, 
        "long_term_average": 316133, 
        "date": "2015-07-31", 
        "operating_revenue": 472379, 
        "short_term_average": 368594
    }, 
    {
        "accumulated_operating_revenue_yoy": -18.218814309509803, 
        "accumulated_operating_revenue": 2635559, 
        "long_term_average": 322083, 
        "date": "2015-08-31", 
        "operating_revenue": 361498, 
        "short_term_average": 415877
    }
]