[
    {
        "date": "2012-01-31", 
        "operating_revenue": 209890, 
        "accumulated_operating_revenue": 209890, 
        "long_term_average": 209890, 
        "short_term_average": 209890
    }, 
    {
        "date": "2012-02-29", 
        "operating_revenue": 236420, 
        "accumulated_operating_revenue": 446310, 
        "long_term_average": 223155, 
        "short_term_average": 223155
    }, 
    {
        "date": "2012-03-31", 
        "operating_revenue": 262027, 
        "accumulated_operating_revenue": 708337, 
        "long_term_average": 236112, 
        "short_term_average": 236112
    }, 
    {
        "date": "2012-04-30", 
        "operating_revenue": 234881, 
        "accumulated_operating_revenue": 943218, 
        "long_term_average": 235804, 
        "short_term_average": 244442
    }, 
    {
        "date": "2012-05-31", 
        "operating_revenue": 231029, 
        "accumulated_operating_revenue": 1174247, 
        "long_term_average": 234849, 
        "short_term_average": 242645
    }, 
    {
        "date": "2012-06-30", 
        "operating_revenue": 326532, 
        "accumulated_operating_revenue": 1500779, 
        "long_term_average": 250129, 
        "short_term_average": 264147
    }, 
    {
        "date": "2012-07-31", 
        "operating_revenue": 365028, 
        "accumulated_operating_revenue": 1865807, 
        "long_term_average": 266543, 
        "short_term_average": 307529
    }, 
    {
        "date": "2012-08-31", 
        "operating_revenue": 384128, 
        "accumulated_operating_revenue": 2249935, 
        "long_term_average": 281241, 
        "short_term_average": 358562
    }, 
    {
        "date": "2012-09-30", 
        "operating_revenue": 319050, 
        "accumulated_operating_revenue": 2568985, 
        "long_term_average": 285442, 
        "short_term_average": 356068
    }, 
    {
        "date": "2012-10-31", 
        "operating_revenue": 341913, 
        "accumulated_operating_revenue": 2910898, 
        "long_term_average": 291089, 
        "short_term_average": 348363
    }, 
    {
        "date": "2012-11-30", 
        "operating_revenue": 280899, 
        "accumulated_operating_revenue": 3191797, 
        "long_term_average": 290163, 
        "short_term_average": 313954
    }, 
    {
        "date": "2012-12-31", 
        "operating_revenue": 278081, 
        "accumulated_operating_revenue": 3469878, 
        "long_term_average": 289156, 
        "short_term_average": 300297
    }, 
    {
        "accumulated_operating_revenue_yoy": 45.295154604792984, 
        "accumulated_operating_revenue": 304960, 
        "long_term_average": 297079, 
        "date": "2013-01-31", 
        "operating_revenue": 304960, 
        "short_term_average": 287980
    }, 
    {
        "accumulated_operating_revenue_yoy": 38.24001254733257, 
        "accumulated_operating_revenue": 616979, 
        "long_term_average": 303378, 
        "date": "2013-02-28", 
        "operating_revenue": 312019, 
        "short_term_average": 298353
    }, 
    {
        "accumulated_operating_revenue_yoy": 41.69851356063569, 
        "accumulated_operating_revenue": 1003703, 
        "long_term_average": 313770, 
        "date": "2013-03-31", 
        "operating_revenue": 386724, 
        "short_term_average": 334567
    }, 
    {
        "accumulated_operating_revenue_yoy": 43.32052611379342, 
        "accumulated_operating_revenue": 1351825, 
        "long_term_average": 323207, 
        "date": "2013-04-30", 
        "operating_revenue": 348122, 
        "short_term_average": 348955
    }, 
    {
        "accumulated_operating_revenue_yoy": 47.72249790716945, 
        "accumulated_operating_revenue": 1734627, 
        "long_term_average": 335854, 
        "date": "2013-05-31", 
        "operating_revenue": 382802, 
        "short_term_average": 372549
    }, 
    {
        "accumulated_operating_revenue_yoy": 38.3576129463432, 
        "accumulated_operating_revenue": 2076442, 
        "long_term_average": 337128, 
        "date": "2013-06-30", 
        "operating_revenue": 341815, 
        "short_term_average": 357579
    }, 
    {
        "accumulated_operating_revenue_yoy": 29.764600518703165, 
        "accumulated_operating_revenue": 2421157, 
        "long_term_average": 335435, 
        "date": "2013-07-31", 
        "operating_revenue": 344715, 
        "short_term_average": 356444
    }, 
    {
        "accumulated_operating_revenue_yoy": 25.073391009073596, 
        "accumulated_operating_revenue": 2814070, 
        "long_term_average": 336167, 
        "date": "2013-08-31", 
        "operating_revenue": 392913, 
        "short_term_average": 359814
    }, 
    {
        "accumulated_operating_revenue_yoy": 22.268600244843782, 
        "accumulated_operating_revenue": 3141062, 
        "long_term_average": 336829, 
        "date": "2013-09-30", 
        "operating_revenue": 326992, 
        "short_term_average": 354873
    }, 
    {
        "accumulated_operating_revenue_yoy": 20.042337450504967, 
        "accumulated_operating_revenue": 3494310, 
        "long_term_average": 337774, 
        "date": "2013-10-31", 
        "operating_revenue": 353248, 
        "short_term_average": 357717
    }, 
    {
        "accumulated_operating_revenue_yoy": 19.91874796548778, 
        "accumulated_operating_revenue": 3827563, 
        "long_term_average": 342137, 
        "date": "2013-11-30", 
        "operating_revenue": 333253, 
        "short_term_average": 337831
    }, 
    {
        "accumulated_operating_revenue_yoy": 18.532006024419303, 
        "accumulated_operating_revenue": 4112916, 
        "long_term_average": 342743, 
        "date": "2013-12-31", 
        "operating_revenue": 285353, 
        "short_term_average": 323951
    }, 
    {
        "accumulated_operating_revenue_yoy": -6.191303777544596, 
        "accumulated_operating_revenue": 286079, 
        "long_term_average": 341169, 
        "date": "2014-01-31", 
        "operating_revenue": 286079, 
        "short_term_average": 301561
    }, 
    {
        "accumulated_operating_revenue_yoy": -7.866880396253357, 
        "accumulated_operating_revenue": 568442, 
        "long_term_average": 338698, 
        "date": "2014-02-28", 
        "operating_revenue": 282363, 
        "short_term_average": 284598
    }, 
    {
        "accumulated_operating_revenue_yoy": -14.059537532517089, 
        "accumulated_operating_revenue": 862587, 
        "long_term_average": 330983, 
        "date": "2014-03-31", 
        "operating_revenue": 294145, 
        "short_term_average": 287529
    }, 
    {
        "accumulated_operating_revenue_yoy": -10.377822573188098, 
        "accumulated_operating_revenue": 1211535, 
        "long_term_average": 331052, 
        "date": "2014-04-30", 
        "operating_revenue": 348948, 
        "short_term_average": 308485
    }, 
    {
        "accumulated_operating_revenue_yoy": -9.700702225896404, 
        "accumulated_operating_revenue": 1566356, 
        "long_term_average": 328720, 
        "date": "2014-05-31", 
        "operating_revenue": 354821, 
        "short_term_average": 332638
    }, 
    {
        "accumulated_operating_revenue_yoy": -7.251587089839254, 
        "accumulated_operating_revenue": 1925867, 
        "long_term_average": 330195, 
        "date": "2014-06-30", 
        "operating_revenue": 359511, 
        "short_term_average": 354426
    }, 
    {
        "accumulated_operating_revenue_yoy": -6.176881548780191, 
        "accumulated_operating_revenue": 2271605, 
        "long_term_average": 330280, 
        "date": "2014-07-31", 
        "operating_revenue": 345738, 
        "short_term_average": 353356
    }, 
    {
        "accumulated_operating_revenue_yoy": -8.882401646014491, 
        "accumulated_operating_revenue": 2564113, 
        "long_term_average": 321913, 
        "date": "2014-08-31", 
        "operating_revenue": 292508, 
        "short_term_average": 332585
    }, 
    {
        "accumulated_operating_revenue_yoy": -7.4834243959527065, 
        "accumulated_operating_revenue": 2906003, 
        "long_term_average": 323154, 
        "date": "2014-09-30", 
        "operating_revenue": 341890, 
        "short_term_average": 326712
    }, 
    {
        "accumulated_operating_revenue_yoy": -8.443297818453429, 
        "accumulated_operating_revenue": 3199275, 
        "long_term_average": 318156, 
        "date": "2014-10-31", 
        "operating_revenue": 293272, 
        "short_term_average": 309223
    }, 
    {
        "accumulated_operating_revenue_yoy": -10.216422303173063, 
        "accumulated_operating_revenue": 3436523, 
        "long_term_average": 310156, 
        "date": "2014-11-30", 
        "operating_revenue": 237248, 
        "short_term_average": 290803
    }, 
    {
        "accumulated_operating_revenue_yoy": -10.47405295901983, 
        "accumulated_operating_revenue": 3682127, 
        "long_term_average": 306843, 
        "date": "2014-12-31", 
        "operating_revenue": 245604, 
        "short_term_average": 258708
    }, 
    {
        "accumulated_operating_revenue_yoy": -0.544255258162955, 
        "accumulated_operating_revenue": 284522, 
        "long_term_average": 306714, 
        "date": "2015-01-31", 
        "operating_revenue": 284522, 
        "short_term_average": 255791
    }, 
    {
        "accumulated_operating_revenue_yoy": -3.9038283589178846, 
        "accumulated_operating_revenue": 546251, 
        "long_term_average": 304994, 
        "date": "2015-02-28", 
        "operating_revenue": 261729, 
        "short_term_average": 263951
    }, 
    {
        "accumulated_operating_revenue_yoy": 4.484533154336896, 
        "accumulated_operating_revenue": 901270, 
        "long_term_average": 310067, 
        "date": "2015-03-31", 
        "operating_revenue": 355019, 
        "short_term_average": 300423
    }, 
    {
        "accumulated_operating_revenue_yoy": 1.6337951441766023, 
        "accumulated_operating_revenue": 1231329, 
        "long_term_average": 308493, 
        "date": "2015-04-30", 
        "operating_revenue": 330059, 
        "short_term_average": 315602
    }, 
    {
        "accumulated_operating_revenue_yoy": 2.242146740587708, 
        "accumulated_operating_revenue": 1601476, 
        "long_term_average": 309770, 
        "date": "2015-05-31", 
        "operating_revenue": 370147, 
        "short_term_average": 351741
    }, 
    {
        "accumulated_operating_revenue_yoy": 6.040863673348159, 
        "accumulated_operating_revenue": 2042206, 
        "long_term_average": 316538, 
        "date": "2015-06-30", 
        "operating_revenue": 440730, 
        "short_term_average": 380312
    }, 
    {
        "accumulated_operating_revenue_yoy": 5.513194415402325, 
        "accumulated_operating_revenue": 2396843, 
        "long_term_average": 317280, 
        "date": "2015-07-31", 
        "operating_revenue": 354637, 
        "short_term_average": 388504
    }, 
    {
        "accumulated_operating_revenue_yoy": 7.160058858560446, 
        "accumulated_operating_revenue": 2747705, 
        "long_term_average": 322143, 
        "date": "2015-08-31", 
        "operating_revenue": 350862, 
        "short_term_average": 382076
    }, 
    {
        "accumulated_operating_revenue_yoy": 6.894280563371752, 
        "accumulated_operating_revenue": 3106351, 
        "long_term_average": 323539, 
        "date": "2015-09-30", 
        "operating_revenue": 358646, 
        "short_term_average": 354715
    }
]