[
    {
        "date": "2012-01-31", 
        "operating_revenue": 7132, 
        "accumulated_operating_revenue": 7132, 
        "long_term_average": 7132, 
        "short_term_average": 7132
    }, 
    {
        "date": "2012-02-29", 
        "operating_revenue": 65535, 
        "accumulated_operating_revenue": 72667, 
        "long_term_average": 36333, 
        "short_term_average": 36333
    }, 
    {
        "date": "2012-03-31", 
        "operating_revenue": 58336, 
        "accumulated_operating_revenue": 131003, 
        "long_term_average": 43667, 
        "short_term_average": 43667
    }, 
    {
        "date": "2012-04-30", 
        "operating_revenue": 55697, 
        "accumulated_operating_revenue": 186700, 
        "long_term_average": 46675, 
        "short_term_average": 59856
    }, 
    {
        "date": "2012-05-31", 
        "operating_revenue": 32700, 
        "accumulated_operating_revenue": 219400, 
        "long_term_average": 43880, 
        "short_term_average": 48911
    }, 
    {
        "date": "2012-06-30", 
        "operating_revenue": 31943, 
        "accumulated_operating_revenue": 251343, 
        "long_term_average": 41890, 
        "short_term_average": 40113
    }, 
    {
        "date": "2012-07-31", 
        "operating_revenue": 76946, 
        "accumulated_operating_revenue": 328289, 
        "long_term_average": 46898, 
        "short_term_average": 47196
    }, 
    {
        "date": "2012-08-31", 
        "operating_revenue": 70448, 
        "accumulated_operating_revenue": 398737, 
        "long_term_average": 49842, 
        "short_term_average": 59779
    }, 
    {
        "date": "2012-09-30", 
        "operating_revenue": 16322, 
        "accumulated_operating_revenue": 415059, 
        "long_term_average": 46117, 
        "short_term_average": 54572
    }, 
    {
        "date": "2012-10-31", 
        "operating_revenue": 173171, 
        "accumulated_operating_revenue": 588230, 
        "long_term_average": 58823, 
        "short_term_average": 86647
    }, 
    {
        "date": "2012-11-30", 
        "operating_revenue": 120257, 
        "accumulated_operating_revenue": 708487, 
        "long_term_average": 64407, 
        "short_term_average": 103250
    }, 
    {
        "date": "2012-12-31", 
        "operating_revenue": 93906, 
        "accumulated_operating_revenue": 802393, 
        "long_term_average": 66866, 
        "short_term_average": 129111
    }, 
    {
        "accumulated_operating_revenue_yoy": 1366.0964666292764, 
        "accumulated_operating_revenue": 104562, 
        "long_term_average": 74985, 
        "date": "2013-01-31", 
        "operating_revenue": 104562, 
        "short_term_average": 106241
    }, 
    {
        "accumulated_operating_revenue_yoy": 119.4489933532415, 
        "accumulated_operating_revenue": 159467, 
        "long_term_average": 74099, 
        "date": "2013-02-28", 
        "operating_revenue": 54905, 
        "short_term_average": 84457
    }, 
    {
        "accumulated_operating_revenue_yoy": 68.87781195850476, 
        "accumulated_operating_revenue": 221235, 
        "long_term_average": 74385, 
        "date": "2013-03-31", 
        "operating_revenue": 61768, 
        "short_term_average": 73745
    }, 
    {
        "accumulated_operating_revenue_yoy": 77.14461703267274, 
        "accumulated_operating_revenue": 330729, 
        "long_term_average": 78868, 
        "date": "2013-04-30", 
        "operating_revenue": 109494, 
        "short_term_average": 75389
    }, 
    {
        "accumulated_operating_revenue_yoy": 81.41112123974476, 
        "accumulated_operating_revenue": 398016, 
        "long_term_average": 81750, 
        "date": "2013-05-31", 
        "operating_revenue": 67287, 
        "short_term_average": 79516
    }, 
    {
        "accumulated_operating_revenue_yoy": 90.54718054610632, 
        "accumulated_operating_revenue": 478927, 
        "long_term_average": 85831, 
        "date": "2013-06-30", 
        "operating_revenue": 80911, 
        "short_term_average": 85897
    }, 
    {
        "accumulated_operating_revenue_yoy": 52.794032087581364, 
        "accumulated_operating_revenue": 501606, 
        "long_term_average": 81309, 
        "date": "2013-07-31", 
        "operating_revenue": 22679, 
        "short_term_average": 56959
    }, 
    {
        "accumulated_operating_revenue_yoy": 82.19854189603673, 
        "accumulated_operating_revenue": 726493, 
        "long_term_average": 94179, 
        "date": "2013-08-31", 
        "operating_revenue": 224887, 
        "short_term_average": 109492
    }, 
    {
        "accumulated_operating_revenue_yoy": 90.82010027490067, 
        "accumulated_operating_revenue": 792016, 
        "long_term_average": 98279, 
        "date": "2013-09-30", 
        "operating_revenue": 65523, 
        "short_term_average": 104363
    }, 
    {
        "accumulated_operating_revenue_yoy": 61.632524692722235, 
        "accumulated_operating_revenue": 950771, 
        "long_term_average": 97077, 
        "date": "2013-10-31", 
        "operating_revenue": 158755, 
        "short_term_average": 149721
    }, 
    {
        "accumulated_operating_revenue_yoy": 56.143867142234086, 
        "accumulated_operating_revenue": 1106259, 
        "long_term_average": 100013, 
        "date": "2013-11-30", 
        "operating_revenue": 155488, 
        "short_term_average": 126588
    }, 
    {
        "accumulated_operating_revenue_yoy": 58.79949102247901, 
        "accumulated_operating_revenue": 1274196, 
        "long_term_average": 106183, 
        "date": "2013-12-31", 
        "operating_revenue": 167937, 
        "short_term_average": 160726
    }, 
    {
        "accumulated_operating_revenue_yoy": -50.93150475316081, 
        "accumulated_operating_revenue": 51307, 
        "long_term_average": 101745, 
        "date": "2014-01-31", 
        "operating_revenue": 51307, 
        "short_term_average": 124910
    }, 
    {
        "accumulated_operating_revenue_yoy": -59.34331240946402, 
        "accumulated_operating_revenue": 64834, 
        "long_term_average": 98296, 
        "date": "2014-02-28", 
        "operating_revenue": 13527, 
        "short_term_average": 77590
    }, 
    {
        "accumulated_operating_revenue_yoy": -50.419237462426835, 
        "accumulated_operating_revenue": 109690, 
        "long_term_average": 96887, 
        "date": "2014-03-31", 
        "operating_revenue": 44856, 
        "short_term_average": 36563
    }, 
    {
        "accumulated_operating_revenue_yoy": -49.238500403653745, 
        "accumulated_operating_revenue": 167883, 
        "long_term_average": 92612, 
        "date": "2014-04-30", 
        "operating_revenue": 58193, 
        "short_term_average": 38858
    }, 
    {
        "accumulated_operating_revenue_yoy": -29.80382698182988, 
        "accumulated_operating_revenue": 279392, 
        "long_term_average": 96297, 
        "date": "2014-05-31", 
        "operating_revenue": 111509, 
        "short_term_average": 71519
    }, 
    {
        "accumulated_operating_revenue_yoy": -7.323871905321688, 
        "accumulated_operating_revenue": 443851, 
        "long_term_average": 103260, 
        "date": "2014-06-30", 
        "operating_revenue": 164459, 
        "short_term_average": 111387
    }, 
    {
        "accumulated_operating_revenue_yoy": 8.279007826860125, 
        "accumulated_operating_revenue": 543134, 
        "long_term_average": 109643, 
        "date": "2014-07-31", 
        "operating_revenue": 99283, 
        "short_term_average": 125083
    }, 
    {
        "accumulated_operating_revenue_yoy": 3.713180994173378, 
        "accumulated_operating_revenue": 753469, 
        "long_term_average": 108431, 
        "date": "2014-08-31", 
        "operating_revenue": 210335, 
        "short_term_average": 158025
    }, 
    {
        "accumulated_operating_revenue_yoy": 12.385860891699158, 
        "accumulated_operating_revenue": 890114, 
        "long_term_average": 114357, 
        "date": "2014-09-30", 
        "operating_revenue": 136645, 
        "short_term_average": 148754
    }, 
    {
        "accumulated_operating_revenue_yoy": 18.886777152437336, 
        "accumulated_operating_revenue": 1130341, 
        "long_term_average": 121147, 
        "date": "2014-10-31", 
        "operating_revenue": 240227, 
        "short_term_average": 195735
    }, 
    {
        "accumulated_operating_revenue_yoy": 19.8889229375761, 
        "accumulated_operating_revenue": 1326282, 
        "long_term_average": 124518, 
        "date": "2014-11-30", 
        "operating_revenue": 195941, 
        "short_term_average": 190937
    }, 
    {
        "accumulated_operating_revenue_yoy": 18.39230385278246, 
        "accumulated_operating_revenue": 1508550, 
        "long_term_average": 125712, 
        "date": "2014-12-31", 
        "operating_revenue": 182268, 
        "short_term_average": 206145
    }, 
    {
        "accumulated_operating_revenue_yoy": 65.42966846629115, 
        "accumulated_operating_revenue": 84877, 
        "long_term_average": 128510, 
        "date": "2015-01-31", 
        "operating_revenue": 84877, 
        "short_term_average": 154362
    }, 
    {
        "accumulated_operating_revenue_yoy": 115.50112595243236, 
        "accumulated_operating_revenue": 139718, 
        "long_term_average": 131952, 
        "date": "2015-02-28", 
        "operating_revenue": 54841, 
        "short_term_average": 107328
    }, 
    {
        "accumulated_operating_revenue_yoy": 74.72604613000273, 
        "accumulated_operating_revenue": 191657, 
        "long_term_average": 132543, 
        "date": "2015-03-31", 
        "operating_revenue": 51939, 
        "short_term_average": 63885
    }, 
    {
        "accumulated_operating_revenue_yoy": 57.43523763573442, 
        "accumulated_operating_revenue": 264307, 
        "long_term_average": 133747, 
        "date": "2015-04-30", 
        "operating_revenue": 72650, 
        "short_term_average": 59810
    }, 
    {
        "accumulated_operating_revenue_yoy": 38.705832665215894, 
        "accumulated_operating_revenue": 387533, 
        "long_term_average": 134724, 
        "date": "2015-05-31", 
        "operating_revenue": 123226, 
        "short_term_average": 82605
    }, 
    {
        "accumulated_operating_revenue_yoy": 17.131650035710184, 
        "accumulated_operating_revenue": 519890, 
        "long_term_average": 132049, 
        "date": "2015-06-30", 
        "operating_revenue": 132357, 
        "short_term_average": 109411
    }, 
    {
        "accumulated_operating_revenue_yoy": 16.823288543895245, 
        "accumulated_operating_revenue": 634507, 
        "long_term_average": 133326, 
        "date": "2015-07-31", 
        "operating_revenue": 114617, 
        "short_term_average": 123400
    }, 
    {
        "accumulated_operating_revenue_yoy": -1.7083649095052351, 
        "accumulated_operating_revenue": 740597, 
        "long_term_average": 124639, 
        "date": "2015-08-31", 
        "operating_revenue": 106090, 
        "short_term_average": 117688
    }, 
    {
        "accumulated_operating_revenue_yoy": -6.57140546042417, 
        "accumulated_operating_revenue": 831621, 
        "long_term_average": 120838, 
        "date": "2015-09-30", 
        "operating_revenue": 91024, 
        "short_term_average": 103910
    }
]