[
    {
        "date": "2012-01-31", 
        "operating_revenue": 34376, 
        "accumulated_operating_revenue": 34376, 
        "long_term_average": 34376, 
        "short_term_average": 34376
    }, 
    {
        "date": "2012-02-29", 
        "operating_revenue": 42263, 
        "accumulated_operating_revenue": 76639, 
        "long_term_average": 38319, 
        "short_term_average": 38319
    }, 
    {
        "date": "2012-03-31", 
        "operating_revenue": 55104, 
        "accumulated_operating_revenue": 131743, 
        "long_term_average": 43914, 
        "short_term_average": 43914
    }, 
    {
        "date": "2012-04-30", 
        "operating_revenue": 45502, 
        "accumulated_operating_revenue": 177245, 
        "long_term_average": 44311, 
        "short_term_average": 47623
    }, 
    {
        "date": "2012-05-31", 
        "operating_revenue": 43594, 
        "accumulated_operating_revenue": 220839, 
        "long_term_average": 44167, 
        "short_term_average": 48066
    }, 
    {
        "date": "2012-06-30", 
        "operating_revenue": 43278, 
        "accumulated_operating_revenue": 264117, 
        "long_term_average": 44019, 
        "short_term_average": 44124
    }, 
    {
        "date": "2012-07-31", 
        "operating_revenue": 36220, 
        "accumulated_operating_revenue": 300337, 
        "long_term_average": 42905, 
        "short_term_average": 41030
    }, 
    {
        "date": "2012-08-31", 
        "operating_revenue": 48151, 
        "accumulated_operating_revenue": 348488, 
        "long_term_average": 43561, 
        "short_term_average": 42549
    }, 
    {
        "date": "2012-09-30", 
        "operating_revenue": 44568, 
        "accumulated_operating_revenue": 393056, 
        "long_term_average": 43672, 
        "short_term_average": 42979
    }, 
    {
        "date": "2012-10-31", 
        "operating_revenue": 37596, 
        "accumulated_operating_revenue": 430652, 
        "long_term_average": 43065, 
        "short_term_average": 43438
    }, 
    {
        "date": "2012-11-30", 
        "operating_revenue": 39977, 
        "accumulated_operating_revenue": 470629, 
        "long_term_average": 42784, 
        "short_term_average": 40713
    }, 
    {
        "date": "2012-12-31", 
        "operating_revenue": 50347, 
        "accumulated_operating_revenue": 520976, 
        "long_term_average": 43414, 
        "short_term_average": 42640
    }, 
    {
        "accumulated_operating_revenue_yoy": 56.80416569699791, 
        "accumulated_operating_revenue": 53903, 
        "long_term_average": 45041, 
        "date": "2013-01-31", 
        "operating_revenue": 53903, 
        "short_term_average": 48075
    }, 
    {
        "accumulated_operating_revenue_yoy": 10.328944793120996, 
        "accumulated_operating_revenue": 84555, 
        "long_term_average": 44074, 
        "date": "2013-02-28", 
        "operating_revenue": 30652, 
        "short_term_average": 44967
    }, 
    {
        "accumulated_operating_revenue_yoy": -5.402943609907167, 
        "accumulated_operating_revenue": 124625, 
        "long_term_average": 42821, 
        "date": "2013-03-31", 
        "operating_revenue": 40070, 
        "short_term_average": 41541
    }, 
    {
        "accumulated_operating_revenue_yoy": -5.070946994273464, 
        "accumulated_operating_revenue": 168257, 
        "long_term_average": 42665, 
        "date": "2013-04-30", 
        "operating_revenue": 43632, 
        "short_term_average": 38118
    }, 
    {
        "accumulated_operating_revenue_yoy": -5.407106534624772, 
        "accumulated_operating_revenue": 208898, 
        "long_term_average": 42419, 
        "date": "2013-05-31", 
        "operating_revenue": 40641, 
        "short_term_average": 41447
    }, 
    {
        "accumulated_operating_revenue_yoy": -4.651347698179216, 
        "accumulated_operating_revenue": 251832, 
        "long_term_average": 42390, 
        "date": "2013-06-30", 
        "operating_revenue": 42934, 
        "short_term_average": 42402
    }, 
    {
        "accumulated_operating_revenue_yoy": -2.598081488461295, 
        "accumulated_operating_revenue": 292534, 
        "long_term_average": 42764, 
        "date": "2013-07-31", 
        "operating_revenue": 40702, 
        "short_term_average": 41425
    }, 
    {
        "accumulated_operating_revenue_yoy": -5.405351116824683, 
        "accumulated_operating_revenue": 329651, 
        "long_term_average": 41844, 
        "date": "2013-08-31", 
        "operating_revenue": 37117, 
        "short_term_average": 40251
    }, 
    {
        "accumulated_operating_revenue_yoy": -5.976502076040056, 
        "accumulated_operating_revenue": 369565, 
        "long_term_average": 41457, 
        "date": "2013-09-30", 
        "operating_revenue": 39914, 
        "short_term_average": 39244
    }, 
    {
        "accumulated_operating_revenue_yoy": -5.559477257739428, 
        "accumulated_operating_revenue": 406710, 
        "long_term_average": 41419, 
        "date": "2013-10-31", 
        "operating_revenue": 37145, 
        "short_term_average": 38058
    }, 
    {
        "accumulated_operating_revenue_yoy": -4.499722711520115, 
        "accumulated_operating_revenue": 449452, 
        "long_term_average": 41649, 
        "date": "2013-11-30", 
        "operating_revenue": 42742, 
        "short_term_average": 39933
    }, 
    {
        "accumulated_operating_revenue_yoy": -3.8531525444550225, 
        "accumulated_operating_revenue": 500902, 
        "long_term_average": 41741, 
        "date": "2013-12-31", 
        "operating_revenue": 51450, 
        "short_term_average": 43779
    }, 
    {
        "accumulated_operating_revenue_yoy": -30.79976995714524, 
        "accumulated_operating_revenue": 37301, 
        "long_term_average": 40358, 
        "date": "2014-01-31", 
        "operating_revenue": 37301, 
        "short_term_average": 43831
    }, 
    {
        "accumulated_operating_revenue_yoy": -18.03559813139377, 
        "accumulated_operating_revenue": 69305, 
        "long_term_average": 40471, 
        "date": "2014-02-28", 
        "operating_revenue": 32004, 
        "short_term_average": 40251
    }, 
    {
        "accumulated_operating_revenue_yoy": -10.113540621865596, 
        "accumulated_operating_revenue": 112021, 
        "long_term_average": 40691, 
        "date": "2014-03-31", 
        "operating_revenue": 42716, 
        "short_term_average": 37340
    }, 
    {
        "accumulated_operating_revenue_yoy": -9.04746905032183, 
        "accumulated_operating_revenue": 153034, 
        "long_term_average": 40473, 
        "date": "2014-04-30", 
        "operating_revenue": 41013, 
        "short_term_average": 38577
    }, 
    {
        "accumulated_operating_revenue_yoy": -11.984796407816255, 
        "accumulated_operating_revenue": 183862, 
        "long_term_average": 39655, 
        "date": "2014-05-31", 
        "operating_revenue": 30828, 
        "short_term_average": 38185
    }, 
    {
        "accumulated_operating_revenue_yoy": -15.472219574954732, 
        "accumulated_operating_revenue": 212868, 
        "long_term_average": 38494, 
        "date": "2014-06-30", 
        "operating_revenue": 29006, 
        "short_term_average": 33615
    }, 
    {
        "accumulated_operating_revenue_yoy": -11.911094095045362, 
        "accumulated_operating_revenue": 257690, 
        "long_term_average": 38838, 
        "date": "2014-07-31", 
        "operating_revenue": 44822, 
        "short_term_average": 34885
    }, 
    {
        "accumulated_operating_revenue_yoy": -10.884541530285059, 
        "accumulated_operating_revenue": 293770, 
        "long_term_average": 38751, 
        "date": "2014-08-31", 
        "operating_revenue": 36080, 
        "short_term_average": 36636
    }, 
    {
        "accumulated_operating_revenue_yoy": -11.291924289367229, 
        "accumulated_operating_revenue": 327834, 
        "long_term_average": 38264, 
        "date": "2014-09-30", 
        "operating_revenue": 34064, 
        "short_term_average": 38322
    }, 
    {
        "accumulated_operating_revenue_yoy": -9.495709473580684, 
        "accumulated_operating_revenue": 368090, 
        "long_term_average": 38523, 
        "date": "2014-10-31", 
        "operating_revenue": 40256, 
        "short_term_average": 36800
    }, 
    {
        "accumulated_operating_revenue_yoy": -9.92608776910549, 
        "accumulated_operating_revenue": 404839, 
        "long_term_average": 38024, 
        "date": "2014-11-30", 
        "operating_revenue": 36749, 
        "short_term_average": 37023
    }, 
    {
        "accumulated_operating_revenue_yoy": -11.155076242458604, 
        "accumulated_operating_revenue": 445026, 
        "long_term_average": 37085, 
        "date": "2014-12-31", 
        "operating_revenue": 40187, 
        "short_term_average": 39064
    }, 
    {
        "accumulated_operating_revenue_yoy": -66.80249859253104, 
        "accumulated_operating_revenue": 12383, 
        "long_term_average": 35009, 
        "date": "2015-01-31", 
        "operating_revenue": 12383, 
        "short_term_average": 29773
    }, 
    {
        "accumulated_operating_revenue_yoy": -52.000577158935144, 
        "accumulated_operating_revenue": 33266, 
        "long_term_average": 34082, 
        "date": "2015-02-28", 
        "operating_revenue": 20883, 
        "short_term_average": 24484
    }, 
    {
        "accumulated_operating_revenue_yoy": -57.50975263566652, 
        "accumulated_operating_revenue": 47598, 
        "long_term_average": 31716, 
        "date": "2015-03-31", 
        "operating_revenue": 14332, 
        "short_term_average": 15866
    }, 
    {
        "accumulated_operating_revenue_yoy": -57.34738685520865, 
        "accumulated_operating_revenue": 65273, 
        "long_term_average": 29772, 
        "date": "2015-04-30", 
        "operating_revenue": 17675, 
        "short_term_average": 17630
    }, 
    {
        "accumulated_operating_revenue_yoy": -55.322470113454656, 
        "accumulated_operating_revenue": 82145, 
        "long_term_average": 28609, 
        "date": "2015-05-31", 
        "operating_revenue": 16872, 
        "short_term_average": 16293
    }, 
    {
        "accumulated_operating_revenue_yoy": -53.114136460153716, 
        "accumulated_operating_revenue": 99805, 
        "long_term_average": 27663, 
        "date": "2015-06-30", 
        "operating_revenue": 17660, 
        "short_term_average": 17402
    }, 
    {
        "accumulated_operating_revenue_yoy": -56.20047343707556, 
        "accumulated_operating_revenue": 112867, 
        "long_term_average": 25016, 
        "date": "2015-07-31", 
        "operating_revenue": 13062, 
        "short_term_average": 15864
    }, 
    {
        "accumulated_operating_revenue_yoy": -56.28280627701944, 
        "accumulated_operating_revenue": 128428, 
        "long_term_average": 23307, 
        "date": "2015-08-31", 
        "operating_revenue": 15561, 
        "short_term_average": 15427
    }, 
    {
        "accumulated_operating_revenue_yoy": -58.66871648456231, 
        "accumulated_operating_revenue": 135498, 
        "long_term_average": 21057, 
        "date": "2015-09-30", 
        "operating_revenue": 7070, 
        "short_term_average": 11897
    }
]