[
    {
        "date": "2012-01-31", 
        "operating_revenue": 124481, 
        "accumulated_operating_revenue": 124481, 
        "long_term_average": 124481, 
        "short_term_average": 124481
    }, 
    {
        "date": "2012-02-29", 
        "operating_revenue": 94469, 
        "accumulated_operating_revenue": 218950, 
        "long_term_average": 109475, 
        "short_term_average": 109475
    }, 
    {
        "date": "2012-03-31", 
        "operating_revenue": 145110, 
        "accumulated_operating_revenue": 364060, 
        "long_term_average": 121353, 
        "short_term_average": 121353
    }, 
    {
        "date": "2012-04-30", 
        "operating_revenue": 149383, 
        "accumulated_operating_revenue": 513443, 
        "long_term_average": 128360, 
        "short_term_average": 129654
    }, 
    {
        "date": "2012-05-31", 
        "operating_revenue": 158690, 
        "accumulated_operating_revenue": 672133, 
        "long_term_average": 134426, 
        "short_term_average": 151061
    }, 
    {
        "date": "2012-06-30", 
        "operating_revenue": 109007, 
        "accumulated_operating_revenue": 781140, 
        "long_term_average": 130190, 
        "short_term_average": 139026
    }, 
    {
        "date": "2012-07-31", 
        "operating_revenue": 198522, 
        "accumulated_operating_revenue": 979662, 
        "long_term_average": 139951, 
        "short_term_average": 155406
    }, 
    {
        "date": "2012-08-31", 
        "operating_revenue": 147681, 
        "accumulated_operating_revenue": 1127343, 
        "long_term_average": 140917, 
        "short_term_average": 151736
    }, 
    {
        "date": "2012-09-30", 
        "operating_revenue": 103554, 
        "accumulated_operating_revenue": 1230897, 
        "long_term_average": 136766, 
        "short_term_average": 149919
    }, 
    {
        "date": "2012-10-31", 
        "operating_revenue": 151741, 
        "accumulated_operating_revenue": 1382638, 
        "long_term_average": 138263, 
        "short_term_average": 134325
    }, 
    {
        "date": "2012-11-30", 
        "operating_revenue": 105769, 
        "accumulated_operating_revenue": 1488407, 
        "long_term_average": 135309, 
        "short_term_average": 120354
    }, 
    {
        "date": "2012-12-31", 
        "operating_revenue": 127440, 
        "accumulated_operating_revenue": 1615847, 
        "long_term_average": 134653, 
        "short_term_average": 128316
    }, 
    {
        "accumulated_operating_revenue_yoy": -28.360954683847332, 
        "accumulated_operating_revenue": 89177, 
        "long_term_average": 131711, 
        "date": "2013-01-31", 
        "operating_revenue": 89177, 
        "short_term_average": 107462
    }, 
    {
        "accumulated_operating_revenue_yoy": -39.4537565654259, 
        "accumulated_operating_revenue": 132566, 
        "long_term_average": 127455, 
        "date": "2013-02-28", 
        "operating_revenue": 43389, 
        "short_term_average": 86668
    }, 
    {
        "accumulated_operating_revenue_yoy": -33.411800252705596, 
        "accumulated_operating_revenue": 242421, 
        "long_term_average": 124517, 
        "date": "2013-03-31", 
        "operating_revenue": 109855, 
        "short_term_average": 80807
    }, 
    {
        "accumulated_operating_revenue_yoy": -33.10104529616725, 
        "accumulated_operating_revenue": 343488, 
        "long_term_average": 120491, 
        "date": "2013-04-30", 
        "operating_revenue": 101067, 
        "short_term_average": 84770
    }, 
    {
        "accumulated_operating_revenue_yoy": -34.12821569540552, 
        "accumulated_operating_revenue": 442746, 
        "long_term_average": 115538, 
        "date": "2013-05-31", 
        "operating_revenue": 99258, 
        "short_term_average": 103393
    }, 
    {
        "accumulated_operating_revenue_yoy": -24.811429449266456, 
        "accumulated_operating_revenue": 587328, 
        "long_term_average": 118502, 
        "date": "2013-06-30", 
        "operating_revenue": 144582, 
        "short_term_average": 114969
    }, 
    {
        "accumulated_operating_revenue_yoy": -22.78122454479198, 
        "accumulated_operating_revenue": 756483, 
        "long_term_average": 116055, 
        "date": "2013-07-31", 
        "operating_revenue": 169155, 
        "short_term_average": 137665
    }, 
    {
        "accumulated_operating_revenue_yoy": -13.378359558714607, 
        "accumulated_operating_revenue": 976523, 
        "long_term_average": 122085, 
        "date": "2013-08-31", 
        "operating_revenue": 220040, 
        "short_term_average": 177925
    }, 
    {
        "accumulated_operating_revenue_yoy": -1.6453854384241735, 
        "accumulated_operating_revenue": 1210644, 
        "long_term_average": 132966, 
        "date": "2013-09-30", 
        "operating_revenue": 234121, 
        "short_term_average": 207772
    }, 
    {
        "accumulated_operating_revenue_yoy": 3.134009046474927, 
        "accumulated_operating_revenue": 1425970, 
        "long_term_average": 138264, 
        "date": "2013-10-31", 
        "operating_revenue": 215326, 
        "short_term_average": 223162
    }, 
    {
        "accumulated_operating_revenue_yoy": 6.372853661666467, 
        "accumulated_operating_revenue": 1583261, 
        "long_term_average": 142558, 
        "date": "2013-11-30", 
        "operating_revenue": 157291, 
        "short_term_average": 202246
    }, 
    {
        "accumulated_operating_revenue_yoy": 15.065473401875302, 
        "accumulated_operating_revenue": 1859282, 
        "long_term_average": 154940, 
        "date": "2013-12-31", 
        "operating_revenue": 276021, 
        "short_term_average": 216212
    }, 
    {
        "accumulated_operating_revenue_yoy": 194.70827679782903, 
        "accumulated_operating_revenue": 262812, 
        "long_term_average": 169409, 
        "date": "2014-01-31", 
        "operating_revenue": 262812, 
        "short_term_average": 232041
    }, 
    {
        "accumulated_operating_revenue_yoy": 213.81047930841993, 
        "accumulated_operating_revenue": 416006, 
        "long_term_average": 178560, 
        "date": "2014-02-28", 
        "operating_revenue": 153194, 
        "short_term_average": 230675
    }, 
    {
        "accumulated_operating_revenue_yoy": 177.24413314028075, 
        "accumulated_operating_revenue": 672098, 
        "long_term_average": 190746, 
        "date": "2014-03-31", 
        "operating_revenue": 256092, 
        "short_term_average": 224032
    }, 
    {
        "accumulated_operating_revenue_yoy": 160.37503493571828, 
        "accumulated_operating_revenue": 894357, 
        "long_term_average": 200845, 
        "date": "2014-04-30", 
        "operating_revenue": 222259, 
        "short_term_average": 210515
    }, 
    {
        "accumulated_operating_revenue_yoy": 137.01332140775975, 
        "accumulated_operating_revenue": 1049367, 
        "long_term_average": 205491, 
        "date": "2014-05-31", 
        "operating_revenue": 155010, 
        "short_term_average": 211120
    }, 
    {
        "accumulated_operating_revenue_yoy": 119.73565026697177, 
        "accumulated_operating_revenue": 1290569, 
        "long_term_average": 213543, 
        "date": "2014-06-30", 
        "operating_revenue": 241202, 
        "short_term_average": 206157
    }, 
    {
        "accumulated_operating_revenue_yoy": 95.73671847219303, 
        "accumulated_operating_revenue": 1480715, 
        "long_term_average": 215292, 
        "date": "2014-07-31", 
        "operating_revenue": 190146, 
        "short_term_average": 195452
    }, 
    {
        "accumulated_operating_revenue_yoy": 74.8780110657916, 
        "accumulated_operating_revenue": 1707724, 
        "long_term_average": 215873, 
        "date": "2014-08-31", 
        "operating_revenue": 227009, 
        "short_term_average": 219452
    }, 
    {
        "accumulated_operating_revenue_yoy": 52.8234559457611, 
        "accumulated_operating_revenue": 1850148, 
        "long_term_average": 208232, 
        "date": "2014-09-30", 
        "operating_revenue": 142424, 
        "short_term_average": 186526
    }, 
    {
        "accumulated_operating_revenue_yoy": 34.64006956668093, 
        "accumulated_operating_revenue": 1919927, 
        "long_term_average": 196103, 
        "date": "2014-10-31", 
        "operating_revenue": 69779, 
        "short_term_average": 146404
    }, 
    {
        "accumulated_operating_revenue_yoy": 30.583207696014746, 
        "accumulated_operating_revenue": 2067473, 
        "long_term_average": 195291, 
        "date": "2014-11-30", 
        "operating_revenue": 147546, 
        "short_term_average": 119916
    }, 
    {
        "accumulated_operating_revenue_yoy": 23.377249927660248, 
        "accumulated_operating_revenue": 2293931, 
        "long_term_average": 191160, 
        "date": "2014-12-31", 
        "operating_revenue": 226458, 
        "short_term_average": 147927
    }, 
    {
        "accumulated_operating_revenue_yoy": -41.38776007183843, 
        "accumulated_operating_revenue": 154040, 
        "long_term_average": 182096, 
        "date": "2015-01-31", 
        "operating_revenue": 154040, 
        "short_term_average": 176014
    }, 
    {
        "accumulated_operating_revenue_yoy": -41.25493382306986, 
        "accumulated_operating_revenue": 244383, 
        "long_term_average": 176859, 
        "date": "2015-02-28", 
        "operating_revenue": 90343, 
        "short_term_average": 156947
    }, 
    {
        "accumulated_operating_revenue_yoy": -46.55824001856872, 
        "accumulated_operating_revenue": 359181, 
        "long_term_average": 165084, 
        "date": "2015-03-31", 
        "operating_revenue": 114798, 
        "short_term_average": 119727
    }, 
    {
        "accumulated_operating_revenue_yoy": -42.007274500003916, 
        "accumulated_operating_revenue": 518662, 
        "long_term_average": 159853, 
        "date": "2015-04-30", 
        "operating_revenue": 159481, 
        "short_term_average": 121540
    }, 
    {
        "accumulated_operating_revenue_yoy": -30.57166844392858, 
        "accumulated_operating_revenue": 728558, 
        "long_term_average": 164426, 
        "date": "2015-05-31", 
        "operating_revenue": 209896, 
        "short_term_average": 161391
    }, 
    {
        "accumulated_operating_revenue_yoy": -35.10792526397271, 
        "accumulated_operating_revenue": 837477, 
        "long_term_average": 153403, 
        "date": "2015-06-30", 
        "operating_revenue": 108919, 
        "short_term_average": 159432
    }, 
    {
        "accumulated_operating_revenue_yoy": -34.557899393198554, 
        "accumulated_operating_revenue": 969011, 
        "long_term_average": 148518, 
        "date": "2015-07-31", 
        "operating_revenue": 131534, 
        "short_term_average": 150116
    }, 
    {
        "accumulated_operating_revenue_yoy": -35.47628305276497, 
        "accumulated_operating_revenue": 1101887, 
        "long_term_average": 140674, 
        "date": "2015-08-31", 
        "operating_revenue": 132876, 
        "short_term_average": 124443
    }
]