[
    {
        "date": "2012-01-31", 
        "operating_revenue": 2816398, 
        "accumulated_operating_revenue": 2816398, 
        "long_term_average": 2816398, 
        "short_term_average": 2816398
    }, 
    {
        "date": "2012-02-29", 
        "operating_revenue": 2589559, 
        "accumulated_operating_revenue": 5405957, 
        "long_term_average": 2702978, 
        "short_term_average": 2702978
    }, 
    {
        "date": "2012-03-31", 
        "operating_revenue": 2518703, 
        "accumulated_operating_revenue": 7924660, 
        "long_term_average": 2641553, 
        "short_term_average": 2641553
    }, 
    {
        "date": "2012-04-30", 
        "operating_revenue": 3000360, 
        "accumulated_operating_revenue": 10925020, 
        "long_term_average": 2731255, 
        "short_term_average": 2702874
    }, 
    {
        "date": "2012-05-31", 
        "operating_revenue": 3291718, 
        "accumulated_operating_revenue": 14216738, 
        "long_term_average": 2843347, 
        "short_term_average": 2936927
    }, 
    {
        "date": "2012-06-30", 
        "operating_revenue": 3272401, 
        "accumulated_operating_revenue": 17489139, 
        "long_term_average": 2914856, 
        "short_term_average": 3188159
    }, 
    {
        "date": "2012-07-31", 
        "operating_revenue": 3036196, 
        "accumulated_operating_revenue": 20525335, 
        "long_term_average": 2932190, 
        "short_term_average": 3200105
    }, 
    {
        "date": "2012-08-31", 
        "operating_revenue": 2859388, 
        "accumulated_operating_revenue": 23384723, 
        "long_term_average": 2923090, 
        "short_term_average": 3055995
    }, 
    {
        "date": "2012-09-30", 
        "operating_revenue": 2798794, 
        "accumulated_operating_revenue": 26183517, 
        "long_term_average": 2909279, 
        "short_term_average": 2898126
    }, 
    {
        "date": "2012-10-31", 
        "operating_revenue": 2959263, 
        "accumulated_operating_revenue": 29142780, 
        "long_term_average": 2914278, 
        "short_term_average": 2872481
    }, 
    {
        "date": "2012-11-30", 
        "operating_revenue": 2970834, 
        "accumulated_operating_revenue": 32113614, 
        "long_term_average": 2919419, 
        "short_term_average": 2909630
    }, 
    {
        "date": "2012-12-31", 
        "operating_revenue": 3182373, 
        "accumulated_operating_revenue": 35295987, 
        "long_term_average": 2941332, 
        "short_term_average": 3037490
    }, 
    {
        "accumulated_operating_revenue_yoy": -5.683039115920406, 
        "accumulated_operating_revenue": 2656341, 
        "long_term_average": 2927994, 
        "date": "2013-01-31", 
        "operating_revenue": 2656341, 
        "short_term_average": 2936516
    }, 
    {
        "accumulated_operating_revenue_yoy": -4.012906502955906, 
        "accumulated_operating_revenue": 5189021, 
        "long_term_average": 2923254, 
        "date": "2013-02-28", 
        "operating_revenue": 2532680, 
        "short_term_average": 2790464
    }, 
    {
        "accumulated_operating_revenue_yoy": 8.931613469852334, 
        "accumulated_operating_revenue": 8632460, 
        "long_term_average": 3000315, 
        "date": "2013-03-31", 
        "operating_revenue": 3443439, 
        "short_term_average": 2877486
    }, 
    {
        "accumulated_operating_revenue_yoy": 10.548767874109155, 
        "accumulated_operating_revenue": 12077475, 
        "long_term_average": 3037370, 
        "date": "2013-04-30", 
        "operating_revenue": 3445015, 
        "short_term_average": 3140378
    }, 
    {
        "accumulated_operating_revenue_yoy": 14.168489283547322, 
        "accumulated_operating_revenue": 16231035, 
        "long_term_average": 3109190, 
        "date": "2013-05-31", 
        "operating_revenue": 4153560, 
        "short_term_average": 3680671
    }, 
    {
        "accumulated_operating_revenue_yoy": 22.243507813620784, 
        "accumulated_operating_revenue": 21379337, 
        "long_term_average": 3265515, 
        "date": "2013-06-30", 
        "operating_revenue": 5148302, 
        "short_term_average": 4248959
    }, 
    {
        "accumulated_operating_revenue_yoy": 30.45474288239388, 
        "accumulated_operating_revenue": 26776273, 
        "long_term_average": 3462243, 
        "date": "2013-07-31", 
        "operating_revenue": 5396936, 
        "short_term_average": 4899599
    }, 
    {
        "accumulated_operating_revenue_yoy": 38.326697305758124, 
        "accumulated_operating_revenue": 32347315, 
        "long_term_average": 3688214, 
        "date": "2013-08-31", 
        "operating_revenue": 5571042, 
        "short_term_average": 5372093
    }, 
    {
        "accumulated_operating_revenue_yoy": 46.366066865654446, 
        "accumulated_operating_revenue": 38323784, 
        "long_term_average": 3953021, 
        "date": "2013-09-30", 
        "operating_revenue": 5976469, 
        "short_term_average": 5648149
    }, 
    {
        "accumulated_operating_revenue_yoy": 52.325437037921574, 
        "accumulated_operating_revenue": 44391867, 
        "long_term_average": 4212089, 
        "date": "2013-10-31", 
        "operating_revenue": 6068083, 
        "short_term_average": 5871864
    }, 
    {
        "accumulated_operating_revenue_yoy": 58.33444968230608, 
        "accumulated_operating_revenue": 50846914, 
        "long_term_average": 4502440, 
        "date": "2013-11-30", 
        "operating_revenue": 6455047, 
        "short_term_average": 6166533
    }, 
    {
        "accumulated_operating_revenue_yoy": 67.13703742014637, 
        "accumulated_operating_revenue": 58992667, 
        "long_term_average": 4916055, 
        "date": "2013-12-31", 
        "operating_revenue": 8145753, 
        "short_term_average": 6889627
    }, 
    {
        "accumulated_operating_revenue_yoy": 171.73307192111253, 
        "accumulated_operating_revenue": 7218157, 
        "long_term_average": 5296206, 
        "date": "2014-01-31", 
        "operating_revenue": 7218157, 
        "short_term_average": 7272985
    }, 
    {
        "accumulated_operating_revenue_yoy": 155.14826399816073, 
        "accumulated_operating_revenue": 13239697, 
        "long_term_average": 5586945, 
        "date": "2014-02-28", 
        "operating_revenue": 6021540, 
        "short_term_average": 7128483
    }, 
    {
        "accumulated_operating_revenue_yoy": 134.28189646983594, 
        "accumulated_operating_revenue": 20224291, 
        "long_term_average": 5882041, 
        "date": "2014-03-31", 
        "operating_revenue": 6984594, 
        "short_term_average": 6741430
    }, 
    {
        "accumulated_operating_revenue_yoy": 125.46640750653593, 
        "accumulated_operating_revenue": 27230649, 
        "long_term_average": 6178820, 
        "date": "2014-04-30", 
        "operating_revenue": 7006358, 
        "short_term_average": 6670830
    }, 
    {
        "accumulated_operating_revenue_yoy": 113.90787463646032, 
        "accumulated_operating_revenue": 34719462, 
        "long_term_average": 6456757, 
        "date": "2014-05-31", 
        "operating_revenue": 7488813, 
        "short_term_average": 7159921
    }, 
    {
        "accumulated_operating_revenue_yoy": 94.92773325945515, 
        "accumulated_operating_revenue": 41674257, 
        "long_term_average": 6607298, 
        "date": "2014-06-30", 
        "operating_revenue": 6954795, 
        "short_term_average": 7149988
    }, 
    {
        "accumulated_operating_revenue_yoy": 80.49141118332638, 
        "accumulated_operating_revenue": 48328873, 
        "long_term_average": 6712105, 
        "date": "2014-07-31", 
        "operating_revenue": 6654616, 
        "short_term_average": 7032741
    }, 
    {
        "accumulated_operating_revenue_yoy": 70.15685536805759, 
        "accumulated_operating_revenue": 55041174, 
        "long_term_average": 6807210, 
        "date": "2014-08-31", 
        "operating_revenue": 6712301, 
        "short_term_average": 6773904
    }, 
    {
        "accumulated_operating_revenue_yoy": 61.62706167011065, 
        "accumulated_operating_revenue": 61941606, 
        "long_term_average": 6884207, 
        "date": "2014-09-30", 
        "operating_revenue": 6900432, 
        "short_term_average": 6755783
    }, 
    {
        "accumulated_operating_revenue_yoy": 54.66456502043494, 
        "accumulated_operating_revenue": 68658488, 
        "long_term_average": 6938274, 
        "date": "2014-10-31", 
        "operating_revenue": 6716882, 
        "short_term_average": 6776538
    }, 
    {
        "accumulated_operating_revenue_yoy": 48.7880896763961, 
        "accumulated_operating_revenue": 75654152, 
        "long_term_average": 6983325, 
        "date": "2014-11-30", 
        "operating_revenue": 6995664, 
        "short_term_average": 6870992
    }, 
    {
        "accumulated_operating_revenue_yoy": 39.96818621541555, 
        "accumulated_operating_revenue": 82570966, 
        "long_term_average": 6880913, 
        "date": "2014-12-31", 
        "operating_revenue": 6916814, 
        "short_term_average": 6876453
    }, 
    {
        "accumulated_operating_revenue_yoy": -7.109210841493195, 
        "accumulated_operating_revenue": 6705003, 
        "long_term_average": 6838151, 
        "date": "2015-01-31", 
        "operating_revenue": 6705003, 
        "short_term_average": 6872493
    }, 
    {
        "accumulated_operating_revenue_yoy": -4.9634595111957625, 
        "accumulated_operating_revenue": 12582550, 
        "long_term_average": 6826151, 
        "date": "2015-02-28", 
        "operating_revenue": 5877547, 
        "short_term_average": 6499788
    }, 
    {
        "accumulated_operating_revenue_yoy": -8.754220358083257, 
        "accumulated_operating_revenue": 18453812, 
        "long_term_average": 6733373, 
        "date": "2015-03-31", 
        "operating_revenue": 5871262, 
        "short_term_average": 6151270
    }, 
    {
        "accumulated_operating_revenue_yoy": -10.816378265534546, 
        "accumulated_operating_revenue": 24285279, 
        "long_term_average": 6635466, 
        "date": "2015-04-30", 
        "operating_revenue": 5831467, 
        "short_term_average": 5860092
    }, 
    {
        "accumulated_operating_revenue_yoy": -15.184711099498028, 
        "accumulated_operating_revenue": 29447412, 
        "long_term_average": 6441576, 
        "date": "2015-05-31", 
        "operating_revenue": 5162133, 
        "short_term_average": 5621620
    }, 
    {
        "accumulated_operating_revenue_yoy": -16.739014687172467, 
        "accumulated_operating_revenue": 34698397, 
        "long_term_average": 6299592, 
        "date": "2015-06-30", 
        "operating_revenue": 5250985, 
        "short_term_average": 5414861
    }, 
    {
        "accumulated_operating_revenue_yoy": -17.518844273484298, 
        "accumulated_operating_revenue": 39862213, 
        "long_term_average": 6175358, 
        "date": "2015-07-31", 
        "operating_revenue": 5163816, 
        "short_term_average": 5192311
    }, 
    {
        "accumulated_operating_revenue_yoy": -18.896124926405093, 
        "accumulated_operating_revenue": 44640525, 
        "long_term_average": 6014193, 
        "date": "2015-08-31", 
        "operating_revenue": 4778312, 
        "short_term_average": 5064371
    }, 
    {
        "accumulated_operating_revenue_yoy": -20.588552385935877, 
        "accumulated_operating_revenue": 49188726, 
        "long_term_average": 5818173, 
        "date": "2015-09-30", 
        "operating_revenue": 4548201, 
        "short_term_average": 4830109
    }, 
    {
        "accumulated_operating_revenue_yoy": -21.8723197050305, 
        "accumulated_operating_revenue": 53641284, 
        "long_term_average": 5629480, 
        "date": "2015-10-31", 
        "operating_revenue": 4452558, 
        "short_term_average": 4593023
    }
]