[
    {
        "date": "2011-09-30", 
        "operating_revenue": 225549, 
        "accumulated_operating_revenue": 225549, 
        "long_term_average": 225549, 
        "short_term_average": 225549
    }, 
    {
        "date": "2011-10-31", 
        "operating_revenue": 229642, 
        "accumulated_operating_revenue": 455191, 
        "long_term_average": 227595, 
        "short_term_average": 227595
    }, 
    {
        "date": "2011-11-30", 
        "operating_revenue": 231613, 
        "accumulated_operating_revenue": 686804, 
        "long_term_average": 228934, 
        "short_term_average": 228934
    }, 
    {
        "date": "2011-12-31", 
        "operating_revenue": 313570, 
        "accumulated_operating_revenue": 1000374, 
        "long_term_average": 250093, 
        "short_term_average": 258275
    }, 
    {
        "date": "2012-01-31", 
        "operating_revenue": 245534, 
        "accumulated_operating_revenue": 245534, 
        "long_term_average": 249181, 
        "short_term_average": 263572
    }, 
    {
        "date": "2012-02-29", 
        "operating_revenue": 268401, 
        "accumulated_operating_revenue": 513935, 
        "long_term_average": 252384, 
        "short_term_average": 275835
    }, 
    {
        "date": "2012-03-31", 
        "operating_revenue": 243416, 
        "accumulated_operating_revenue": 757351, 
        "long_term_average": 251103, 
        "short_term_average": 252450
    }, 
    {
        "date": "2012-04-30", 
        "operating_revenue": 255948, 
        "accumulated_operating_revenue": 1013299, 
        "long_term_average": 251709, 
        "short_term_average": 255921
    }, 
    {
        "date": "2012-05-31", 
        "operating_revenue": 281136, 
        "accumulated_operating_revenue": 1294435, 
        "long_term_average": 254978, 
        "short_term_average": 260166
    }, 
    {
        "date": "2012-06-30", 
        "operating_revenue": 343737, 
        "accumulated_operating_revenue": 1638172, 
        "long_term_average": 263854, 
        "short_term_average": 293607
    }, 
    {
        "date": "2012-07-31", 
        "operating_revenue": 429419, 
        "accumulated_operating_revenue": 2067591, 
        "long_term_average": 278905, 
        "short_term_average": 351430
    }, 
    {
        "date": "2012-08-31", 
        "operating_revenue": 347775, 
        "accumulated_operating_revenue": 2415366, 
        "long_term_average": 284645, 
        "short_term_average": 373643
    }, 
    {
        "accumulated_operating_revenue_yoy": 1124.00409667079, 
        "accumulated_operating_revenue": 2760729, 
        "long_term_average": 294629, 
        "date": "2012-09-30", 
        "operating_revenue": 345363, 
        "short_term_average": 374185
    }, 
    {
        "accumulated_operating_revenue_yoy": 552.8154115525132, 
        "accumulated_operating_revenue": 2971557, 
        "long_term_average": 293061, 
        "date": "2012-10-31", 
        "operating_revenue": 210828, 
        "short_term_average": 301322
    }, 
    {
        "accumulated_operating_revenue_yoy": 375.5723612559041, 
        "accumulated_operating_revenue": 3266250, 
        "long_term_average": 298318, 
        "date": "2012-11-30", 
        "operating_revenue": 294693, 
        "short_term_average": 283628
    }, 
    {
        "accumulated_operating_revenue_yoy": 250.58768020760235, 
        "accumulated_operating_revenue": 3507188, 
        "long_term_average": 292265, 
        "date": "2012-12-31", 
        "operating_revenue": 240938, 
        "short_term_average": 248819
    }, 
    {
        "accumulated_operating_revenue_yoy": 8.204566373699773, 
        "accumulated_operating_revenue": 265679, 
        "long_term_average": 293944, 
        "date": "2013-01-31", 
        "operating_revenue": 265679, 
        "short_term_average": 267103
    }, 
    {
        "accumulated_operating_revenue_yoy": -7.748450679560645, 
        "accumulated_operating_revenue": 474113, 
        "long_term_average": 288947, 
        "date": "2013-02-28", 
        "operating_revenue": 208434, 
        "short_term_average": 238350
    }, 
    {
        "accumulated_operating_revenue_yoy": -4.070239558672267, 
        "accumulated_operating_revenue": 726525, 
        "long_term_average": 289696, 
        "date": "2013-03-31", 
        "operating_revenue": 252412, 
        "short_term_average": 242175
    }, 
    {
        "accumulated_operating_revenue_yoy": -2.454458160917952, 
        "accumulated_operating_revenue": 988428, 
        "long_term_average": 290193, 
        "date": "2013-04-30", 
        "operating_revenue": 261903, 
        "short_term_average": 240916
    }, 
    {
        "accumulated_operating_revenue_yoy": -0.8288558328537161, 
        "accumulated_operating_revenue": 1283706, 
        "long_term_average": 291371, 
        "date": "2013-05-31", 
        "operating_revenue": 295278, 
        "short_term_average": 269864
    }, 
    {
        "accumulated_operating_revenue_yoy": -6.576965056172368, 
        "accumulated_operating_revenue": 1530430, 
        "long_term_average": 283287, 
        "date": "2013-06-30", 
        "operating_revenue": 246724, 
        "short_term_average": 267968
    }, 
    {
        "accumulated_operating_revenue_yoy": -8.578243956372416, 
        "accumulated_operating_revenue": 1890228, 
        "long_term_average": 277485, 
        "date": "2013-07-31", 
        "operating_revenue": 359798, 
        "short_term_average": 300600
    }, 
    {
        "accumulated_operating_revenue_yoy": -9.287991964778836, 
        "accumulated_operating_revenue": 2191027, 
        "long_term_average": 273570, 
        "date": "2013-08-31", 
        "operating_revenue": 300799, 
        "short_term_average": 302440
    }, 
    {
        "accumulated_operating_revenue_yoy": -7.082006238207372, 
        "accumulated_operating_revenue": 2565214, 
        "long_term_average": 275972, 
        "date": "2013-09-30", 
        "operating_revenue": 374187, 
        "short_term_average": 344928
    }, 
    {
        "accumulated_operating_revenue_yoy": -1.407477628731335, 
        "accumulated_operating_revenue": 2929733, 
        "long_term_average": 288780, 
        "date": "2013-10-31", 
        "operating_revenue": 364519, 
        "short_term_average": 346501
    }, 
    {
        "accumulated_operating_revenue_yoy": -3.186773823191734, 
        "accumulated_operating_revenue": 3162162, 
        "long_term_average": 283591, 
        "date": "2013-11-30", 
        "operating_revenue": 232429, 
        "short_term_average": 323711
    }, 
    {
        "accumulated_operating_revenue_yoy": -2.932662862669466, 
        "accumulated_operating_revenue": 3404334, 
        "long_term_average": 283694, 
        "date": "2013-12-31", 
        "operating_revenue": 242172, 
        "short_term_average": 279706
    }, 
    {
        "accumulated_operating_revenue_yoy": 9.162560834691488, 
        "accumulated_operating_revenue": 290022, 
        "long_term_average": 285723, 
        "date": "2014-01-31", 
        "operating_revenue": 290022, 
        "short_term_average": 254874
    }, 
    {
        "accumulated_operating_revenue_yoy": 6.803019533318007, 
        "accumulated_operating_revenue": 506367, 
        "long_term_average": 286382, 
        "date": "2014-02-28", 
        "operating_revenue": 216345, 
        "short_term_average": 249513
    }, 
    {
        "accumulated_operating_revenue_yoy": 10.121330993427618, 
        "accumulated_operating_revenue": 800059, 
        "long_term_average": 289822, 
        "date": "2014-03-31", 
        "operating_revenue": 293692, 
        "short_term_average": 266686
    }, 
    {
        "accumulated_operating_revenue_yoy": 9.930617101093858, 
        "accumulated_operating_revenue": 1086585, 
        "long_term_average": 291874, 
        "date": "2014-04-30", 
        "operating_revenue": 286526, 
        "short_term_average": 265521
    }, 
    {
        "accumulated_operating_revenue_yoy": 8.906011189477965, 
        "accumulated_operating_revenue": 1398033, 
        "long_term_average": 293221, 
        "date": "2014-05-31", 
        "operating_revenue": 311448, 
        "short_term_average": 297222
    }, 
    {
        "accumulated_operating_revenue_yoy": 10.90811079239168, 
        "accumulated_operating_revenue": 1697371, 
        "long_term_average": 297606, 
        "date": "2014-06-30", 
        "operating_revenue": 299338, 
        "short_term_average": 299104
    }, 
    {
        "accumulated_operating_revenue_yoy": 7.8926986585745205, 
        "accumulated_operating_revenue": 2039418, 
        "long_term_average": 296127, 
        "date": "2014-07-31", 
        "operating_revenue": 342047, 
        "short_term_average": 317611
    }, 
    {
        "accumulated_operating_revenue_yoy": 5.57113171129338, 
        "accumulated_operating_revenue": 2313092, 
        "long_term_average": 293866, 
        "date": "2014-08-31", 
        "operating_revenue": 273674, 
        "short_term_average": 305019
    }, 
    {
        "accumulated_operating_revenue_yoy": 4.235280175455147, 
        "accumulated_operating_revenue": 2673858, 
        "long_term_average": 292748, 
        "date": "2014-09-30", 
        "operating_revenue": 360766, 
        "short_term_average": 325495
    }, 
    {
        "accumulated_operating_revenue_yoy": 3.273643024808063, 
        "accumulated_operating_revenue": 3025642, 
        "long_term_average": 291686, 
        "date": "2014-10-31", 
        "operating_revenue": 351784, 
        "short_term_average": 328741
    }, 
    {
        "accumulated_operating_revenue_yoy": 4.49369766634347, 
        "accumulated_operating_revenue": 3304260, 
        "long_term_average": 295536, 
        "date": "2014-11-30", 
        "operating_revenue": 278618, 
        "short_term_average": 330389
    }, 
    {
        "accumulated_operating_revenue_yoy": 10.494593068717698, 
        "accumulated_operating_revenue": 3761605, 
        "long_term_average": 313467, 
        "date": "2014-12-31", 
        "operating_revenue": 457345, 
        "short_term_average": 362582
    }, 
    {
        "accumulated_operating_revenue_yoy": 29.751191288936703, 
        "accumulated_operating_revenue": 376307, 
        "long_term_average": 320657, 
        "date": "2015-01-31", 
        "operating_revenue": 376307, 
        "short_term_average": 370756
    }, 
    {
        "accumulated_operating_revenue_yoy": 33.470585563435215, 
        "accumulated_operating_revenue": 675851, 
        "long_term_average": 327590, 
        "date": "2015-02-28", 
        "operating_revenue": 299544, 
        "short_term_average": 377732
    }, 
    {
        "accumulated_operating_revenue_yoy": 22.787569416755517, 
        "accumulated_operating_revenue": 982373, 
        "long_term_average": 328659, 
        "date": "2015-03-31", 
        "operating_revenue": 306522, 
        "short_term_average": 327457
    }, 
    {
        "accumulated_operating_revenue_yoy": 18.892861580088073, 
        "accumulated_operating_revenue": 1291872, 
        "long_term_average": 330574, 
        "date": "2015-04-30", 
        "operating_revenue": 309499, 
        "short_term_average": 305188
    }, 
    {
        "accumulated_operating_revenue_yoy": 13.146971494950405, 
        "accumulated_operating_revenue": 1581832, 
        "long_term_average": 328783, 
        "date": "2015-05-31", 
        "operating_revenue": 289960, 
        "short_term_average": 301993
    }, 
    {
        "accumulated_operating_revenue_yoy": 10.16106673202264, 
        "accumulated_operating_revenue": 1869842, 
        "long_term_average": 327839, 
        "date": "2015-06-30", 
        "operating_revenue": 288010, 
        "short_term_average": 295823
    }, 
    {
        "accumulated_operating_revenue_yoy": 8.69458835805117, 
        "accumulated_operating_revenue": 2216737, 
        "long_term_average": 328243, 
        "date": "2015-07-31", 
        "operating_revenue": 346895, 
        "short_term_average": 308288
    }, 
    {
        "accumulated_operating_revenue_yoy": 13.600064329477599, 
        "accumulated_operating_revenue": 2627674, 
        "long_term_average": 339682, 
        "date": "2015-08-31", 
        "operating_revenue": 410937, 
        "short_term_average": 348614
    }
]