[
    {
        "date": "2011-09-30", 
        "operating_revenue": 41466324, 
        "accumulated_operating_revenue": 41466324, 
        "long_term_average": 41466324, 
        "short_term_average": 41466324
    }, 
    {
        "date": "2011-10-31", 
        "operating_revenue": 40156091, 
        "accumulated_operating_revenue": 81622415, 
        "long_term_average": 40811207, 
        "short_term_average": 40811207
    }, 
    {
        "date": "2011-11-30", 
        "operating_revenue": 43399588, 
        "accumulated_operating_revenue": 125022003, 
        "long_term_average": 41674001, 
        "short_term_average": 41674001
    }, 
    {
        "date": "2011-12-31", 
        "operating_revenue": 46853960, 
        "accumulated_operating_revenue": 171875963, 
        "long_term_average": 42968990, 
        "short_term_average": 43469879
    }, 
    {
        "date": "2012-01-31", 
        "operating_revenue": 31185181, 
        "accumulated_operating_revenue": 31185181, 
        "long_term_average": 40612228, 
        "short_term_average": 40479576
    }, 
    {
        "date": "2012-02-29", 
        "operating_revenue": 37290147, 
        "accumulated_operating_revenue": 68475328, 
        "long_term_average": 40058548, 
        "short_term_average": 38443096
    }, 
    {
        "date": "2012-03-31", 
        "operating_revenue": 40760808, 
        "accumulated_operating_revenue": 109236136, 
        "long_term_average": 40158871, 
        "short_term_average": 36412045
    }, 
    {
        "date": "2012-04-30", 
        "operating_revenue": 36170964, 
        "accumulated_operating_revenue": 145407100, 
        "long_term_average": 39660382, 
        "short_term_average": 38073973
    }, 
    {
        "date": "2012-05-31", 
        "operating_revenue": 39516853, 
        "accumulated_operating_revenue": 184923953, 
        "long_term_average": 39644435, 
        "short_term_average": 38816208
    }, 
    {
        "date": "2012-06-30", 
        "operating_revenue": 36834500, 
        "accumulated_operating_revenue": 221758453, 
        "long_term_average": 39363441, 
        "short_term_average": 37507439
    }, 
    {
        "date": "2012-07-31", 
        "operating_revenue": 39796969, 
        "accumulated_operating_revenue": 261555422, 
        "long_term_average": 39402853, 
        "short_term_average": 38716107
    }, 
    {
        "date": "2012-08-31", 
        "operating_revenue": 44403578, 
        "accumulated_operating_revenue": 305959000, 
        "long_term_average": 39819580, 
        "short_term_average": 40345015
    }, 
    {
        "accumulated_operating_revenue_yoy": 747.2182848906501, 
        "accumulated_operating_revenue": 351310279, 
        "long_term_average": 40143326, 
        "date": "2012-09-30", 
        "operating_revenue": 45351279, 
        "short_term_average": 43183942
    }, 
    {
        "accumulated_operating_revenue_yoy": 381.87731642098555, 
        "accumulated_operating_revenue": 393319903, 
        "long_term_average": 40297787, 
        "date": "2012-10-31", 
        "operating_revenue": 42009624, 
        "short_term_average": 43921493
    }, 
    {
        "accumulated_operating_revenue_yoy": 249.21596080971443, 
        "accumulated_operating_revenue": 436596789, 
        "long_term_average": 40287562, 
        "date": "2012-11-30", 
        "operating_revenue": 43276886, 
        "short_term_average": 43545929
    }, 
    {
        "accumulated_operating_revenue_yoy": 179.80207680349113, 
        "accumulated_operating_revenue": 480912514, 
        "long_term_average": 40076042, 
        "date": "2012-12-31", 
        "operating_revenue": 44315725, 
        "short_term_average": 43200745
    }, 
    {
        "accumulated_operating_revenue_yoy": 26.11629542890901, 
        "accumulated_operating_revenue": 39329595, 
        "long_term_average": 40754744, 
        "date": "2013-01-31", 
        "operating_revenue": 39329595, 
        "short_term_average": 42307402
    }, 
    {
        "accumulated_operating_revenue_yoy": 5.634741902952258, 
        "accumulated_operating_revenue": 72333736, 
        "long_term_average": 40397576, 
        "date": "2013-02-28", 
        "operating_revenue": 33004141, 
        "short_term_average": 38883153
    }, 
    {
        "accumulated_operating_revenue_yoy": 6.901554079137329, 
        "accumulated_operating_revenue": 116775127, 
        "long_term_average": 40704292, 
        "date": "2013-03-31", 
        "operating_revenue": 44441391, 
        "short_term_average": 38925042
    }, 
    {
        "accumulated_operating_revenue_yoy": 8.442932979201153, 
        "accumulated_operating_revenue": 157683724, 
        "long_term_average": 41099094, 
        "date": "2013-04-30", 
        "operating_revenue": 40908597, 
        "short_term_average": 39451376
    }, 
    {
        "accumulated_operating_revenue_yoy": 5.531981030061584, 
        "accumulated_operating_revenue": 195153911, 
        "long_term_average": 40928539, 
        "date": "2013-05-31", 
        "operating_revenue": 37470187, 
        "short_term_average": 40940058
    }, 
    {
        "accumulated_operating_revenue_yoy": 2.946573585630127, 
        "accumulated_operating_revenue": 228292729, 
        "long_term_average": 40620565, 
        "date": "2013-06-30", 
        "operating_revenue": 33138818, 
        "short_term_average": 37172534
    }, 
    {
        "accumulated_operating_revenue_yoy": -0.5661836365984415, 
        "accumulated_operating_revenue": 260074538, 
        "long_term_average": 39952635, 
        "date": "2013-07-31", 
        "operating_revenue": 31781809, 
        "short_term_average": 34130271
    }, 
    {
        "accumulated_operating_revenue_yoy": -4.197171843286192, 
        "accumulated_operating_revenue": 293117375, 
        "long_term_average": 39005907, 
        "date": "2013-08-31", 
        "operating_revenue": 33042837, 
        "short_term_average": 32654488
    }, 
    {
        "accumulated_operating_revenue_yoy": -7.34403589711077, 
        "accumulated_operating_revenue": 325509926, 
        "long_term_average": 37926013, 
        "date": "2013-09-30", 
        "operating_revenue": 32392551, 
        "short_term_average": 32405732
    }, 
    {
        "accumulated_operating_revenue_yoy": -9.004940184783885, 
        "accumulated_operating_revenue": 357901681, 
        "long_term_average": 37124524, 
        "date": "2013-10-31", 
        "operating_revenue": 32391755, 
        "short_term_average": 32609047
    }, 
    {
        "accumulated_operating_revenue_yoy": -10.590261120770634, 
        "accumulated_operating_revenue": 390360049, 
        "long_term_average": 36222981, 
        "date": "2013-11-30", 
        "operating_revenue": 32458368, 
        "short_term_average": 32414224
    }, 
    {
        "accumulated_operating_revenue_yoy": -12.098477853292044, 
        "accumulated_operating_revenue": 422729420, 
        "long_term_average": 35227451, 
        "date": "2013-12-31", 
        "operating_revenue": 32369371, 
        "short_term_average": 32406498
    }, 
    {
        "accumulated_operating_revenue_yoy": -30.413140537043414, 
        "accumulated_operating_revenue": 27368230, 
        "long_term_average": 34230671, 
        "date": "2014-01-31", 
        "operating_revenue": 27368230, 
        "short_term_average": 30731989
    }, 
    {
        "accumulated_operating_revenue_yoy": -27.78318819312748, 
        "accumulated_operating_revenue": 52237118, 
        "long_term_average": 33552733, 
        "date": "2014-02-28", 
        "operating_revenue": 24868888, 
        "short_term_average": 28202163
    }, 
    {
        "accumulated_operating_revenue_yoy": -23.306527425142516, 
        "accumulated_operating_revenue": 89558900, 
        "long_term_average": 32959432, 
        "date": "2014-03-31", 
        "operating_revenue": 37321782, 
        "short_term_average": 29852966
    }, 
    {
        "accumulated_operating_revenue_yoy": -18.987479646282328, 
        "accumulated_operating_revenue": 127743559, 
        "long_term_average": 32732437, 
        "date": "2014-04-30", 
        "operating_revenue": 38184659, 
        "short_term_average": 33458443
    }, 
    {
        "accumulated_operating_revenue_yoy": -15.928520643380804, 
        "accumulated_operating_revenue": 164068780, 
        "long_term_average": 32637024, 
        "date": "2014-05-31", 
        "operating_revenue": 36325221, 
        "short_term_average": 37277220
    }, 
    {
        "accumulated_operating_revenue_yoy": -12.120113996271865, 
        "accumulated_operating_revenue": 200623390, 
        "long_term_average": 32921673, 
        "date": "2014-06-30", 
        "operating_revenue": 36554610, 
        "short_term_average": 37021496
    }, 
    {
        "accumulated_operating_revenue_yoy": -8.85139936305491, 
        "accumulated_operating_revenue": 237054302, 
        "long_term_average": 33309098, 
        "date": "2014-07-31", 
        "operating_revenue": 36430912, 
        "short_term_average": 36436914
    }, 
    {
        "accumulated_operating_revenue_yoy": -6.101152140844602, 
        "accumulated_operating_revenue": 275233838, 
        "long_term_average": 33737156, 
        "date": "2014-08-31", 
        "operating_revenue": 38179536, 
        "short_term_average": 37055019
    }, 
    {
        "accumulated_operating_revenue_yoy": -3.623556474895331, 
        "accumulated_operating_revenue": 313714890, 
        "long_term_average": 34244532, 
        "date": "2014-09-30", 
        "operating_revenue": 38481052, 
        "short_term_average": 37697166
    }, 
    {
        "accumulated_operating_revenue_yoy": -1.6499821916175912, 
        "accumulated_operating_revenue": 351996367, 
        "long_term_average": 34735342, 
        "date": "2014-10-31", 
        "operating_revenue": 38281477, 
        "short_term_average": 38314021
    }, 
    {
        "accumulated_operating_revenue_yoy": 0.02368889957793811, 
        "accumulated_operating_revenue": 390452521, 
        "long_term_average": 35235157, 
        "date": "2014-11-30", 
        "operating_revenue": 38456154, 
        "short_term_average": 38406227
    }, 
    {
        "accumulated_operating_revenue_yoy": 1.4033747639329195, 
        "accumulated_operating_revenue": 428661898, 
        "long_term_average": 35721824, 
        "date": "2014-12-31", 
        "operating_revenue": 38209377, 
        "short_term_average": 38315669
    }, 
    {
        "accumulated_operating_revenue_yoy": 31.715726592476017, 
        "accumulated_operating_revenue": 36048263, 
        "long_term_average": 36445160, 
        "date": "2015-01-31", 
        "operating_revenue": 36048263, 
        "short_term_average": 37571264
    }, 
    {
        "accumulated_operating_revenue_yoy": 21.093298064414657, 
        "accumulated_operating_revenue": 63255649, 
        "long_term_average": 36640035, 
        "date": "2015-02-28", 
        "operating_revenue": 27207386, 
        "short_term_average": 33821675
    }, 
    {
        "accumulated_operating_revenue_yoy": 11.83463396714341, 
        "accumulated_operating_revenue": 100157868, 
        "long_term_average": 36605072, 
        "date": "2015-03-31", 
        "operating_revenue": 36902219, 
        "short_term_average": 33385956
    }, 
    {
        "accumulated_operating_revenue_yoy": 3.767128485906675, 
        "accumulated_operating_revenue": 132555823, 
        "long_term_average": 36122846, 
        "date": "2015-04-30", 
        "operating_revenue": 32397955, 
        "short_term_average": 32169186
    }, 
    {
        "accumulated_operating_revenue_yoy": -0.1905847047805195, 
        "accumulated_operating_revenue": 163756090, 
        "long_term_average": 35695767, 
        "date": "2015-05-31", 
        "operating_revenue": 31200267, 
        "short_term_average": 33500147
    }, 
    {
        "accumulated_operating_revenue_yoy": -3.3447426045387827, 
        "accumulated_operating_revenue": 193913054, 
        "long_term_average": 35162630, 
        "date": "2015-06-30", 
        "operating_revenue": 30156964, 
        "short_term_average": 31251728
    }, 
    {
        "accumulated_operating_revenue_yoy": -5.688521948865539, 
        "accumulated_operating_revenue": 223569416, 
        "long_term_average": 34598084, 
        "date": "2015-07-31", 
        "operating_revenue": 29656362, 
        "short_term_average": 30337864
    }, 
    {
        "accumulated_operating_revenue_yoy": -8.668938809769458, 
        "accumulated_operating_revenue": 251373985, 
        "long_term_average": 33733503, 
        "date": "2015-08-31", 
        "operating_revenue": 27804569, 
        "short_term_average": 29205965
    }
]