[
    {
        "date": "2011-09-30", 
        "operating_revenue": 341917, 
        "accumulated_operating_revenue": 341917, 
        "long_term_average": 341917, 
        "short_term_average": 341917
    }, 
    {
        "date": "2011-10-31", 
        "operating_revenue": 308979, 
        "accumulated_operating_revenue": 650896, 
        "long_term_average": 325448, 
        "short_term_average": 325448
    }, 
    {
        "date": "2011-11-30", 
        "operating_revenue": 323712, 
        "accumulated_operating_revenue": 974608, 
        "long_term_average": 324869, 
        "short_term_average": 324869
    }, 
    {
        "date": "2011-12-31", 
        "operating_revenue": 245872, 
        "accumulated_operating_revenue": 1220480, 
        "long_term_average": 305120, 
        "short_term_average": 292854
    }, 
    {
        "date": "2012-01-31", 
        "operating_revenue": 251675, 
        "accumulated_operating_revenue": 251675, 
        "long_term_average": 294431, 
        "short_term_average": 273753
    }, 
    {
        "date": "2012-02-29", 
        "operating_revenue": 290557, 
        "accumulated_operating_revenue": 542232, 
        "long_term_average": 293785, 
        "short_term_average": 262701
    }, 
    {
        "date": "2012-03-31", 
        "operating_revenue": 326112, 
        "accumulated_operating_revenue": 868344, 
        "long_term_average": 298403, 
        "short_term_average": 289448
    }, 
    {
        "date": "2012-04-30", 
        "operating_revenue": 375513, 
        "accumulated_operating_revenue": 1243857, 
        "long_term_average": 308042, 
        "short_term_average": 330727
    }, 
    {
        "date": "2012-05-31", 
        "operating_revenue": 342246, 
        "accumulated_operating_revenue": 1586103, 
        "long_term_average": 311842, 
        "short_term_average": 347957
    }, 
    {
        "date": "2012-06-30", 
        "operating_revenue": 317797, 
        "accumulated_operating_revenue": 1903900, 
        "long_term_average": 312438, 
        "short_term_average": 345185
    }, 
    {
        "date": "2012-07-31", 
        "operating_revenue": 293533, 
        "accumulated_operating_revenue": 2197433, 
        "long_term_average": 310719, 
        "short_term_average": 317858
    }, 
    {
        "date": "2012-08-31", 
        "operating_revenue": 298132, 
        "accumulated_operating_revenue": 2495565, 
        "long_term_average": 309670, 
        "short_term_average": 303154
    }, 
    {
        "accumulated_operating_revenue_yoy": 737.2815624844626, 
        "accumulated_operating_revenue": 2862808, 
        "long_term_average": 311780, 
        "date": "2012-09-30", 
        "operating_revenue": 367243, 
        "short_term_average": 319636
    }, 
    {
        "accumulated_operating_revenue_yoy": 386.6225940856911, 
        "accumulated_operating_revenue": 3167407, 
        "long_term_average": 311415, 
        "date": "2012-10-31", 
        "operating_revenue": 304599, 
        "short_term_average": 323324
    }, 
    {
        "accumulated_operating_revenue_yoy": 249.55992563163858, 
        "accumulated_operating_revenue": 3406839, 
        "long_term_average": 304392, 
        "date": "2012-11-30", 
        "operating_revenue": 239432, 
        "short_term_average": 303758
    }, 
    {
        "accumulated_operating_revenue_yoy": 198.98916819611955, 
        "accumulated_operating_revenue": 3649103, 
        "long_term_average": 304091, 
        "date": "2012-12-31", 
        "operating_revenue": 242264, 
        "short_term_average": 262098
    }, 
    {
        "accumulated_operating_revenue_yoy": -1.5778285487235522, 
        "accumulated_operating_revenue": 247704, 
        "long_term_average": 303761, 
        "date": "2013-01-31", 
        "operating_revenue": 247704, 
        "short_term_average": 243133
    }, 
    {
        "accumulated_operating_revenue_yoy": -29.490882131633693, 
        "accumulated_operating_revenue": 382323, 
        "long_term_average": 290766, 
        "date": "2013-02-28", 
        "operating_revenue": 134619, 
        "short_term_average": 208195
    }, 
    {
        "accumulated_operating_revenue_yoy": -28.13884819840985, 
        "accumulated_operating_revenue": 624002, 
        "long_term_average": 283730, 
        "date": "2013-03-31", 
        "operating_revenue": 241679, 
        "short_term_average": 208000
    }, 
    {
        "accumulated_operating_revenue_yoy": -32.36810983899275, 
        "accumulated_operating_revenue": 841244, 
        "long_term_average": 270540, 
        "date": "2013-04-30", 
        "operating_revenue": 217242, 
        "short_term_average": 197846
    }, 
    {
        "accumulated_operating_revenue_yoy": -31.972576812476873, 
        "accumulated_operating_revenue": 1078985, 
        "long_term_average": 261832, 
        "date": "2013-05-31", 
        "operating_revenue": 237741, 
        "short_term_average": 232220
    }, 
    {
        "accumulated_operating_revenue_yoy": -30.438678502022164, 
        "accumulated_operating_revenue": 1324378, 
        "long_term_average": 255798, 
        "date": "2013-06-30", 
        "operating_revenue": 245393, 
        "short_term_average": 233458
    }, 
    {
        "accumulated_operating_revenue_yoy": -28.878923726002114, 
        "accumulated_operating_revenue": 1562838, 
        "long_term_average": 251209, 
        "date": "2013-07-31", 
        "operating_revenue": 238460, 
        "short_term_average": 240531
    }, 
    {
        "accumulated_operating_revenue_yoy": -27.49529665626822, 
        "accumulated_operating_revenue": 1809402, 
        "long_term_average": 246911, 
        "date": "2013-08-31", 
        "operating_revenue": 246564, 
        "short_term_average": 243472
    }, 
    {
        "accumulated_operating_revenue_yoy": -26.842456776703155, 
        "accumulated_operating_revenue": 2094360, 
        "long_term_average": 240054, 
        "date": "2013-09-30", 
        "operating_revenue": 284958, 
        "short_term_average": 256660
    }, 
    {
        "accumulated_operating_revenue_yoy": -26.923442424671034, 
        "accumulated_operating_revenue": 2314632, 
        "long_term_average": 233027, 
        "date": "2013-10-31", 
        "operating_revenue": 220272, 
        "short_term_average": 250598
    }, 
    {
        "accumulated_operating_revenue_yoy": -23.769893440811263, 
        "accumulated_operating_revenue": 2597037, 
        "long_term_average": 236608, 
        "date": "2013-11-30", 
        "operating_revenue": 282405, 
        "short_term_average": 262545
    }, 
    {
        "accumulated_operating_revenue_yoy": -20.96594697381795, 
        "accumulated_operating_revenue": 2884034, 
        "long_term_average": 240336, 
        "date": "2013-12-31", 
        "operating_revenue": 286997, 
        "short_term_average": 263224
    }, 
    {
        "accumulated_operating_revenue_yoy": 1.365339275909957, 
        "accumulated_operating_revenue": 251086, 
        "long_term_average": 240618, 
        "date": "2014-01-31", 
        "operating_revenue": 251086, 
        "short_term_average": 273496
    }, 
    {
        "accumulated_operating_revenue_yoy": 7.109172087475773, 
        "accumulated_operating_revenue": 409503, 
        "long_term_average": 242601, 
        "date": "2014-02-28", 
        "operating_revenue": 158417, 
        "short_term_average": 232166
    }, 
    {
        "accumulated_operating_revenue_yoy": 1.0956695651616501, 
        "accumulated_operating_revenue": 630839, 
        "long_term_average": 240905, 
        "date": "2014-03-31", 
        "operating_revenue": 221336, 
        "short_term_average": 210279
    }, 
    {
        "accumulated_operating_revenue_yoy": 2.608398990067091, 
        "accumulated_operating_revenue": 863187, 
        "long_term_average": 242164, 
        "date": "2014-04-30", 
        "operating_revenue": 232348, 
        "short_term_average": 204033
    }, 
    {
        "accumulated_operating_revenue_yoy": 6.036043133129747, 
        "accumulated_operating_revenue": 1144113, 
        "long_term_average": 245763, 
        "date": "2014-05-31", 
        "operating_revenue": 280926, 
        "short_term_average": 244870
    }, 
    {
        "accumulated_operating_revenue_yoy": 7.217274826371323, 
        "accumulated_operating_revenue": 1419962, 
        "long_term_average": 248301, 
        "date": "2014-06-30", 
        "operating_revenue": 275849, 
        "short_term_average": 263041
    }, 
    {
        "accumulated_operating_revenue_yoy": 5.102576210714099, 
        "accumulated_operating_revenue": 1642583, 
        "long_term_average": 246981, 
        "date": "2014-07-31", 
        "operating_revenue": 222621, 
        "short_term_average": 259798
    }, 
    {
        "accumulated_operating_revenue_yoy": 5.971254591295909, 
        "accumulated_operating_revenue": 1917446, 
        "long_term_average": 249339, 
        "date": "2014-08-31", 
        "operating_revenue": 274863, 
        "short_term_average": 257777
    }, 
    {
        "accumulated_operating_revenue_yoy": 5.942913348230486, 
        "accumulated_operating_revenue": 2218826, 
        "long_term_average": 250708, 
        "date": "2014-09-30", 
        "operating_revenue": 301380, 
        "short_term_average": 266288
    }, 
    {
        "accumulated_operating_revenue_yoy": 6.185907738249536, 
        "accumulated_operating_revenue": 2457813, 
        "long_term_average": 252267, 
        "date": "2014-10-31", 
        "operating_revenue": 238987, 
        "short_term_average": 271743
    }, 
    {
        "accumulated_operating_revenue_yoy": 5.460492091564348, 
        "accumulated_operating_revenue": 2738848, 
        "long_term_average": 252153, 
        "date": "2014-11-30", 
        "operating_revenue": 281035, 
        "short_term_average": 273800
    }, 
    {
        "accumulated_operating_revenue_yoy": 5.176776695420373, 
        "accumulated_operating_revenue": 3033334, 
        "long_term_average": 252777, 
        "date": "2014-12-31", 
        "operating_revenue": 294486, 
        "short_term_average": 271502
    }, 
    {
        "accumulated_operating_revenue_yoy": 1.1310865599834319, 
        "accumulated_operating_revenue": 253926, 
        "long_term_average": 253014, 
        "date": "2015-01-31", 
        "operating_revenue": 253926, 
        "short_term_average": 276482
    }, 
    {
        "accumulated_operating_revenue_yoy": 5.8275519349064595, 
        "accumulated_operating_revenue": 433367, 
        "long_term_average": 254766, 
        "date": "2015-02-28", 
        "operating_revenue": 179441, 
        "short_term_average": 242617
    }, 
    {
        "accumulated_operating_revenue_yoy": 1.639721069876783, 
        "accumulated_operating_revenue": 641183, 
        "long_term_average": 253639, 
        "date": "2015-03-31", 
        "operating_revenue": 207816, 
        "short_term_average": 213727
    }, 
    {
        "accumulated_operating_revenue_yoy": -4.27497170369804, 
        "accumulated_operating_revenue": 826286, 
        "long_term_average": 249702, 
        "date": "2015-04-30", 
        "operating_revenue": 185103, 
        "short_term_average": 190786
    }, 
    {
        "accumulated_operating_revenue_yoy": -12.668940917549229, 
        "accumulated_operating_revenue": 999166, 
        "long_term_average": 240698, 
        "date": "2015-05-31", 
        "operating_revenue": 172880, 
        "short_term_average": 188599
    }, 
    {
        "accumulated_operating_revenue_yoy": -17.29292755721632, 
        "accumulated_operating_revenue": 1174409, 
        "long_term_average": 232315, 
        "date": "2015-06-30", 
        "operating_revenue": 175243, 
        "short_term_average": 177742
    }, 
    {
        "accumulated_operating_revenue_yoy": -18.43943350199046, 
        "accumulated_operating_revenue": 1339700, 
        "long_term_average": 227537, 
        "date": "2015-07-31", 
        "operating_revenue": 165291, 
        "short_term_average": 171138
    }, 
    {
        "accumulated_operating_revenue_yoy": -18.311702128769205, 
        "accumulated_operating_revenue": 1566329, 
        "long_term_average": 223518, 
        "date": "2015-08-31", 
        "operating_revenue": 226629, 
        "short_term_average": 189054
    }
]