[
    {
        "date": "2011-09-30", 
        "operating_revenue": 92657, 
        "accumulated_operating_revenue": 92657, 
        "long_term_average": 92657, 
        "short_term_average": 92657
    }, 
    {
        "date": "2011-10-31", 
        "operating_revenue": 60874, 
        "accumulated_operating_revenue": 153531, 
        "long_term_average": 76765, 
        "short_term_average": 76765
    }, 
    {
        "date": "2011-11-30", 
        "operating_revenue": 74554, 
        "accumulated_operating_revenue": 228085, 
        "long_term_average": 76028, 
        "short_term_average": 76028
    }, 
    {
        "date": "2011-12-31", 
        "operating_revenue": 55889, 
        "accumulated_operating_revenue": 283974, 
        "long_term_average": 70993, 
        "short_term_average": 63772
    }, 
    {
        "date": "2012-01-31", 
        "operating_revenue": 28936, 
        "accumulated_operating_revenue": 28936, 
        "long_term_average": 62582, 
        "short_term_average": 53126
    }, 
    {
        "date": "2012-02-29", 
        "operating_revenue": 22416, 
        "accumulated_operating_revenue": 51352, 
        "long_term_average": 55887, 
        "short_term_average": 35747
    }, 
    {
        "date": "2012-03-31", 
        "operating_revenue": 32449, 
        "accumulated_operating_revenue": 83801, 
        "long_term_average": 52539, 
        "short_term_average": 27933
    }, 
    {
        "date": "2012-04-30", 
        "operating_revenue": 34742, 
        "accumulated_operating_revenue": 118543, 
        "long_term_average": 50314, 
        "short_term_average": 29869
    }, 
    {
        "date": "2012-05-31", 
        "operating_revenue": 35576, 
        "accumulated_operating_revenue": 154119, 
        "long_term_average": 48677, 
        "short_term_average": 34255
    }, 
    {
        "date": "2012-06-30", 
        "operating_revenue": 85013, 
        "accumulated_operating_revenue": 239132, 
        "long_term_average": 52310, 
        "short_term_average": 51777
    }, 
    {
        "date": "2012-07-31", 
        "operating_revenue": 50462, 
        "accumulated_operating_revenue": 289594, 
        "long_term_average": 52142, 
        "short_term_average": 57017
    }, 
    {
        "date": "2012-08-31", 
        "operating_revenue": 75789, 
        "accumulated_operating_revenue": 365383, 
        "long_term_average": 54113, 
        "short_term_average": 70421
    }, 
    {
        "accumulated_operating_revenue_yoy": 360.6656809523296, 
        "accumulated_operating_revenue": 426839, 
        "long_term_average": 51513, 
        "date": "2012-09-30", 
        "operating_revenue": 61456, 
        "short_term_average": 62569
    }, 
    {
        "accumulated_operating_revenue_yoy": 220.9325803909308, 
        "accumulated_operating_revenue": 492731, 
        "long_term_average": 51931, 
        "date": "2012-10-31", 
        "operating_revenue": 65892, 
        "short_term_average": 67712
    }, 
    {
        "accumulated_operating_revenue_yoy": 132.22351316395205, 
        "accumulated_operating_revenue": 529667, 
        "long_term_average": 48796, 
        "date": "2012-11-30", 
        "operating_revenue": 36936, 
        "short_term_average": 54761
    }, 
    {
        "accumulated_operating_revenue_yoy": 101.30117545972519, 
        "accumulated_operating_revenue": 571643, 
        "long_term_average": 47636, 
        "date": "2012-12-31", 
        "operating_revenue": 41976, 
        "short_term_average": 48268
    }, 
    {
        "accumulated_operating_revenue_yoy": 66.54686204036494, 
        "accumulated_operating_revenue": 48192, 
        "long_term_average": 49241, 
        "date": "2013-01-31", 
        "operating_revenue": 48192, 
        "short_term_average": 42368
    }, 
    {
        "accumulated_operating_revenue_yoy": 6.001713662564263, 
        "accumulated_operating_revenue": 54434, 
        "long_term_average": 47893, 
        "date": "2013-02-28", 
        "operating_revenue": 6242, 
        "short_term_average": 32136
    }, 
    {
        "accumulated_operating_revenue_yoy": -3.12645433825372, 
        "accumulated_operating_revenue": 81181, 
        "long_term_average": 47418, 
        "date": "2013-03-31", 
        "operating_revenue": 26747, 
        "short_term_average": 27060
    }, 
    {
        "accumulated_operating_revenue_yoy": 2.114844402453118, 
        "accumulated_operating_revenue": 121050, 
        "long_term_average": 47845, 
        "date": "2013-04-30", 
        "operating_revenue": 39869, 
        "short_term_average": 24286
    }, 
    {
        "accumulated_operating_revenue_yoy": -12.473478286259319, 
        "accumulated_operating_revenue": 134895, 
        "long_term_average": 46034, 
        "date": "2013-05-31", 
        "operating_revenue": 13845, 
        "short_term_average": 26820
    }, 
    {
        "accumulated_operating_revenue_yoy": -38.17975009618119, 
        "accumulated_operating_revenue": 147832, 
        "long_term_average": 40028, 
        "date": "2013-06-30", 
        "operating_revenue": 12937, 
        "short_term_average": 22217
    }, 
    {
        "accumulated_operating_revenue_yoy": -41.86516295227111, 
        "accumulated_operating_revenue": 168355, 
        "long_term_average": 37533, 
        "date": "2013-07-31", 
        "operating_revenue": 20523, 
        "short_term_average": 15768
    }, 
    {
        "accumulated_operating_revenue_yoy": -48.342697936138244, 
        "accumulated_operating_revenue": 188747, 
        "long_term_average": 32917, 
        "date": "2013-08-31", 
        "operating_revenue": 20392, 
        "short_term_average": 17950
    }, 
    {
        "accumulated_operating_revenue_yoy": -46.38259390543038, 
        "accumulated_operating_revenue": 228860, 
        "long_term_average": 31138, 
        "date": "2013-09-30", 
        "operating_revenue": 40113, 
        "short_term_average": 27009
    }, 
    {
        "accumulated_operating_revenue_yoy": 34.53101185027936, 
        "accumulated_operating_revenue": 662876, 
        "long_term_average": 61815, 
        "date": "2013-10-31", 
        "operating_revenue": 434016, 
        "short_term_average": 164840
    }, 
    {
        "accumulated_operating_revenue_yoy": 117.0684599946759, 
        "accumulated_operating_revenue": 1149740, 
        "long_term_average": 99309, 
        "date": "2013-11-30", 
        "operating_revenue": 486864, 
        "short_term_average": 320331
    }, 
    {
        "accumulated_operating_revenue_yoy": 112.00976833443251, 
        "accumulated_operating_revenue": 1211939, 
        "long_term_average": 100994, 
        "date": "2013-12-31", 
        "operating_revenue": 62199, 
        "short_term_average": 327693
    }, 
    {
        "accumulated_operating_revenue_yoy": 93.02996347941567, 
        "accumulated_operating_revenue": 93025, 
        "long_term_average": 104731, 
        "date": "2014-01-31", 
        "operating_revenue": 93025, 
        "short_term_average": 214029
    }, 
    {
        "accumulated_operating_revenue_yoy": 213.0525039497373, 
        "accumulated_operating_revenue": 170407, 
        "long_term_average": 110659, 
        "date": "2014-02-28", 
        "operating_revenue": 77382, 
        "short_term_average": 77535
    }, 
    {
        "accumulated_operating_revenue_yoy": 198.41588549044727, 
        "accumulated_operating_revenue": 242257, 
        "long_term_average": 114417, 
        "date": "2014-03-31", 
        "operating_revenue": 71850, 
        "short_term_average": 80752
    }, 
    {
        "accumulated_operating_revenue_yoy": 154.12143742255267, 
        "accumulated_operating_revenue": 307614, 
        "long_term_average": 116541, 
        "date": "2014-04-30", 
        "operating_revenue": 65357, 
        "short_term_average": 71529
    }, 
    {
        "accumulated_operating_revenue_yoy": 159.92290299862856, 
        "accumulated_operating_revenue": 350623, 
        "long_term_average": 118972, 
        "date": "2014-05-31", 
        "operating_revenue": 43009, 
        "short_term_average": 60072
    }, 
    {
        "accumulated_operating_revenue_yoy": 163.30564424481844, 
        "accumulated_operating_revenue": 389250, 
        "long_term_average": 121113, 
        "date": "2014-06-30", 
        "operating_revenue": 38627, 
        "short_term_average": 48997
    }, 
    {
        "accumulated_operating_revenue_yoy": 168.84262421668498, 
        "accumulated_operating_revenue": 452610, 
        "long_term_average": 124682, 
        "date": "2014-07-31", 
        "operating_revenue": 63360, 
        "short_term_average": 48332
    }, 
    {
        "accumulated_operating_revenue_yoy": 164.43122274791122, 
        "accumulated_operating_revenue": 499106, 
        "long_term_average": 126858, 
        "date": "2014-08-31", 
        "operating_revenue": 46496, 
        "short_term_average": 49494
    }, 
    {
        "accumulated_operating_revenue_yoy": 155.44088088787908, 
        "accumulated_operating_revenue": 584602, 
        "long_term_average": 130640, 
        "date": "2014-09-30", 
        "operating_revenue": 85496, 
        "short_term_average": 65117
    }, 
    {
        "accumulated_operating_revenue_yoy": -5.211985348692667, 
        "accumulated_operating_revenue": 628327, 
        "long_term_average": 98115, 
        "date": "2014-10-31", 
        "operating_revenue": 43725, 
        "short_term_average": 58572
    }, 
    {
        "accumulated_operating_revenue_yoy": -41.35091411971402, 
        "accumulated_operating_revenue": 674312, 
        "long_term_average": 61375, 
        "date": "2014-11-30", 
        "operating_revenue": 45985, 
        "short_term_average": 58402
    }, 
    {
        "accumulated_operating_revenue_yoy": -31.15338313231937, 
        "accumulated_operating_revenue": 834379, 
        "long_term_average": 69531, 
        "date": "2014-12-31", 
        "operating_revenue": 160067, 
        "short_term_average": 83259
    }, 
    {
        "accumulated_operating_revenue_yoy": -82.03708680462242, 
        "accumulated_operating_revenue": 16710, 
        "long_term_average": 63172, 
        "date": "2015-01-31", 
        "operating_revenue": 16710, 
        "short_term_average": 74254
    }, 
    {
        "accumulated_operating_revenue_yoy": -55.54877440480731, 
        "accumulated_operating_revenue": 75748, 
        "long_term_average": 61643, 
        "date": "2015-02-28", 
        "operating_revenue": 59038, 
        "short_term_average": 78605
    }, 
    {
        "accumulated_operating_revenue_yoy": -62.02875458707076, 
        "accumulated_operating_revenue": 91988, 
        "long_term_average": 57009, 
        "date": "2015-03-31", 
        "operating_revenue": 16240, 
        "short_term_average": 30662
    }, 
    {
        "accumulated_operating_revenue_yoy": -64.9681093838382, 
        "accumulated_operating_revenue": 107763, 
        "long_term_average": 52877, 
        "date": "2015-04-30", 
        "operating_revenue": 15775, 
        "short_term_average": 30351
    }, 
    {
        "accumulated_operating_revenue_yoy": -58.95220792703274, 
        "accumulated_operating_revenue": 143923, 
        "long_term_average": 52306, 
        "date": "2015-05-31", 
        "operating_revenue": 36160, 
        "short_term_average": 22725
    }, 
    {
        "accumulated_operating_revenue_yoy": -46.32241490044958, 
        "accumulated_operating_revenue": 208940, 
        "long_term_average": 54505, 
        "date": "2015-06-30", 
        "operating_revenue": 65017, 
        "short_term_average": 38984
    }, 
    {
        "accumulated_operating_revenue_yoy": -32.85963633149952, 
        "accumulated_operating_revenue": 303884, 
        "long_term_average": 57137, 
        "date": "2015-07-31", 
        "operating_revenue": 94944, 
        "short_term_average": 65373
    }, 
    {
        "accumulated_operating_revenue_yoy": -16.56642076031945, 
        "accumulated_operating_revenue": 416422, 
        "long_term_average": 62641, 
        "date": "2015-08-31", 
        "operating_revenue": 112538, 
        "short_term_average": 90833
    }, 
    {
        "accumulated_operating_revenue_yoy": -9.919398154641963, 
        "accumulated_operating_revenue": 526613, 
        "long_term_average": 64699, 
        "date": "2015-09-30", 
        "operating_revenue": 110191, 
        "short_term_average": 105891
    }
]