[
    {
        "date": "2011-09-30", 
        "operating_revenue": 42837, 
        "accumulated_operating_revenue": 42837, 
        "long_term_average": 42837, 
        "short_term_average": 42837
    }, 
    {
        "date": "2011-10-31", 
        "operating_revenue": 40282, 
        "accumulated_operating_revenue": 83119, 
        "long_term_average": 41559, 
        "short_term_average": 41559
    }, 
    {
        "date": "2011-11-30", 
        "operating_revenue": 48295, 
        "accumulated_operating_revenue": 131414, 
        "long_term_average": 43804, 
        "short_term_average": 43804
    }, 
    {
        "date": "2011-12-31", 
        "operating_revenue": 87035, 
        "accumulated_operating_revenue": 218449, 
        "long_term_average": 54612, 
        "short_term_average": 58537
    }, 
    {
        "date": "2012-01-31", 
        "operating_revenue": 53117, 
        "accumulated_operating_revenue": 53117, 
        "long_term_average": 54313, 
        "short_term_average": 62815
    }, 
    {
        "date": "2012-02-29", 
        "operating_revenue": 30914, 
        "accumulated_operating_revenue": 84031, 
        "long_term_average": 50413, 
        "short_term_average": 57022
    }, 
    {
        "date": "2012-03-31", 
        "operating_revenue": 36923, 
        "accumulated_operating_revenue": 120954, 
        "long_term_average": 48486, 
        "short_term_average": 40318
    }, 
    {
        "date": "2012-04-30", 
        "operating_revenue": 15990, 
        "accumulated_operating_revenue": 136944, 
        "long_term_average": 44424, 
        "short_term_average": 27942
    }, 
    {
        "date": "2012-05-31", 
        "operating_revenue": 36708, 
        "accumulated_operating_revenue": 173652, 
        "long_term_average": 43566, 
        "short_term_average": 29873
    }, 
    {
        "date": "2012-06-30", 
        "operating_revenue": 24280, 
        "accumulated_operating_revenue": 197932, 
        "long_term_average": 41638, 
        "short_term_average": 25659
    }, 
    {
        "date": "2012-07-31", 
        "operating_revenue": 27828, 
        "accumulated_operating_revenue": 225760, 
        "long_term_average": 40382, 
        "short_term_average": 29605
    }, 
    {
        "date": "2012-08-31", 
        "operating_revenue": 21773, 
        "accumulated_operating_revenue": 247533, 
        "long_term_average": 38831, 
        "short_term_average": 24627
    }, 
    {
        "accumulated_operating_revenue_yoy": 587.914653220347, 
        "accumulated_operating_revenue": 294682, 
        "long_term_average": 39191, 
        "date": "2012-09-30", 
        "operating_revenue": 47149, 
        "short_term_average": 32250
    }, 
    {
        "accumulated_operating_revenue_yoy": 300.17926105944485, 
        "accumulated_operating_revenue": 332625, 
        "long_term_average": 38996, 
        "date": "2012-10-31", 
        "operating_revenue": 37943, 
        "short_term_average": 35621
    }, 
    {
        "accumulated_operating_revenue_yoy": 168.45769857092853, 
        "accumulated_operating_revenue": 352791, 
        "long_term_average": 36652, 
        "date": "2012-11-30", 
        "operating_revenue": 20166, 
        "short_term_average": 35086
    }, 
    {
        "accumulated_operating_revenue_yoy": 74.20496317218208, 
        "accumulated_operating_revenue": 380549, 
        "long_term_average": 31712, 
        "date": "2012-12-31", 
        "operating_revenue": 27758, 
        "short_term_average": 28622
    }, 
    {
        "accumulated_operating_revenue_yoy": -72.33842272718715, 
        "accumulated_operating_revenue": 14693, 
        "long_term_average": 28510, 
        "date": "2013-01-31", 
        "operating_revenue": 14693, 
        "short_term_average": 20872
    }, 
    {
        "accumulated_operating_revenue_yoy": -67.4263069581464, 
        "accumulated_operating_revenue": 27372, 
        "long_term_average": 26990, 
        "date": "2013-02-28", 
        "operating_revenue": 12679, 
        "short_term_average": 18376
    }, 
    {
        "accumulated_operating_revenue_yoy": -51.58241976288507, 
        "accumulated_operating_revenue": 58563, 
        "long_term_average": 26513, 
        "date": "2013-03-31", 
        "operating_revenue": 31191, 
        "short_term_average": 19521
    }, 
    {
        "accumulated_operating_revenue_yoy": -33.09089846944737, 
        "accumulated_operating_revenue": 91628, 
        "long_term_average": 27936, 
        "date": "2013-04-30", 
        "operating_revenue": 33065, 
        "short_term_average": 25645
    }, 
    {
        "accumulated_operating_revenue_yoy": -25.68297514569369, 
        "accumulated_operating_revenue": 129053, 
        "long_term_average": 27995, 
        "date": "2013-05-31", 
        "operating_revenue": 37425, 
        "short_term_average": 33893
    }, 
    {
        "accumulated_operating_revenue_yoy": -24.82165592223592, 
        "accumulated_operating_revenue": 148802, 
        "long_term_average": 27618, 
        "date": "2013-06-30", 
        "operating_revenue": 19749, 
        "short_term_average": 30079
    }, 
    {
        "accumulated_operating_revenue_yoy": -19.72714386959603, 
        "accumulated_operating_revenue": 181224, 
        "long_term_average": 28001, 
        "date": "2013-07-31", 
        "operating_revenue": 32422, 
        "short_term_average": 29865
    }, 
    {
        "accumulated_operating_revenue_yoy": -16.3351957112789, 
        "accumulated_operating_revenue": 207098, 
        "long_term_average": 28342, 
        "date": "2013-08-31", 
        "operating_revenue": 25874, 
        "short_term_average": 26015
    }, 
    {
        "accumulated_operating_revenue_yoy": -19.592306282704747, 
        "accumulated_operating_revenue": 236947, 
        "long_term_average": 26901, 
        "date": "2013-09-30", 
        "operating_revenue": 29849, 
        "short_term_average": 29381
    }, 
    {
        "accumulated_operating_revenue_yoy": -17.574145058248778, 
        "accumulated_operating_revenue": 274169, 
        "long_term_average": 26841, 
        "date": "2013-10-31", 
        "operating_revenue": 37222, 
        "short_term_average": 30981
    }, 
    {
        "accumulated_operating_revenue_yoy": -4.822118478079089, 
        "accumulated_operating_revenue": 335779, 
        "long_term_average": 30294, 
        "date": "2013-11-30", 
        "operating_revenue": 61610, 
        "short_term_average": 42893
    }, 
    {
        "accumulated_operating_revenue_yoy": 2.2796013128401333, 
        "accumulated_operating_revenue": 389224, 
        "long_term_average": 32435, 
        "date": "2013-12-31", 
        "operating_revenue": 53445, 
        "short_term_average": 50759
    }, 
    {
        "accumulated_operating_revenue_yoy": 273.26618117470906, 
        "accumulated_operating_revenue": 54844, 
        "long_term_average": 35781, 
        "date": "2014-01-31", 
        "operating_revenue": 54844, 
        "short_term_average": 56633
    }, 
    {
        "accumulated_operating_revenue_yoy": 227.1664474645623, 
        "accumulated_operating_revenue": 89552, 
        "long_term_average": 37617, 
        "date": "2014-02-28", 
        "operating_revenue": 34708, 
        "short_term_average": 47665
    }, 
    {
        "accumulated_operating_revenue_yoy": 118.09162781961307, 
        "accumulated_operating_revenue": 127721, 
        "long_term_average": 38198, 
        "date": "2014-03-31", 
        "operating_revenue": 38169, 
        "short_term_average": 42573
    }, 
    {
        "accumulated_operating_revenue_yoy": 90.46797922032567, 
        "accumulated_operating_revenue": 174522, 
        "long_term_average": 39343, 
        "date": "2014-04-30", 
        "operating_revenue": 46801, 
        "short_term_average": 39892
    }, 
    {
        "accumulated_operating_revenue_yoy": 93.12453023176525, 
        "accumulated_operating_revenue": 249233, 
        "long_term_average": 42450, 
        "date": "2014-05-31", 
        "operating_revenue": 74711, 
        "short_term_average": 53227
    }, 
    {
        "accumulated_operating_revenue_yoy": 211.49581322831682, 
        "accumulated_operating_revenue": 463512, 
        "long_term_average": 58661, 
        "date": "2014-06-30", 
        "operating_revenue": 214279, 
        "short_term_average": 111930
    }, 
    {
        "accumulated_operating_revenue_yoy": 272.9368074868671, 
        "accumulated_operating_revenue": 675851, 
        "long_term_average": 73654, 
        "date": "2014-07-31", 
        "operating_revenue": 212339, 
        "short_term_average": 167109
    }, 
    {
        "accumulated_operating_revenue_yoy": 345.3471303440883, 
        "accumulated_operating_revenue": 922305, 
        "long_term_average": 92035, 
        "date": "2014-08-31", 
        "operating_revenue": 246454, 
        "short_term_average": 224357
    }, 
    {
        "accumulated_operating_revenue_yoy": 395.9501491894812, 
        "accumulated_operating_revenue": 1175139, 
        "long_term_average": 110618, 
        "date": "2014-09-30", 
        "operating_revenue": 252834, 
        "short_term_average": 237209
    }, 
    {
        "accumulated_operating_revenue_yoy": 434.327002688123, 
        "accumulated_operating_revenue": 1464959, 
        "long_term_average": 131667, 
        "date": "2014-10-31", 
        "operating_revenue": 289820, 
        "short_term_average": 263036
    }, 
    {
        "accumulated_operating_revenue_yoy": 423.2560702128484, 
        "accumulated_operating_revenue": 1756984, 
        "long_term_average": 150869, 
        "date": "2014-11-30", 
        "operating_revenue": 292025, 
        "short_term_average": 278226
    }, 
    {
        "accumulated_operating_revenue_yoy": 395.04064497564383, 
        "accumulated_operating_revenue": 1926817, 
        "long_term_average": 160568, 
        "date": "2014-12-31", 
        "operating_revenue": 169833, 
        "short_term_average": 250559
    }, 
    {
        "accumulated_operating_revenue_yoy": 219.27466997301437, 
        "accumulated_operating_revenue": 175103, 
        "long_term_average": 170589, 
        "date": "2015-01-31", 
        "operating_revenue": 175103, 
        "short_term_average": 212320
    }, 
    {
        "accumulated_operating_revenue_yoy": 294.5662855100947, 
        "accumulated_operating_revenue": 353342, 
        "long_term_average": 182550, 
        "date": "2015-02-28", 
        "operating_revenue": 178239, 
        "short_term_average": 174391
    }, 
    {
        "accumulated_operating_revenue_yoy": 343.7289091065682, 
        "accumulated_operating_revenue": 566735, 
        "long_term_average": 197152, 
        "date": "2015-03-31", 
        "operating_revenue": 213393, 
        "short_term_average": 188911
    }, 
    {
        "accumulated_operating_revenue_yoy": 372.32211411741787, 
        "accumulated_operating_revenue": 824306, 
        "long_term_average": 214716, 
        "date": "2015-04-30", 
        "operating_revenue": 257571, 
        "short_term_average": 216401
    }, 
    {
        "accumulated_operating_revenue_yoy": 337.4693559841594, 
        "accumulated_operating_revenue": 1090318, 
        "long_term_average": 230658, 
        "date": "2015-05-31", 
        "operating_revenue": 266012, 
        "short_term_average": 245658
    }, 
    {
        "accumulated_operating_revenue_yoy": 193.07051381625502, 
        "accumulated_operating_revenue": 1358417, 
        "long_term_average": 235143, 
        "date": "2015-06-30", 
        "operating_revenue": 268099, 
        "short_term_average": 263894
    }, 
    {
        "accumulated_operating_revenue_yoy": 129.80908513858824, 
        "accumulated_operating_revenue": 1553167, 
        "long_term_average": 233677, 
        "date": "2015-07-31", 
        "operating_revenue": 194750, 
        "short_term_average": 242953
    }, 
    {
        "accumulated_operating_revenue_yoy": 84.66787017309892, 
        "accumulated_operating_revenue": 1703201, 
        "long_term_average": 225642, 
        "date": "2015-08-31", 
        "operating_revenue": 150034, 
        "short_term_average": 204294
    }
]