[
    {
        "date": "2011-09-30", 
        "operating_revenue": 80377, 
        "accumulated_operating_revenue": 80377, 
        "long_term_average": 80377, 
        "short_term_average": 80377
    }, 
    {
        "date": "2011-10-31", 
        "operating_revenue": 70088, 
        "accumulated_operating_revenue": 150465, 
        "long_term_average": 75232, 
        "short_term_average": 75232
    }, 
    {
        "date": "2011-11-30", 
        "operating_revenue": 78506, 
        "accumulated_operating_revenue": 228971, 
        "long_term_average": 76323, 
        "short_term_average": 76323
    }, 
    {
        "date": "2011-12-31", 
        "operating_revenue": 77662, 
        "accumulated_operating_revenue": 306633, 
        "long_term_average": 76658, 
        "short_term_average": 75418
    }, 
    {
        "date": "2012-01-31", 
        "operating_revenue": 66657, 
        "accumulated_operating_revenue": 66657, 
        "long_term_average": 74658, 
        "short_term_average": 74275
    }, 
    {
        "date": "2012-02-29", 
        "operating_revenue": 73059, 
        "accumulated_operating_revenue": 139716, 
        "long_term_average": 74391, 
        "short_term_average": 72459
    }, 
    {
        "date": "2012-03-31", 
        "operating_revenue": 95049, 
        "accumulated_operating_revenue": 234765, 
        "long_term_average": 77342, 
        "short_term_average": 78255
    }, 
    {
        "date": "2012-04-30", 
        "operating_revenue": 98628, 
        "accumulated_operating_revenue": 333393, 
        "long_term_average": 80003, 
        "short_term_average": 88912
    }, 
    {
        "date": "2012-05-31", 
        "operating_revenue": 96884, 
        "accumulated_operating_revenue": 430277, 
        "long_term_average": 81878, 
        "short_term_average": 96853
    }, 
    {
        "date": "2012-06-30", 
        "operating_revenue": 91776, 
        "accumulated_operating_revenue": 522053, 
        "long_term_average": 82868, 
        "short_term_average": 95762
    }, 
    {
        "date": "2012-07-31", 
        "operating_revenue": 95559, 
        "accumulated_operating_revenue": 617612, 
        "long_term_average": 84022, 
        "short_term_average": 94739
    }, 
    {
        "date": "2012-08-31", 
        "operating_revenue": 91013, 
        "accumulated_operating_revenue": 708625, 
        "long_term_average": 84604, 
        "short_term_average": 92782
    }, 
    {
        "accumulated_operating_revenue_yoy": 910.2355151349267, 
        "accumulated_operating_revenue": 811997, 
        "long_term_average": 86521, 
        "date": "2012-09-30", 
        "operating_revenue": 103372, 
        "short_term_average": 96648
    }, 
    {
        "accumulated_operating_revenue_yoy": 506.3263881965906, 
        "accumulated_operating_revenue": 912309, 
        "long_term_average": 89039, 
        "date": "2012-10-31", 
        "operating_revenue": 100312, 
        "short_term_average": 98232
    }, 
    {
        "accumulated_operating_revenue_yoy": 343.82607404431127, 
        "accumulated_operating_revenue": 1016233, 
        "long_term_average": 91157, 
        "date": "2012-11-30", 
        "operating_revenue": 103924, 
        "short_term_average": 102536
    }, 
    {
        "accumulated_operating_revenue_yoy": 259.0393075761578, 
        "accumulated_operating_revenue": 1100933, 
        "long_term_average": 91744, 
        "date": "2012-12-31", 
        "operating_revenue": 84700, 
        "short_term_average": 96312
    }, 
    {
        "accumulated_operating_revenue_yoy": 26.400828120077414, 
        "accumulated_operating_revenue": 84255, 
        "long_term_average": 93210, 
        "date": "2013-01-31", 
        "operating_revenue": 84255, 
        "short_term_average": 90959
    }, 
    {
        "accumulated_operating_revenue_yoy": 2.8808439978241576, 
        "accumulated_operating_revenue": 143741, 
        "long_term_average": 92079, 
        "date": "2013-02-28", 
        "operating_revenue": 59486, 
        "short_term_average": 76147
    }, 
    {
        "accumulated_operating_revenue_yoy": 4.826954614188657, 
        "accumulated_operating_revenue": 246097, 
        "long_term_average": 92688, 
        "date": "2013-03-31", 
        "operating_revenue": 102356, 
        "short_term_average": 82032
    }, 
    {
        "accumulated_operating_revenue_yoy": 3.6494467490319233, 
        "accumulated_operating_revenue": 345560, 
        "long_term_average": 92758, 
        "date": "2013-04-30", 
        "operating_revenue": 99463, 
        "short_term_average": 87101
    }, 
    {
        "accumulated_operating_revenue_yoy": 4.304436444429983, 
        "accumulated_operating_revenue": 448798, 
        "long_term_average": 93287, 
        "date": "2013-05-31", 
        "operating_revenue": 103238, 
        "short_term_average": 101685
    }, 
    {
        "accumulated_operating_revenue_yoy": 5.2921829775903975, 
        "accumulated_operating_revenue": 549681, 
        "long_term_average": 94046, 
        "date": "2013-06-30", 
        "operating_revenue": 100883, 
        "short_term_average": 101194
    }, 
    {
        "accumulated_operating_revenue_yoy": 1.4949515229626367, 
        "accumulated_operating_revenue": 626845, 
        "long_term_average": 92513, 
        "date": "2013-07-31", 
        "operating_revenue": 77164, 
        "short_term_average": 93761
    }, 
    {
        "accumulated_operating_revenue_yoy": -0.08551772799435527, 
        "accumulated_operating_revenue": 708019, 
        "long_term_average": 91693, 
        "date": "2013-08-31", 
        "operating_revenue": 81174, 
        "short_term_average": 86407
    }, 
    {
        "accumulated_operating_revenue_yoy": -1.6229123999226598, 
        "accumulated_operating_revenue": 798819, 
        "long_term_average": 90646, 
        "date": "2013-09-30", 
        "operating_revenue": 90800, 
        "short_term_average": 83046
    }, 
    {
        "accumulated_operating_revenue_yoy": -2.758166366877889, 
        "accumulated_operating_revenue": 887146, 
        "long_term_average": 89647, 
        "date": "2013-10-31", 
        "operating_revenue": 88327, 
        "short_term_average": 86767
    }, 
    {
        "accumulated_operating_revenue_yoy": -2.63876492890902, 
        "accumulated_operating_revenue": 989417, 
        "long_term_average": 89509, 
        "date": "2013-11-30", 
        "operating_revenue": 102271, 
        "short_term_average": 93799
    }, 
    {
        "accumulated_operating_revenue_yoy": -1.3523075427841658, 
        "accumulated_operating_revenue": 1086045, 
        "long_term_average": 90503, 
        "date": "2013-12-31", 
        "operating_revenue": 96628, 
        "short_term_average": 95742
    }, 
    {
        "accumulated_operating_revenue_yoy": 3.720847427452377, 
        "accumulated_operating_revenue": 87390, 
        "long_term_average": 90765, 
        "date": "2014-01-31", 
        "operating_revenue": 87390, 
        "short_term_average": 95429
    }, 
    {
        "accumulated_operating_revenue_yoy": 18.128439345767735, 
        "accumulated_operating_revenue": 169799, 
        "long_term_average": 92675, 
        "date": "2014-02-28", 
        "operating_revenue": 82409, 
        "short_term_average": 88809
    }, 
    {
        "accumulated_operating_revenue_yoy": 16.42482435787515, 
        "accumulated_operating_revenue": 286518, 
        "long_term_average": 93872, 
        "date": "2014-03-31", 
        "operating_revenue": 116719, 
        "short_term_average": 95506
    }, 
    {
        "accumulated_operating_revenue_yoy": 14.658235906933673, 
        "accumulated_operating_revenue": 396213, 
        "long_term_average": 94724, 
        "date": "2014-04-30", 
        "operating_revenue": 109695, 
        "short_term_average": 102941
    }, 
    {
        "accumulated_operating_revenue_yoy": 13.190343985490133, 
        "accumulated_operating_revenue": 507996, 
        "long_term_average": 95436, 
        "date": "2014-05-31", 
        "operating_revenue": 111783, 
        "short_term_average": 112732
    }, 
    {
        "accumulated_operating_revenue_yoy": 12.333698999965433, 
        "accumulated_operating_revenue": 617477, 
        "long_term_average": 96153, 
        "date": "2014-06-30", 
        "operating_revenue": 109481, 
        "short_term_average": 110319
    }, 
    {
        "accumulated_operating_revenue_yoy": 15.01471655672455, 
        "accumulated_operating_revenue": 720964, 
        "long_term_average": 98347, 
        "date": "2014-07-31", 
        "operating_revenue": 103487, 
        "short_term_average": 108250
    }, 
    {
        "accumulated_operating_revenue_yoy": 15.017252361871645, 
        "accumulated_operating_revenue": 814344, 
        "long_term_average": 99364, 
        "date": "2014-08-31", 
        "operating_revenue": 93380, 
        "short_term_average": 102116
    }, 
    {
        "accumulated_operating_revenue_yoy": 17.38579077362957, 
        "accumulated_operating_revenue": 937700, 
        "long_term_average": 102077, 
        "date": "2014-09-30", 
        "operating_revenue": 123356, 
        "short_term_average": 106741
    }, 
    {
        "accumulated_operating_revenue_yoy": 18.315136403703562, 
        "accumulated_operating_revenue": 1049628, 
        "long_term_average": 104043, 
        "date": "2014-10-31", 
        "operating_revenue": 111928, 
        "short_term_average": 109554
    }, 
    {
        "accumulated_operating_revenue_yoy": 16.68467390392524, 
        "accumulated_operating_revenue": 1154498, 
        "long_term_average": 104260, 
        "date": "2014-11-30", 
        "operating_revenue": 104870, 
        "short_term_average": 113384
    }, 
    {
        "accumulated_operating_revenue_yoy": 15.602668397718327, 
        "accumulated_operating_revenue": 1255497, 
        "long_term_average": 104624, 
        "date": "2014-12-31", 
        "operating_revenue": 100999, 
        "short_term_average": 105932
    }, 
    {
        "accumulated_operating_revenue_yoy": 8.283556470992103, 
        "accumulated_operating_revenue": 94629, 
        "long_term_average": 105228, 
        "date": "2015-01-31", 
        "operating_revenue": 94629, 
        "short_term_average": 100166
    }, 
    {
        "accumulated_operating_revenue_yoy": 5.051266497446981, 
        "accumulated_operating_revenue": 178376, 
        "long_term_average": 105339, 
        "date": "2015-02-28", 
        "operating_revenue": 83747, 
        "short_term_average": 93125
    }, 
    {
        "accumulated_operating_revenue_yoy": 5.079960072316574, 
        "accumulated_operating_revenue": 301073, 
        "long_term_average": 105837, 
        "date": "2015-03-31", 
        "operating_revenue": 122697, 
        "short_term_average": 100357
    }, 
    {
        "accumulated_operating_revenue_yoy": 6.867013449836325, 
        "accumulated_operating_revenue": 423421, 
        "long_term_average": 106892, 
        "date": "2015-04-30", 
        "operating_revenue": 122348, 
        "short_term_average": 109597
    }, 
    {
        "accumulated_operating_revenue_yoy": 6.784305388231402, 
        "accumulated_operating_revenue": 542460, 
        "long_term_average": 107496, 
        "date": "2015-05-31", 
        "operating_revenue": 119039, 
        "short_term_average": 121361
    }, 
    {
        "accumulated_operating_revenue_yoy": 8.435131996819315, 
        "accumulated_operating_revenue": 669562, 
        "long_term_average": 108965, 
        "date": "2015-06-30", 
        "operating_revenue": 127102, 
        "short_term_average": 122829
    }, 
    {
        "accumulated_operating_revenue_yoy": 10.066244639122065, 
        "accumulated_operating_revenue": 793538, 
        "long_term_average": 110672, 
        "date": "2015-07-31", 
        "operating_revenue": 123976, 
        "short_term_average": 123372
    }, 
    {
        "accumulated_operating_revenue_yoy": 12.514367392649788, 
        "accumulated_operating_revenue": 916254, 
        "long_term_average": 113117, 
        "date": "2015-08-31", 
        "operating_revenue": 122716, 
        "short_term_average": 124598
    }, 
    {
        "accumulated_operating_revenue_yoy": 12.370800895808893, 
        "accumulated_operating_revenue": 1053701, 
        "long_term_average": 114291, 
        "date": "2015-09-30", 
        "operating_revenue": 137447, 
        "short_term_average": 128046
    }
]