[
    {
        "date": "2012-01-31", 
        "operating_revenue": 22677, 
        "accumulated_operating_revenue": 22677, 
        "long_term_average": 22677, 
        "short_term_average": 22677
    }, 
    {
        "date": "2012-02-29", 
        "operating_revenue": 33059, 
        "accumulated_operating_revenue": 55736, 
        "long_term_average": 27868, 
        "short_term_average": 27868
    }, 
    {
        "date": "2012-03-31", 
        "operating_revenue": 43398, 
        "accumulated_operating_revenue": 99134, 
        "long_term_average": 33044, 
        "short_term_average": 33044
    }, 
    {
        "date": "2012-04-30", 
        "operating_revenue": 35218, 
        "accumulated_operating_revenue": 134352, 
        "long_term_average": 33588, 
        "short_term_average": 37225
    }, 
    {
        "date": "2012-05-31", 
        "operating_revenue": 45699, 
        "accumulated_operating_revenue": 180051, 
        "long_term_average": 36010, 
        "short_term_average": 41438
    }, 
    {
        "date": "2012-06-30", 
        "operating_revenue": 57584, 
        "accumulated_operating_revenue": 237635, 
        "long_term_average": 39605, 
        "short_term_average": 46167
    }, 
    {
        "date": "2012-07-31", 
        "operating_revenue": 56116, 
        "accumulated_operating_revenue": 293751, 
        "long_term_average": 41964, 
        "short_term_average": 53133
    }, 
    {
        "date": "2012-08-31", 
        "operating_revenue": 65537, 
        "accumulated_operating_revenue": 359288, 
        "long_term_average": 44911, 
        "short_term_average": 59745
    }, 
    {
        "date": "2012-09-30", 
        "operating_revenue": 73741, 
        "accumulated_operating_revenue": 433029, 
        "long_term_average": 48114, 
        "short_term_average": 65131
    }, 
    {
        "date": "2012-10-31", 
        "operating_revenue": 80080, 
        "accumulated_operating_revenue": 513109, 
        "long_term_average": 51310, 
        "short_term_average": 73119
    }, 
    {
        "date": "2012-11-30", 
        "operating_revenue": 74419, 
        "accumulated_operating_revenue": 587528, 
        "long_term_average": 53411, 
        "short_term_average": 76080
    }, 
    {
        "date": "2012-12-31", 
        "operating_revenue": 75907, 
        "accumulated_operating_revenue": 663435, 
        "long_term_average": 55286, 
        "short_term_average": 76802
    }, 
    {
        "accumulated_operating_revenue_yoy": 333.36420161397007, 
        "accumulated_operating_revenue": 98274, 
        "long_term_average": 61586, 
        "date": "2013-01-31", 
        "operating_revenue": 98274, 
        "short_term_average": 82866
    }, 
    {
        "accumulated_operating_revenue_yoy": 190.062078369456, 
        "accumulated_operating_revenue": 161669, 
        "long_term_average": 64114, 
        "date": "2013-02-28", 
        "operating_revenue": 63395, 
        "short_term_average": 79192
    }, 
    {
        "accumulated_operating_revenue_yoy": 158.9605987854823, 
        "accumulated_operating_revenue": 256718, 
        "long_term_average": 68418, 
        "date": "2013-03-31", 
        "operating_revenue": 95049, 
        "short_term_average": 85572
    }, 
    {
        "accumulated_operating_revenue_yoy": 184.53539954745744, 
        "accumulated_operating_revenue": 382279, 
        "long_term_average": 75946, 
        "date": "2013-04-30", 
        "operating_revenue": 125561, 
        "short_term_average": 94668
    }, 
    {
        "accumulated_operating_revenue_yoy": 156.5089891197494, 
        "accumulated_operating_revenue": 461847, 
        "long_term_average": 78769, 
        "date": "2013-05-31", 
        "operating_revenue": 79568, 
        "short_term_average": 100059
    }, 
    {
        "accumulated_operating_revenue_yoy": 122.25008942285439, 
        "accumulated_operating_revenue": 528144, 
        "long_term_average": 79495, 
        "date": "2013-06-30", 
        "operating_revenue": 66297, 
        "short_term_average": 90475
    }, 
    {
        "accumulated_operating_revenue_yoy": 113.42906066702751, 
        "accumulated_operating_revenue": 626950, 
        "long_term_average": 83052, 
        "date": "2013-07-31", 
        "operating_revenue": 98806, 
        "short_term_average": 81557
    }, 
    {
        "accumulated_operating_revenue_yoy": 100.1889848812095, 
        "accumulated_operating_revenue": 719255, 
        "long_term_average": 85283, 
        "date": "2013-08-31", 
        "operating_revenue": 92305, 
        "short_term_average": 85802
    }, 
    {
        "accumulated_operating_revenue_yoy": 83.84357629627577, 
        "accumulated_operating_revenue": 796096, 
        "long_term_average": 85541, 
        "date": "2013-09-30", 
        "operating_revenue": 76841, 
        "short_term_average": 89317
    }, 
    {
        "accumulated_operating_revenue_yoy": 69.97811381207501, 
        "accumulated_operating_revenue": 872173, 
        "long_term_average": 85208, 
        "date": "2013-10-31", 
        "operating_revenue": 76077, 
        "short_term_average": 81741
    }, 
    {
        "accumulated_operating_revenue_yoy": 63.37246905679389, 
        "accumulated_operating_revenue": 959859, 
        "long_term_average": 86313, 
        "date": "2013-11-30", 
        "operating_revenue": 87686, 
        "short_term_average": 80201
    }, 
    {
        "accumulated_operating_revenue_yoy": 57.49952896666591, 
        "accumulated_operating_revenue": 1044907, 
        "long_term_average": 87075, 
        "date": "2013-12-31", 
        "operating_revenue": 85048, 
        "short_term_average": 82937
    }, 
    {
        "accumulated_operating_revenue_yoy": 22.437267232431772, 
        "accumulated_operating_revenue": 120324, 
        "long_term_average": 88913, 
        "date": "2014-01-31", 
        "operating_revenue": 120324, 
        "short_term_average": 97686
    }, 
    {
        "accumulated_operating_revenue_yoy": 1.0348304251278848, 
        "accumulated_operating_revenue": 163342, 
        "long_term_average": 87215, 
        "date": "2014-02-28", 
        "operating_revenue": 43018, 
        "short_term_average": 82796
    }, 
    {
        "accumulated_operating_revenue_yoy": -9.072990596685857, 
        "accumulated_operating_revenue": 233426, 
        "long_term_average": 85134, 
        "date": "2014-03-31", 
        "operating_revenue": 70084, 
        "short_term_average": 77808
    }, 
    {
        "accumulated_operating_revenue_yoy": -13.698633720397929, 
        "accumulated_operating_revenue": 329912, 
        "long_term_average": 82711, 
        "date": "2014-04-30", 
        "operating_revenue": 96486, 
        "short_term_average": 69862
    }, 
    {
        "accumulated_operating_revenue_yoy": -11.550578438313988, 
        "accumulated_operating_revenue": 408501, 
        "long_term_average": 82630, 
        "date": "2014-05-31", 
        "operating_revenue": 78589, 
        "short_term_average": 81719
    }, 
    {
        "accumulated_operating_revenue_yoy": -11.032975855069829, 
        "accumulated_operating_revenue": 469874, 
        "long_term_average": 82219, 
        "date": "2014-06-30", 
        "operating_revenue": 61373, 
        "short_term_average": 78816
    }, 
    {
        "accumulated_operating_revenue_yoy": -11.863784990828615, 
        "accumulated_operating_revenue": 552570, 
        "long_term_average": 80877, 
        "date": "2014-07-31", 
        "operating_revenue": 82696, 
        "short_term_average": 74219
    }, 
    {
        "accumulated_operating_revenue_yoy": -12.59998192574261, 
        "accumulated_operating_revenue": 628629, 
        "long_term_average": 79523, 
        "date": "2014-08-31", 
        "operating_revenue": 76059, 
        "short_term_average": 73376
    }, 
    {
        "accumulated_operating_revenue_yoy": -7.775192941554787, 
        "accumulated_operating_revenue": 734198, 
        "long_term_average": 81917, 
        "date": "2014-09-30", 
        "operating_revenue": 105569, 
        "short_term_average": 88108
    }, 
    {
        "accumulated_operating_revenue_yoy": -5.172482982160649, 
        "accumulated_operating_revenue": 827060, 
        "long_term_average": 83316, 
        "date": "2014-10-31", 
        "operating_revenue": 92862, 
        "short_term_average": 91496
    }, 
    {
        "accumulated_operating_revenue_yoy": -6.319990748641207, 
        "accumulated_operating_revenue": 899196, 
        "long_term_average": 82020, 
        "date": "2014-11-30", 
        "operating_revenue": 72136, 
        "short_term_average": 90189
    }, 
    {
        "accumulated_operating_revenue_yoy": -4.627206057572588, 
        "accumulated_operating_revenue": 996557, 
        "long_term_average": 83046, 
        "date": "2014-12-31", 
        "operating_revenue": 97361, 
        "short_term_average": 87453
    }, 
    {
        "accumulated_operating_revenue_yoy": -4.47375419700143, 
        "accumulated_operating_revenue": 114941, 
        "long_term_average": 82597, 
        "date": "2015-01-31", 
        "operating_revenue": 114941, 
        "short_term_average": 94812
    }, 
    {
        "accumulated_operating_revenue_yoy": 10.612089970736246, 
        "accumulated_operating_revenue": 180676, 
        "long_term_average": 84490, 
        "date": "2015-02-28", 
        "operating_revenue": 65735, 
        "short_term_average": 92679
    }, 
    {
        "accumulated_operating_revenue_yoy": 5.026003958427939, 
        "accumulated_operating_revenue": 245158, 
        "long_term_average": 84024, 
        "date": "2015-03-31", 
        "operating_revenue": 64482, 
        "short_term_average": 81719
    }, 
    {
        "accumulated_operating_revenue_yoy": 13.661824971507553, 
        "accumulated_operating_revenue": 374984, 
        "long_term_average": 86802, 
        "date": "2015-04-30", 
        "operating_revenue": 129826, 
        "short_term_average": 86681
    }, 
    {
        "accumulated_operating_revenue_yoy": 14.277321230547782, 
        "accumulated_operating_revenue": 466824, 
        "long_term_average": 87906, 
        "date": "2015-05-31", 
        "operating_revenue": 91840, 
        "short_term_average": 95382
    }, 
    {
        "accumulated_operating_revenue_yoy": 19.708687861001035, 
        "accumulated_operating_revenue": 562480, 
        "long_term_average": 90763, 
        "date": "2015-06-30", 
        "operating_revenue": 95656, 
        "short_term_average": 105774
    }, 
    {
        "accumulated_operating_revenue_yoy": 18.234431836690373, 
        "accumulated_operating_revenue": 653328, 
        "long_term_average": 91442, 
        "date": "2015-07-31", 
        "operating_revenue": 90848, 
        "short_term_average": 92781
    }, 
    {
        "accumulated_operating_revenue_yoy": 18.62195348925996, 
        "accumulated_operating_revenue": 745692, 
        "long_term_average": 92801, 
        "date": "2015-08-31", 
        "operating_revenue": 92364, 
        "short_term_average": 92956
    }
]