[
    {
        "date": "2011-09-30", 
        "operating_revenue": 193982, 
        "accumulated_operating_revenue": 193982, 
        "long_term_average": 193982, 
        "short_term_average": 193982
    }, 
    {
        "date": "2011-10-31", 
        "operating_revenue": 164049, 
        "accumulated_operating_revenue": 358031, 
        "long_term_average": 179015, 
        "short_term_average": 179015
    }, 
    {
        "date": "2011-11-30", 
        "operating_revenue": 183281, 
        "accumulated_operating_revenue": 541312, 
        "long_term_average": 180437, 
        "short_term_average": 180437
    }, 
    {
        "date": "2011-12-31", 
        "operating_revenue": 215698, 
        "accumulated_operating_revenue": 757010, 
        "long_term_average": 189252, 
        "short_term_average": 187676
    }, 
    {
        "date": "2012-01-31", 
        "operating_revenue": 132721, 
        "accumulated_operating_revenue": 132721, 
        "long_term_average": 177946, 
        "short_term_average": 177233
    }, 
    {
        "date": "2012-02-29", 
        "operating_revenue": 165784, 
        "accumulated_operating_revenue": 298505, 
        "long_term_average": 175919, 
        "short_term_average": 171401
    }, 
    {
        "date": "2012-03-31", 
        "operating_revenue": 196890, 
        "accumulated_operating_revenue": 495395, 
        "long_term_average": 178915, 
        "short_term_average": 165131
    }, 
    {
        "date": "2012-04-30", 
        "operating_revenue": 179229, 
        "accumulated_operating_revenue": 674624, 
        "long_term_average": 178954, 
        "short_term_average": 180634
    }, 
    {
        "date": "2012-05-31", 
        "operating_revenue": 205187, 
        "accumulated_operating_revenue": 879811, 
        "long_term_average": 181869, 
        "short_term_average": 193768
    }, 
    {
        "date": "2012-06-30", 
        "operating_revenue": 142927, 
        "accumulated_operating_revenue": 1022738, 
        "long_term_average": 177974, 
        "short_term_average": 175781
    }, 
    {
        "date": "2012-07-31", 
        "operating_revenue": 188864, 
        "accumulated_operating_revenue": 1211602, 
        "long_term_average": 178964, 
        "short_term_average": 178992
    }, 
    {
        "date": "2012-08-31", 
        "operating_revenue": 194182, 
        "accumulated_operating_revenue": 1405784, 
        "long_term_average": 180232, 
        "short_term_average": 175324
    }, 
    {
        "accumulated_operating_revenue_yoy": 721.3746636285841, 
        "accumulated_operating_revenue": 1593319, 
        "long_term_average": 179695, 
        "date": "2012-09-30", 
        "operating_revenue": 187535, 
        "short_term_average": 190193
    }, 
    {
        "accumulated_operating_revenue_yoy": 388.5079783594158, 
        "accumulated_operating_revenue": 1749010, 
        "long_term_average": 178999, 
        "date": "2012-10-31", 
        "operating_revenue": 155691, 
        "short_term_average": 179136
    }, 
    {
        "accumulated_operating_revenue_yoy": 257.4694446086545, 
        "accumulated_operating_revenue": 1935025, 
        "long_term_average": 179226, 
        "date": "2012-11-30", 
        "operating_revenue": 186015, 
        "short_term_average": 176413
    }, 
    {
        "accumulated_operating_revenue_yoy": 184.42015297023818, 
        "accumulated_operating_revenue": 2153089, 
        "long_term_average": 179424, 
        "date": "2012-12-31", 
        "operating_revenue": 218064, 
        "short_term_average": 186590
    }, 
    {
        "accumulated_operating_revenue_yoy": -1.8715953014217794, 
        "accumulated_operating_revenue": 130237, 
        "long_term_average": 179217, 
        "date": "2013-01-31", 
        "operating_revenue": 130237, 
        "short_term_average": 178105
    }, 
    {
        "accumulated_operating_revenue_yoy": -17.437898862665616, 
        "accumulated_operating_revenue": 246452, 
        "long_term_average": 175086, 
        "date": "2013-02-28", 
        "operating_revenue": 116215, 
        "short_term_average": 154838
    }, 
    {
        "accumulated_operating_revenue_yoy": 1.1592769406231391, 
        "accumulated_operating_revenue": 501138, 
        "long_term_average": 179902, 
        "date": "2013-03-31", 
        "operating_revenue": 254686, 
        "short_term_average": 167046
    }, 
    {
        "accumulated_operating_revenue_yoy": -8.021950004743383, 
        "accumulated_operating_revenue": 620506, 
        "long_term_average": 174914, 
        "date": "2013-04-30", 
        "operating_revenue": 119368, 
        "short_term_average": 163423
    }, 
    {
        "accumulated_operating_revenue_yoy": -3.988924894096573, 
        "accumulated_operating_revenue": 844716, 
        "long_term_average": 176499, 
        "date": "2013-05-31", 
        "operating_revenue": 224210, 
        "short_term_average": 199421
    }, 
    {
        "accumulated_operating_revenue_yoy": -4.58885853463937, 
        "accumulated_operating_revenue": 975806, 
        "long_term_average": 175513, 
        "date": "2013-06-30", 
        "operating_revenue": 131090, 
        "short_term_average": 158222
    }, 
    {
        "accumulated_operating_revenue_yoy": -7.825259449885358, 
        "accumulated_operating_revenue": 1116791, 
        "long_term_average": 171523, 
        "date": "2013-07-31", 
        "operating_revenue": 140985, 
        "short_term_average": 165428
    }, 
    {
        "accumulated_operating_revenue_yoy": -6.331840453440927, 
        "accumulated_operating_revenue": 1316772, 
        "long_term_average": 172006, 
        "date": "2013-08-31", 
        "operating_revenue": 199981, 
        "short_term_average": 157352
    }, 
    {
        "accumulated_operating_revenue_yoy": -5.85275139504393, 
        "accumulated_operating_revenue": 1500066, 
        "long_term_average": 171653, 
        "date": "2013-09-30", 
        "operating_revenue": 183294, 
        "short_term_average": 174753
    }, 
    {
        "accumulated_operating_revenue_yoy": -4.161211199478562, 
        "accumulated_operating_revenue": 1676230, 
        "long_term_average": 173359, 
        "date": "2013-10-31", 
        "operating_revenue": 176164, 
        "short_term_average": 186479
    }, 
    {
        "accumulated_operating_revenue_yoy": -2.8653376571362124, 
        "accumulated_operating_revenue": 1879580, 
        "long_term_average": 174803, 
        "date": "2013-11-30", 
        "operating_revenue": 203350, 
        "short_term_average": 187602
    }, 
    {
        "accumulated_operating_revenue_yoy": -4.152406147632541, 
        "accumulated_operating_revenue": 2063684, 
        "long_term_average": 171973, 
        "date": "2013-12-31", 
        "operating_revenue": 184104, 
        "short_term_average": 187872
    }, 
    {
        "accumulated_operating_revenue_yoy": 12.802045501662354, 
        "accumulated_operating_revenue": 146910, 
        "long_term_average": 173363, 
        "date": "2014-01-31", 
        "operating_revenue": 146910, 
        "short_term_average": 178121
    }, 
    {
        "accumulated_operating_revenue_yoy": 24.178744745427103, 
        "accumulated_operating_revenue": 306041, 
        "long_term_average": 176939, 
        "date": "2014-02-28", 
        "operating_revenue": 159131, 
        "short_term_average": 163381
    }, 
    {
        "accumulated_operating_revenue_yoy": 12.681137730525323, 
        "accumulated_operating_revenue": 564688, 
        "long_term_average": 177269, 
        "date": "2014-03-31", 
        "operating_revenue": 258647, 
        "short_term_average": 188229
    }, 
    {
        "accumulated_operating_revenue_yoy": 22.033147141204115, 
        "accumulated_operating_revenue": 757223, 
        "long_term_average": 183366, 
        "date": "2014-04-30", 
        "operating_revenue": 192535, 
        "short_term_average": 203437
    }, 
    {
        "accumulated_operating_revenue_yoy": 13.980556778846381, 
        "accumulated_operating_revenue": 962812, 
        "long_term_average": 181815, 
        "date": "2014-05-31", 
        "operating_revenue": 205589, 
        "short_term_average": 218923
    }, 
    {
        "accumulated_operating_revenue_yoy": 21.550287659637263, 
        "accumulated_operating_revenue": 1186095, 
        "long_term_average": 189497, 
        "date": "2014-06-30", 
        "operating_revenue": 223283, 
        "short_term_average": 207135
    }, 
    {
        "accumulated_operating_revenue_yoy": 20.859498330484396, 
        "accumulated_operating_revenue": 1349748, 
        "long_term_average": 191386, 
        "date": "2014-07-31", 
        "operating_revenue": 163653, 
        "short_term_average": 197508
    }, 
    {
        "accumulated_operating_revenue_yoy": 14.17124604715167, 
        "accumulated_operating_revenue": 1503375, 
        "long_term_average": 187523, 
        "date": "2014-08-31", 
        "operating_revenue": 153627, 
        "short_term_average": 180187
    }, 
    {
        "accumulated_operating_revenue_yoy": 14.17710954051355, 
        "accumulated_operating_revenue": 1712732, 
        "long_term_average": 189695, 
        "date": "2014-09-30", 
        "operating_revenue": 209357, 
        "short_term_average": 175545
    }, 
    {
        "accumulated_operating_revenue_yoy": 13.301754532492557, 
        "accumulated_operating_revenue": 1899198, 
        "long_term_average": 190554, 
        "date": "2014-10-31", 
        "operating_revenue": 186466, 
        "short_term_average": 183150
    }, 
    {
        "accumulated_operating_revenue_yoy": 9.029357622447568, 
        "accumulated_operating_revenue": 2049294, 
        "long_term_average": 186116, 
        "date": "2014-11-30", 
        "operating_revenue": 150096, 
        "short_term_average": 181973
    }, 
    {
        "accumulated_operating_revenue_yoy": 8.42512710279287, 
        "accumulated_operating_revenue": 2237552, 
        "long_term_average": 186462, 
        "date": "2014-12-31", 
        "operating_revenue": 188258, 
        "short_term_average": 174940
    }, 
    {
        "accumulated_operating_revenue_yoy": 0.1694915254237288, 
        "accumulated_operating_revenue": 147159, 
        "long_term_average": 186483, 
        "date": "2015-01-31", 
        "operating_revenue": 147159, 
        "short_term_average": 161837
    }, 
    {
        "accumulated_operating_revenue_yoy": -15.761940393607393, 
        "accumulated_operating_revenue": 257803, 
        "long_term_average": 182442, 
        "date": "2015-02-28", 
        "operating_revenue": 110644, 
        "short_term_average": 148687
    }, 
    {
        "accumulated_operating_revenue_yoy": -18.72485337035673, 
        "accumulated_operating_revenue": 458951, 
        "long_term_average": 177651, 
        "date": "2015-03-31", 
        "operating_revenue": 201148, 
        "short_term_average": 152983
    }, 
    {
        "accumulated_operating_revenue_yoy": -15.931238221765584, 
        "accumulated_operating_revenue": 636588, 
        "long_term_average": 176409, 
        "date": "2015-04-30", 
        "operating_revenue": 177637, 
        "short_term_average": 163143
    }, 
    {
        "accumulated_operating_revenue_yoy": -19.108714889303418, 
        "accumulated_operating_revenue": 778831, 
        "long_term_average": 171130, 
        "date": "2015-05-31", 
        "operating_revenue": 142243, 
        "short_term_average": 173676
    }, 
    {
        "accumulated_operating_revenue_yoy": -23.27225053642415, 
        "accumulated_operating_revenue": 910064, 
        "long_term_average": 163460, 
        "date": "2015-06-30", 
        "operating_revenue": 131233, 
        "short_term_average": 150371
    }, 
    {
        "accumulated_operating_revenue_yoy": -21.644262484552673, 
        "accumulated_operating_revenue": 1057605, 
        "long_term_average": 162117, 
        "date": "2015-07-31", 
        "operating_revenue": 147541, 
        "short_term_average": 140339
    }, 
    {
        "accumulated_operating_revenue_yoy": -21.484925584102434, 
        "accumulated_operating_revenue": 1180376, 
        "long_term_average": 159546, 
        "date": "2015-08-31", 
        "operating_revenue": 122771, 
        "short_term_average": 133848
    }
]