[
    {
        "date": "2011-09-30", 
        "operating_revenue": 197884, 
        "accumulated_operating_revenue": 197884, 
        "long_term_average": 197884, 
        "short_term_average": 197884
    }, 
    {
        "date": "2011-10-31", 
        "operating_revenue": 125123, 
        "accumulated_operating_revenue": 323007, 
        "long_term_average": 161503, 
        "short_term_average": 161503
    }, 
    {
        "date": "2011-11-30", 
        "operating_revenue": 204365, 
        "accumulated_operating_revenue": 527372, 
        "long_term_average": 175790, 
        "short_term_average": 175790
    }, 
    {
        "date": "2011-12-31", 
        "operating_revenue": 256189, 
        "accumulated_operating_revenue": 783561, 
        "long_term_average": 195890, 
        "short_term_average": 195225
    }, 
    {
        "date": "2012-01-31", 
        "operating_revenue": 32051, 
        "accumulated_operating_revenue": 32051, 
        "long_term_average": 163122, 
        "short_term_average": 164201
    }, 
    {
        "date": "2012-02-29", 
        "operating_revenue": 74157, 
        "accumulated_operating_revenue": 106208, 
        "long_term_average": 148294, 
        "short_term_average": 120799
    }, 
    {
        "date": "2012-03-31", 
        "operating_revenue": 107329, 
        "accumulated_operating_revenue": 213537, 
        "long_term_average": 142442, 
        "short_term_average": 71179
    }, 
    {
        "date": "2012-04-30", 
        "operating_revenue": 126469, 
        "accumulated_operating_revenue": 340006, 
        "long_term_average": 140445, 
        "short_term_average": 102651
    }, 
    {
        "date": "2012-05-31", 
        "operating_revenue": 101377, 
        "accumulated_operating_revenue": 441383, 
        "long_term_average": 136104, 
        "short_term_average": 111725
    }, 
    {
        "date": "2012-06-30", 
        "operating_revenue": 149187, 
        "accumulated_operating_revenue": 590570, 
        "long_term_average": 137413, 
        "short_term_average": 125677
    }, 
    {
        "date": "2012-07-31", 
        "operating_revenue": 122289, 
        "accumulated_operating_revenue": 712859, 
        "long_term_average": 136038, 
        "short_term_average": 124284
    }, 
    {
        "date": "2012-08-31", 
        "operating_revenue": 64010, 
        "accumulated_operating_revenue": 776869, 
        "long_term_average": 130035, 
        "short_term_average": 111828
    }, 
    {
        "accumulated_operating_revenue_yoy": 393.81304198419275, 
        "accumulated_operating_revenue": 977177, 
        "long_term_average": 130237, 
        "date": "2012-09-30", 
        "operating_revenue": 200308, 
        "short_term_average": 128869
    }, 
    {
        "accumulated_operating_revenue_yoy": 265.78649998297254, 
        "accumulated_operating_revenue": 1181516, 
        "long_term_average": 136839, 
        "date": "2012-10-31", 
        "operating_revenue": 204339, 
        "short_term_average": 156219
    }, 
    {
        "accumulated_operating_revenue_yoy": 190.35803948635876, 
        "accumulated_operating_revenue": 1531267, 
        "long_term_average": 148954, 
        "date": "2012-11-30", 
        "operating_revenue": 349751, 
        "short_term_average": 251466
    }, 
    {
        "accumulated_operating_revenue_yoy": 174.83246358611518, 
        "accumulated_operating_revenue": 2153480, 
        "long_term_average": 179456, 
        "date": "2012-12-31", 
        "operating_revenue": 622213, 
        "short_term_average": 392101
    }, 
    {
        "accumulated_operating_revenue_yoy": 943.1343795825404, 
        "accumulated_operating_revenue": 334335, 
        "long_term_average": 204647, 
        "date": "2013-01-31", 
        "operating_revenue": 334335, 
        "short_term_average": 435433
    }, 
    {
        "accumulated_operating_revenue_yoy": 539.1053404639952, 
        "accumulated_operating_revenue": 678781, 
        "long_term_average": 227171, 
        "date": "2013-02-28", 
        "operating_revenue": 344446, 
        "short_term_average": 433664
    }, 
    {
        "accumulated_operating_revenue_yoy": 293.4086364423964, 
        "accumulated_operating_revenue": 840073, 
        "long_term_average": 231668, 
        "date": "2013-03-31", 
        "operating_revenue": 161292, 
        "short_term_average": 280024
    }, 
    {
        "accumulated_operating_revenue_yoy": 238.85578489791354, 
        "accumulated_operating_revenue": 1152130, 
        "long_term_average": 247133, 
        "date": "2013-04-30", 
        "operating_revenue": 312057, 
        "short_term_average": 272598
    }, 
    {
        "accumulated_operating_revenue_yoy": 222.95013627620457, 
        "accumulated_operating_revenue": 1425447, 
        "long_term_average": 261462, 
        "date": "2013-05-31", 
        "operating_revenue": 273317, 
        "short_term_average": 248888
    }, 
    {
        "accumulated_operating_revenue_yoy": 207.1783192508932, 
        "accumulated_operating_revenue": 1814103, 
        "long_term_average": 281417, 
        "date": "2013-06-30", 
        "operating_revenue": 388656, 
        "short_term_average": 324676
    }, 
    {
        "accumulated_operating_revenue_yoy": 188.01249615982965, 
        "accumulated_operating_revenue": 2053123, 
        "long_term_average": 291145, 
        "date": "2013-07-31", 
        "operating_revenue": 239020, 
        "short_term_average": 300331
    }, 
    {
        "accumulated_operating_revenue_yoy": 204.18886581907634, 
        "accumulated_operating_revenue": 2363149, 
        "long_term_average": 311646, 
        "date": "2013-08-31", 
        "operating_revenue": 310026, 
        "short_term_average": 312567
    }, 
    {
        "accumulated_operating_revenue_yoy": 167.76950337553995, 
        "accumulated_operating_revenue": 2616582, 
        "long_term_average": 316073, 
        "date": "2013-09-30", 
        "operating_revenue": 253433, 
        "short_term_average": 267493
    }, 
    {
        "accumulated_operating_revenue_yoy": 144.094536172172, 
        "accumulated_operating_revenue": 2884016, 
        "long_term_average": 321331, 
        "date": "2013-10-31", 
        "operating_revenue": 267434, 
        "short_term_average": 276964
    }, 
    {
        "accumulated_operating_revenue_yoy": 105.4055889665225, 
        "accumulated_operating_revenue": 3145308, 
        "long_term_average": 313960, 
        "date": "2013-11-30", 
        "operating_revenue": 261292, 
        "short_term_average": 260719
    }, 
    {
        "accumulated_operating_revenue_yoy": 57.88899827256348, 
        "accumulated_operating_revenue": 3400108, 
        "long_term_average": 283342, 
        "date": "2013-12-31", 
        "operating_revenue": 254800, 
        "short_term_average": 261175
    }, 
    {
        "accumulated_operating_revenue_yoy": -40.47138349260472, 
        "accumulated_operating_revenue": 199025, 
        "long_term_average": 272066, 
        "date": "2014-01-31", 
        "operating_revenue": 199025, 
        "short_term_average": 238372
    }, 
    {
        "accumulated_operating_revenue_yoy": -50.78589412490921, 
        "accumulated_operating_revenue": 334056, 
        "long_term_average": 254615, 
        "date": "2014-02-28", 
        "operating_revenue": 135031, 
        "short_term_average": 196285
    }, 
    {
        "accumulated_operating_revenue_yoy": -41.98504177613136, 
        "accumulated_operating_revenue": 487368, 
        "long_term_average": 253950, 
        "date": "2014-03-31", 
        "operating_revenue": 153312, 
        "short_term_average": 162456
    }, 
    {
        "accumulated_operating_revenue_yoy": -44.63237655472907, 
        "accumulated_operating_revenue": 637907, 
        "long_term_average": 240490, 
        "date": "2014-04-30", 
        "operating_revenue": 150539, 
        "short_term_average": 146294
    }, 
    {
        "accumulated_operating_revenue_yoy": -48.15331611768098, 
        "accumulated_operating_revenue": 739047, 
        "long_term_average": 226142, 
        "date": "2014-05-31", 
        "operating_revenue": 101140, 
        "short_term_average": 134997
    }, 
    {
        "accumulated_operating_revenue_yoy": -51.86028577208681, 
        "accumulated_operating_revenue": 873304, 
        "long_term_average": 204942, 
        "date": "2014-06-30", 
        "operating_revenue": 134257, 
        "short_term_average": 128645
    }, 
    {
        "accumulated_operating_revenue_yoy": -46.32961590708399, 
        "accumulated_operating_revenue": 1101919, 
        "long_term_average": 204075, 
        "date": "2014-07-31", 
        "operating_revenue": 228615, 
        "short_term_average": 154670
    }, 
    {
        "accumulated_operating_revenue_yoy": -42.09637225583322, 
        "accumulated_operating_revenue": 1368349, 
        "long_term_average": 200442, 
        "date": "2014-08-31", 
        "operating_revenue": 266430, 
        "short_term_average": 209767
    }, 
    {
        "accumulated_operating_revenue_yoy": -39.33024074919112, 
        "accumulated_operating_revenue": 1587474, 
        "long_term_average": 197583, 
        "date": "2014-09-30", 
        "operating_revenue": 219125, 
        "short_term_average": 238056
    }, 
    {
        "accumulated_operating_revenue_yoy": -33.17901148953404, 
        "accumulated_operating_revenue": 1927128, 
        "long_term_average": 203601, 
        "date": "2014-10-31", 
        "operating_revenue": 339654, 
        "short_term_average": 275069
    }, 
    {
        "accumulated_operating_revenue_yoy": -29.739281494848836, 
        "accumulated_operating_revenue": 2209916, 
        "long_term_average": 205393, 
        "date": "2014-11-30", 
        "operating_revenue": 282788, 
        "short_term_average": 280522
    }, 
    {
        "accumulated_operating_revenue_yoy": -25.479190661002534, 
        "accumulated_operating_revenue": 2533788, 
        "long_term_average": 211149, 
        "date": "2014-12-31", 
        "operating_revenue": 323872, 
        "short_term_average": 315438
    }, 
    {
        "accumulated_operating_revenue_yoy": -23.895992965707826, 
        "accumulated_operating_revenue": 151466, 
        "long_term_average": 207185, 
        "date": "2015-01-31", 
        "operating_revenue": 151466, 
        "short_term_average": 252708
    }, 
    {
        "accumulated_operating_revenue_yoy": -27.23345786335225, 
        "accumulated_operating_revenue": 243081, 
        "long_term_average": 203567, 
        "date": "2015-02-28", 
        "operating_revenue": 91615, 
        "short_term_average": 188984
    }, 
    {
        "accumulated_operating_revenue_yoy": -20.464002560693356, 
        "accumulated_operating_revenue": 387633, 
        "long_term_average": 202837, 
        "date": "2015-03-31", 
        "operating_revenue": 144552, 
        "short_term_average": 129211
    }, 
    {
        "accumulated_operating_revenue_yoy": 3.997604666510949, 
        "accumulated_operating_revenue": 663408, 
        "long_term_average": 213274, 
        "date": "2015-04-30", 
        "operating_revenue": 275775, 
        "short_term_average": 170647
    }, 
    {
        "accumulated_operating_revenue_yoy": 31.524111457052122, 
        "accumulated_operating_revenue": 972025, 
        "long_term_average": 230563, 
        "date": "2015-05-31", 
        "operating_revenue": 308617, 
        "short_term_average": 242981
    }, 
    {
        "accumulated_operating_revenue_yoy": 39.87317131262424, 
        "accumulated_operating_revenue": 1221518, 
        "long_term_average": 240166, 
        "date": "2015-06-30", 
        "operating_revenue": 249493, 
        "short_term_average": 277961
    }, 
    {
        "accumulated_operating_revenue_yoy": 37.81811548761751, 
        "accumulated_operating_revenue": 1518644, 
        "long_term_average": 245876, 
        "date": "2015-07-31", 
        "operating_revenue": 297126, 
        "short_term_average": 285078
    }, 
    {
        "accumulated_operating_revenue_yoy": 37.88083303309316, 
        "accumulated_operating_revenue": 1886691, 
        "long_term_average": 254344, 
        "date": "2015-08-31", 
        "operating_revenue": 368047, 
        "short_term_average": 304888
    }, 
    {
        "accumulated_operating_revenue_yoy": 40.91852842944199, 
        "accumulated_operating_revenue": 2237045, 
        "long_term_average": 265279, 
        "date": "2015-09-30", 
        "operating_revenue": 350354, 
        "short_term_average": 338509
    }
]