[
    {
        "date": "2012-01-31", 
        "operating_revenue": 45814, 
        "accumulated_operating_revenue": 45814, 
        "long_term_average": 45814, 
        "short_term_average": 45814
    }, 
    {
        "date": "2012-02-29", 
        "operating_revenue": 48945, 
        "accumulated_operating_revenue": 94759, 
        "long_term_average": 47379, 
        "short_term_average": 47379
    }, 
    {
        "date": "2012-03-31", 
        "operating_revenue": 63938, 
        "accumulated_operating_revenue": 158697, 
        "long_term_average": 52899, 
        "short_term_average": 52899
    }, 
    {
        "date": "2012-04-30", 
        "operating_revenue": 71089, 
        "accumulated_operating_revenue": 229786, 
        "long_term_average": 57446, 
        "short_term_average": 61324
    }, 
    {
        "date": "2012-05-31", 
        "operating_revenue": 73312, 
        "accumulated_operating_revenue": 303098, 
        "long_term_average": 60619, 
        "short_term_average": 69446
    }, 
    {
        "date": "2012-06-30", 
        "operating_revenue": 72104, 
        "accumulated_operating_revenue": 375202, 
        "long_term_average": 62533, 
        "short_term_average": 72168
    }, 
    {
        "date": "2012-07-31", 
        "operating_revenue": 68539, 
        "accumulated_operating_revenue": 443741, 
        "long_term_average": 63391, 
        "short_term_average": 71318
    }, 
    {
        "date": "2012-08-31", 
        "operating_revenue": 47959, 
        "accumulated_operating_revenue": 491700, 
        "long_term_average": 61462, 
        "short_term_average": 62867
    }, 
    {
        "date": "2012-09-30", 
        "operating_revenue": 56752, 
        "accumulated_operating_revenue": 548452, 
        "long_term_average": 60939, 
        "short_term_average": 57750
    }, 
    {
        "date": "2012-10-31", 
        "operating_revenue": 58242, 
        "accumulated_operating_revenue": 606694, 
        "long_term_average": 60669, 
        "short_term_average": 54317
    }, 
    {
        "date": "2012-11-30", 
        "operating_revenue": 44442, 
        "accumulated_operating_revenue": 651136, 
        "long_term_average": 59194, 
        "short_term_average": 53145
    }, 
    {
        "date": "2012-12-31", 
        "operating_revenue": 49690, 
        "accumulated_operating_revenue": 700826, 
        "long_term_average": 58402, 
        "short_term_average": 50791
    }, 
    {
        "accumulated_operating_revenue_yoy": -13.476229973370584, 
        "accumulated_operating_revenue": 39640, 
        "long_term_average": 57887, 
        "date": "2013-01-31", 
        "operating_revenue": 39640, 
        "short_term_average": 44590
    }, 
    {
        "accumulated_operating_revenue_yoy": -29.467385683681762, 
        "accumulated_operating_revenue": 66836, 
        "long_term_average": 56075, 
        "date": "2013-02-28", 
        "operating_revenue": 27196, 
        "short_term_average": 38842
    }, 
    {
        "accumulated_operating_revenue_yoy": -27.578341115459022, 
        "accumulated_operating_revenue": 114931, 
        "long_term_average": 54755, 
        "date": "2013-03-31", 
        "operating_revenue": 48095, 
        "short_term_average": 38310
    }, 
    {
        "accumulated_operating_revenue_yoy": -21.375975908018766, 
        "accumulated_operating_revenue": 180667, 
        "long_term_average": 54308, 
        "date": "2013-04-30", 
        "operating_revenue": 65736, 
        "short_term_average": 47009
    }, 
    {
        "accumulated_operating_revenue_yoy": -30.960943325261137, 
        "accumulated_operating_revenue": 209256, 
        "long_term_average": 50582, 
        "date": "2013-05-31", 
        "operating_revenue": 28589, 
        "short_term_average": 47473
    }, 
    {
        "accumulated_operating_revenue_yoy": -32.927596334774336, 
        "accumulated_operating_revenue": 251657, 
        "long_term_average": 48106, 
        "date": "2013-06-30", 
        "operating_revenue": 42401, 
        "short_term_average": 45575
    }, 
    {
        "accumulated_operating_revenue_yoy": -34.47979790012642, 
        "accumulated_operating_revenue": 290740, 
        "long_term_average": 45652, 
        "date": "2013-07-31", 
        "operating_revenue": 39083, 
        "short_term_average": 36691
    }, 
    {
        "accumulated_operating_revenue_yoy": -33.05816554809844, 
        "accumulated_operating_revenue": 329153, 
        "long_term_average": 44856, 
        "date": "2013-08-31", 
        "operating_revenue": 38413, 
        "short_term_average": 39965
    }, 
    {
        "accumulated_operating_revenue_yoy": -35.12285487152933, 
        "accumulated_operating_revenue": 355820, 
        "long_term_average": 42349, 
        "date": "2013-09-30", 
        "operating_revenue": 26667, 
        "short_term_average": 34721
    }, 
    {
        "accumulated_operating_revenue_yoy": -33.71386563902065, 
        "accumulated_operating_revenue": 402154, 
        "long_term_average": 41357, 
        "date": "2013-10-31", 
        "operating_revenue": 46334, 
        "short_term_average": 37138
    }, 
    {
        "accumulated_operating_revenue_yoy": -34.41907681344604, 
        "accumulated_operating_revenue": 427021, 
        "long_term_average": 39725, 
        "date": "2013-11-30", 
        "operating_revenue": 24867, 
        "short_term_average": 32622
    }, 
    {
        "accumulated_operating_revenue_yoy": -33.71007924934292, 
        "accumulated_operating_revenue": 464577, 
        "long_term_average": 38714, 
        "date": "2013-12-31", 
        "operating_revenue": 37556, 
        "short_term_average": 36252
    }, 
    {
        "accumulated_operating_revenue_yoy": -36.561553985872855, 
        "accumulated_operating_revenue": 25147, 
        "long_term_average": 37507, 
        "date": "2014-01-31", 
        "operating_revenue": 25147, 
        "short_term_average": 29190
    }, 
    {
        "accumulated_operating_revenue_yoy": -25.224429947932254, 
        "accumulated_operating_revenue": 49977, 
        "long_term_average": 37309, 
        "date": "2014-02-28", 
        "operating_revenue": 24830, 
        "short_term_average": 29177
    }, 
    {
        "accumulated_operating_revenue_yoy": -31.706850197074765, 
        "accumulated_operating_revenue": 78490, 
        "long_term_average": 35678, 
        "date": "2014-03-31", 
        "operating_revenue": 28513, 
        "short_term_average": 26163
    }, 
    {
        "accumulated_operating_revenue_yoy": -40.13405879324946, 
        "accumulated_operating_revenue": 108158, 
        "long_term_average": 32672, 
        "date": "2014-04-30", 
        "operating_revenue": 29668, 
        "short_term_average": 27670
    }, 
    {
        "accumulated_operating_revenue_yoy": -26.912489964445463, 
        "accumulated_operating_revenue": 152940, 
        "long_term_average": 34021, 
        "date": "2014-05-31", 
        "operating_revenue": 44782, 
        "short_term_average": 34321
    }, 
    {
        "accumulated_operating_revenue_yoy": -29.207214581752144, 
        "accumulated_operating_revenue": 178155, 
        "long_term_average": 32589, 
        "date": "2014-06-30", 
        "operating_revenue": 25215, 
        "short_term_average": 33221
    }, 
    {
        "accumulated_operating_revenue_yoy": -20.13414046914769, 
        "accumulated_operating_revenue": 232202, 
        "long_term_average": 33836, 
        "date": "2014-07-31", 
        "operating_revenue": 54047, 
        "short_term_average": 41348
    }, 
    {
        "accumulated_operating_revenue_yoy": -18.874505169328547, 
        "accumulated_operating_revenue": 267027, 
        "long_term_average": 33537, 
        "date": "2014-08-31", 
        "operating_revenue": 34825, 
        "short_term_average": 38029
    }, 
    {
        "accumulated_operating_revenue_yoy": -10.919566072733405, 
        "accumulated_operating_revenue": 316966, 
        "long_term_average": 35476, 
        "date": "2014-09-30", 
        "operating_revenue": 49939, 
        "short_term_average": 46270
    }, 
    {
        "accumulated_operating_revenue_yoy": -9.716178379426786, 
        "accumulated_operating_revenue": 363080, 
        "long_term_average": 35458, 
        "date": "2014-10-31", 
        "operating_revenue": 46114, 
        "short_term_average": 43626
    }, 
    {
        "accumulated_operating_revenue_yoy": -4.9025691944892635, 
        "accumulated_operating_revenue": 406086, 
        "long_term_average": 36970, 
        "date": "2014-11-30", 
        "operating_revenue": 43006, 
        "short_term_average": 46353
    }, 
    {
        "accumulated_operating_revenue_yoy": -5.16189996491432, 
        "accumulated_operating_revenue": 440596, 
        "long_term_average": 36716, 
        "date": "2014-12-31", 
        "operating_revenue": 34510, 
        "short_term_average": 41210
    }, 
    {
        "accumulated_operating_revenue_yoy": 81.73539587227104, 
        "accumulated_operating_revenue": 45701, 
        "long_term_average": 38429, 
        "date": "2015-01-31", 
        "operating_revenue": 45701, 
        "short_term_average": 41072
    }, 
    {
        "accumulated_operating_revenue_yoy": 78.8022490345559, 
        "accumulated_operating_revenue": 89360, 
        "long_term_average": 39998, 
        "date": "2015-02-28", 
        "operating_revenue": 43659, 
        "short_term_average": 41290
    }, 
    {
        "accumulated_operating_revenue_yoy": 82.90100649764301, 
        "accumulated_operating_revenue": 143559, 
        "long_term_average": 42138, 
        "date": "2015-03-31", 
        "operating_revenue": 54199, 
        "short_term_average": 47853
    }, 
    {
        "accumulated_operating_revenue_yoy": 63.82329554910409, 
        "accumulated_operating_revenue": 177188, 
        "long_term_average": 42468, 
        "date": "2015-04-30", 
        "operating_revenue": 33629, 
        "short_term_average": 43829
    }, 
    {
        "accumulated_operating_revenue_yoy": 47.22440172616712, 
        "accumulated_operating_revenue": 225165, 
        "long_term_average": 42735, 
        "date": "2015-05-31", 
        "operating_revenue": 47977, 
        "short_term_average": 45268
    }, 
    {
        "accumulated_operating_revenue_yoy": 53.17448289410906, 
        "accumulated_operating_revenue": 272888, 
        "long_term_average": 44610, 
        "date": "2015-06-30", 
        "operating_revenue": 47723, 
        "short_term_average": 43109
    }, 
    {
        "accumulated_operating_revenue_yoy": 47.00433243469048, 
        "accumulated_operating_revenue": 341347, 
        "long_term_average": 45811, 
        "date": "2015-07-31", 
        "operating_revenue": 68459, 
        "short_term_average": 54719
    }, 
    {
        "accumulated_operating_revenue_yoy": 52.8545802484393, 
        "accumulated_operating_revenue": 408163, 
        "long_term_average": 48477, 
        "date": "2015-08-31", 
        "operating_revenue": 66816, 
        "short_term_average": 60999
    }
]