[
    {
        "date": "2011-09-30", 
        "operating_revenue": 472822, 
        "accumulated_operating_revenue": 472822, 
        "long_term_average": 472822, 
        "short_term_average": 472822
    }, 
    {
        "date": "2011-10-31", 
        "operating_revenue": 409290, 
        "accumulated_operating_revenue": 882112, 
        "long_term_average": 441056, 
        "short_term_average": 441056
    }, 
    {
        "date": "2011-11-30", 
        "operating_revenue": 426180, 
        "accumulated_operating_revenue": 1308292, 
        "long_term_average": 436097, 
        "short_term_average": 436097
    }, 
    {
        "date": "2011-12-31", 
        "operating_revenue": 398836, 
        "accumulated_operating_revenue": 1707128, 
        "long_term_average": 426782, 
        "short_term_average": 411435
    }, 
    {
        "date": "2012-01-31", 
        "operating_revenue": 364447, 
        "accumulated_operating_revenue": 364447, 
        "long_term_average": 414315, 
        "short_term_average": 396487
    }, 
    {
        "date": "2012-02-29", 
        "operating_revenue": 395399, 
        "accumulated_operating_revenue": 759846, 
        "long_term_average": 411162, 
        "short_term_average": 386227
    }, 
    {
        "date": "2012-03-31", 
        "operating_revenue": 448808, 
        "accumulated_operating_revenue": 1208654, 
        "long_term_average": 416540, 
        "short_term_average": 402884
    }, 
    {
        "date": "2012-04-30", 
        "operating_revenue": 399106, 
        "accumulated_operating_revenue": 1607760, 
        "long_term_average": 414361, 
        "short_term_average": 414437
    }, 
    {
        "date": "2012-05-31", 
        "operating_revenue": 467097, 
        "accumulated_operating_revenue": 2074857, 
        "long_term_average": 420220, 
        "short_term_average": 438337
    }, 
    {
        "date": "2012-06-30", 
        "operating_revenue": 399292, 
        "accumulated_operating_revenue": 2474149, 
        "long_term_average": 418127, 
        "short_term_average": 421831
    }, 
    {
        "date": "2012-07-31", 
        "operating_revenue": 438154, 
        "accumulated_operating_revenue": 2912303, 
        "long_term_average": 419948, 
        "short_term_average": 434847
    }, 
    {
        "date": "2012-08-31", 
        "operating_revenue": 463008, 
        "accumulated_operating_revenue": 3375311, 
        "long_term_average": 423536, 
        "short_term_average": 433484
    }, 
    {
        "accumulated_operating_revenue_yoy": 712.738197461201, 
        "accumulated_operating_revenue": 3842805, 
        "long_term_average": 423092, 
        "date": "2012-09-30", 
        "operating_revenue": 467494, 
        "short_term_average": 456218
    }, 
    {
        "accumulated_operating_revenue_yoy": 391.8604440252485, 
        "accumulated_operating_revenue": 4338760, 
        "long_term_average": 430314, 
        "date": "2012-10-31", 
        "operating_revenue": 495955, 
        "short_term_average": 475485
    }, 
    {
        "accumulated_operating_revenue_yoy": 268.4885331409196, 
        "accumulated_operating_revenue": 4820906, 
        "long_term_average": 434978, 
        "date": "2012-11-30", 
        "operating_revenue": 482146, 
        "short_term_average": 481865
    }, 
    {
        "accumulated_operating_revenue_yoy": 209.42905277167267, 
        "accumulated_operating_revenue": 5282350, 
        "long_term_average": 440195, 
        "date": "2012-12-31", 
        "operating_revenue": 461444, 
        "short_term_average": 479848
    }, 
    {
        "accumulated_operating_revenue_yoy": 39.017470304324085, 
        "accumulated_operating_revenue": 506645, 
        "long_term_average": 452045, 
        "date": "2013-01-31", 
        "operating_revenue": 506645, 
        "short_term_average": 483411
    }, 
    {
        "accumulated_operating_revenue_yoy": 3.7820821587532207, 
        "accumulated_operating_revenue": 788584, 
        "long_term_average": 442590, 
        "date": "2013-02-28", 
        "operating_revenue": 281939, 
        "short_term_average": 416676
    }, 
    {
        "accumulated_operating_revenue_yoy": 1.942822346180131, 
        "accumulated_operating_revenue": 1232136, 
        "long_term_average": 442152, 
        "date": "2013-03-31", 
        "operating_revenue": 443552, 
        "short_term_average": 410712
    }, 
    {
        "accumulated_operating_revenue_yoy": 7.337164750957855, 
        "accumulated_operating_revenue": 1725724, 
        "long_term_average": 450026, 
        "date": "2013-04-30", 
        "operating_revenue": 493588, 
        "short_term_average": 406359
    }, 
    {
        "accumulated_operating_revenue_yoy": 6.2420205344271915, 
        "accumulated_operating_revenue": 2204370, 
        "long_term_average": 450988, 
        "date": "2013-05-31", 
        "operating_revenue": 478646, 
        "short_term_average": 471928
    }, 
    {
        "accumulated_operating_revenue_yoy": 5.9285435113245, 
        "accumulated_operating_revenue": 2620830, 
        "long_term_average": 452419, 
        "date": "2013-06-30", 
        "operating_revenue": 416460, 
        "short_term_average": 462898
    }, 
    {
        "accumulated_operating_revenue_yoy": 5.780373814125796, 
        "accumulated_operating_revenue": 3080645, 
        "long_term_average": 454224, 
        "date": "2013-07-31", 
        "operating_revenue": 459815, 
        "short_term_average": 451640
    }, 
    {
        "accumulated_operating_revenue_yoy": 4.931012283016291, 
        "accumulated_operating_revenue": 3541748, 
        "long_term_average": 454065, 
        "date": "2013-08-31", 
        "operating_revenue": 461103, 
        "short_term_average": 445792
    }, 
    {
        "accumulated_operating_revenue_yoy": 4.147048835421001, 
        "accumulated_operating_revenue": 4002168, 
        "long_term_average": 453476, 
        "date": "2013-09-30", 
        "operating_revenue": 460420, 
        "short_term_average": 460446
    }, 
    {
        "accumulated_operating_revenue_yoy": 2.122588020540431, 
        "accumulated_operating_revenue": 4430854, 
        "long_term_average": 447870, 
        "date": "2013-10-31", 
        "operating_revenue": 428686, 
        "short_term_average": 450069
    }, 
    {
        "accumulated_operating_revenue_yoy": 0.5061496739409563, 
        "accumulated_operating_revenue": 4845307, 
        "long_term_average": 442229, 
        "date": "2013-11-30", 
        "operating_revenue": 414453, 
        "short_term_average": 434519
    }, 
    {
        "accumulated_operating_revenue_yoy": -0.09791096765644079, 
        "accumulated_operating_revenue": 5277178, 
        "long_term_average": 439764, 
        "date": "2013-12-31", 
        "operating_revenue": 431871, 
        "short_term_average": 425003
    }, 
    {
        "accumulated_operating_revenue_yoy": -13.965991966761738, 
        "accumulated_operating_revenue": 435887, 
        "long_term_average": 433868, 
        "date": "2014-01-31", 
        "operating_revenue": 435887, 
        "short_term_average": 427403
    }, 
    {
        "accumulated_operating_revenue_yoy": -7.022460511499092, 
        "accumulated_operating_revenue": 733206, 
        "long_term_average": 435150, 
        "date": "2014-02-28", 
        "operating_revenue": 297319, 
        "short_term_average": 388359
    }, 
    {
        "accumulated_operating_revenue_yoy": -7.071297324321341, 
        "accumulated_operating_revenue": 1145008, 
        "long_term_average": 432504, 
        "date": "2014-03-31", 
        "operating_revenue": 411802, 
        "short_term_average": 381669
    }, 
    {
        "accumulated_operating_revenue_yoy": -7.186606896583695, 
        "accumulated_operating_revenue": 1601703, 
        "long_term_average": 429429, 
        "date": "2014-04-30", 
        "operating_revenue": 456695, 
        "short_term_average": 388605
    }, 
    {
        "accumulated_operating_revenue_yoy": -7.305942287365551, 
        "accumulated_operating_revenue": 2043320, 
        "long_term_average": 426344, 
        "date": "2014-05-31", 
        "operating_revenue": 441617, 
        "short_term_average": 436704
    }, 
    {
        "accumulated_operating_revenue_yoy": -6.760720840344471, 
        "accumulated_operating_revenue": 2443643, 
        "long_term_average": 424999, 
        "date": "2014-06-30", 
        "operating_revenue": 400323, 
        "short_term_average": 432878
    }, 
    {
        "accumulated_operating_revenue_yoy": -6.257618128671107, 
        "accumulated_operating_revenue": 2887870, 
        "long_term_average": 423700, 
        "date": "2014-07-31", 
        "operating_revenue": 444227, 
        "short_term_average": 428722
    }, 
    {
        "accumulated_operating_revenue_yoy": -6.277098201227191, 
        "accumulated_operating_revenue": 3319429, 
        "long_term_average": 421238, 
        "date": "2014-08-31", 
        "operating_revenue": 431559, 
        "short_term_average": 425369
    }, 
    {
        "accumulated_operating_revenue_yoy": -3.9289954844474297, 
        "accumulated_operating_revenue": 3844923, 
        "long_term_average": 426661, 
        "date": "2014-09-30", 
        "operating_revenue": 525494, 
        "short_term_average": 467093
    }, 
    {
        "accumulated_operating_revenue_yoy": -0.7870266093173008, 
        "accumulated_operating_revenue": 4395982, 
        "long_term_average": 436858, 
        "date": "2014-10-31", 
        "operating_revenue": 551059, 
        "short_term_average": 502704
    }, 
    {
        "accumulated_operating_revenue_yoy": 0.8849800435761862, 
        "accumulated_operating_revenue": 4888187, 
        "long_term_average": 443338, 
        "date": "2014-11-30", 
        "operating_revenue": 492205, 
        "short_term_average": 522919
    }, 
    {
        "accumulated_operating_revenue_yoy": 1.529453810350911, 
        "accumulated_operating_revenue": 5357890, 
        "long_term_average": 446490, 
        "date": "2014-12-31", 
        "operating_revenue": 469703, 
        "short_term_average": 504322
    }, 
    {
        "accumulated_operating_revenue_yoy": 8.462055532741283, 
        "accumulated_operating_revenue": 472772, 
        "long_term_average": 449564, 
        "date": "2015-01-31", 
        "operating_revenue": 472772, 
        "short_term_average": 478226
    }, 
    {
        "accumulated_operating_revenue_yoy": 8.349358843217322, 
        "accumulated_operating_revenue": 794424, 
        "long_term_average": 451592, 
        "date": "2015-02-28", 
        "operating_revenue": 321652, 
        "short_term_average": 421375
    }, 
    {
        "accumulated_operating_revenue_yoy": 6.612180875592136, 
        "accumulated_operating_revenue": 1220718, 
        "long_term_average": 452800, 
        "date": "2015-03-31", 
        "operating_revenue": 426294, 
        "short_term_average": 406906
    }, 
    {
        "accumulated_operating_revenue_yoy": 4.103320028744405, 
        "accumulated_operating_revenue": 1667426, 
        "long_term_average": 451967, 
        "date": "2015-04-30", 
        "operating_revenue": 446708, 
        "short_term_average": 398218
    }, 
    {
        "accumulated_operating_revenue_yoy": 0.8117671240921637, 
        "accumulated_operating_revenue": 2059907, 
        "long_term_average": 447873, 
        "date": "2015-05-31", 
        "operating_revenue": 392481, 
        "short_term_average": 421827
    }, 
    {
        "accumulated_operating_revenue_yoy": 4.152243187732414, 
        "accumulated_operating_revenue": 2545109, 
        "long_term_average": 454946, 
        "date": "2015-06-30", 
        "operating_revenue": 485202, 
        "short_term_average": 441463
    }, 
    {
        "accumulated_operating_revenue_yoy": 6.751619705873186, 
        "accumulated_operating_revenue": 3082848, 
        "long_term_average": 462739, 
        "date": "2015-07-31", 
        "operating_revenue": 537739, 
        "short_term_average": 471807
    }, 
    {
        "accumulated_operating_revenue_yoy": 9.095118467664168, 
        "accumulated_operating_revenue": 3621335, 
        "long_term_average": 471649, 
        "date": "2015-08-31", 
        "operating_revenue": 538487, 
        "short_term_average": 520476
    }
]