[
    {
        "date": "2011-09-30", 
        "operating_revenue": 579515, 
        "accumulated_operating_revenue": 579515, 
        "long_term_average": 579515, 
        "short_term_average": 579515
    }, 
    {
        "date": "2011-10-31", 
        "operating_revenue": 516041, 
        "accumulated_operating_revenue": 1095556, 
        "long_term_average": 547778, 
        "short_term_average": 547778
    }, 
    {
        "date": "2011-11-30", 
        "operating_revenue": 557249, 
        "accumulated_operating_revenue": 1652805, 
        "long_term_average": 550935, 
        "short_term_average": 550935
    }, 
    {
        "date": "2011-12-31", 
        "operating_revenue": 536790, 
        "accumulated_operating_revenue": 2189595, 
        "long_term_average": 547398, 
        "short_term_average": 536693
    }, 
    {
        "date": "2012-01-31", 
        "operating_revenue": 452033, 
        "accumulated_operating_revenue": 452033, 
        "long_term_average": 528325, 
        "short_term_average": 515357
    }, 
    {
        "date": "2012-02-29", 
        "operating_revenue": 463355, 
        "accumulated_operating_revenue": 915388, 
        "long_term_average": 517497, 
        "short_term_average": 484059
    }, 
    {
        "date": "2012-03-31", 
        "operating_revenue": 513651, 
        "accumulated_operating_revenue": 1429039, 
        "long_term_average": 516947, 
        "short_term_average": 476346
    }, 
    {
        "date": "2012-04-30", 
        "operating_revenue": 598850, 
        "accumulated_operating_revenue": 2027889, 
        "long_term_average": 527185, 
        "short_term_average": 525285
    }, 
    {
        "date": "2012-05-31", 
        "operating_revenue": 565164, 
        "accumulated_operating_revenue": 2593053, 
        "long_term_average": 531405, 
        "short_term_average": 559221
    }, 
    {
        "date": "2012-06-30", 
        "operating_revenue": 593149, 
        "accumulated_operating_revenue": 3186202, 
        "long_term_average": 537579, 
        "short_term_average": 585721
    }, 
    {
        "date": "2012-07-31", 
        "operating_revenue": 543069, 
        "accumulated_operating_revenue": 3729271, 
        "long_term_average": 538078, 
        "short_term_average": 567127
    }, 
    {
        "date": "2012-08-31", 
        "operating_revenue": 628975, 
        "accumulated_operating_revenue": 4358246, 
        "long_term_average": 545653, 
        "short_term_average": 588397
    }, 
    {
        "accumulated_operating_revenue_yoy": 754.9103992131351, 
        "accumulated_operating_revenue": 4954334, 
        "long_term_average": 547034, 
        "date": "2012-09-30", 
        "operating_revenue": 596088, 
        "short_term_average": 589377
    }, 
    {
        "accumulated_operating_revenue_yoy": 407.334997024342, 
        "accumulated_operating_revenue": 5558139, 
        "long_term_average": 554348, 
        "date": "2012-10-31", 
        "operating_revenue": 603805, 
        "short_term_average": 609622
    }, 
    {
        "accumulated_operating_revenue_yoy": 273.4220915352991, 
        "accumulated_operating_revenue": 6171939, 
        "long_term_average": 559060, 
        "date": "2012-11-30", 
        "operating_revenue": 613800, 
        "short_term_average": 604564
    }, 
    {
        "accumulated_operating_revenue_yoy": 209.69001116644858, 
        "accumulated_operating_revenue": 6780957, 
        "long_term_average": 565079, 
        "date": "2012-12-31", 
        "operating_revenue": 609018, 
        "short_term_average": 608874
    }, 
    {
        "accumulated_operating_revenue_yoy": 22.70033382518533, 
        "accumulated_operating_revenue": 554646, 
        "long_term_average": 573630, 
        "date": "2013-01-31", 
        "operating_revenue": 554646, 
        "short_term_average": 592488
    }, 
    {
        "accumulated_operating_revenue_yoy": -4.7145035766254315, 
        "accumulated_operating_revenue": 872232, 
        "long_term_average": 561483, 
        "date": "2013-02-28", 
        "operating_revenue": 317586, 
        "short_term_average": 493750
    }, 
    {
        "accumulated_operating_revenue_yoy": -10.20329046303145, 
        "accumulated_operating_revenue": 1283230, 
        "long_term_average": 552929, 
        "date": "2013-03-31", 
        "operating_revenue": 410998, 
        "short_term_average": 427743
    }, 
    {
        "accumulated_operating_revenue_yoy": -11.443870941654104, 
        "accumulated_operating_revenue": 1795820, 
        "long_term_average": 545740, 
        "date": "2013-04-30", 
        "operating_revenue": 512590, 
        "short_term_average": 413724
    }, 
    {
        "accumulated_operating_revenue_yoy": -12.772434655211443, 
        "accumulated_operating_revenue": 2261857, 
        "long_term_average": 537480, 
        "date": "2013-05-31", 
        "operating_revenue": 466037, 
        "short_term_average": 463208
    }, 
    {
        "accumulated_operating_revenue_yoy": -14.925513197217253, 
        "accumulated_operating_revenue": 2710645, 
        "long_term_average": 525450, 
        "date": "2013-06-30", 
        "operating_revenue": 448788, 
        "short_term_average": 475805
    }, 
    {
        "accumulated_operating_revenue_yoy": -16.97725909433774, 
        "accumulated_operating_revenue": 3096143, 
        "long_term_average": 512319, 
        "date": "2013-07-31", 
        "operating_revenue": 385498, 
        "short_term_average": 433441
    }, 
    {
        "accumulated_operating_revenue_yoy": -17.964956544444714, 
        "accumulated_operating_revenue": 3575289, 
        "long_term_average": 499833, 
        "date": "2013-08-31", 
        "operating_revenue": 479146, 
        "short_term_average": 437810
    }, 
    {
        "accumulated_operating_revenue_yoy": -17.123007855344433, 
        "accumulated_operating_revenue": 4106003, 
        "long_term_average": 494385, 
        "date": "2013-09-30", 
        "operating_revenue": 530714, 
        "short_term_average": 465119
    }, 
    {
        "accumulated_operating_revenue_yoy": -19.36157048249423, 
        "accumulated_operating_revenue": 4481996, 
        "long_term_average": 475401, 
        "date": "2013-10-31", 
        "operating_revenue": 375993, 
        "short_term_average": 461951
    }, 
    {
        "accumulated_operating_revenue_yoy": -22.08367581079463, 
        "accumulated_operating_revenue": 4808948, 
        "long_term_average": 451497, 
        "date": "2013-11-30", 
        "operating_revenue": 326952, 
        "short_term_average": 411219
    }, 
    {
        "accumulated_operating_revenue_yoy": -22.44544538477386, 
        "accumulated_operating_revenue": 5258941, 
        "long_term_average": 438245, 
        "date": "2013-12-31", 
        "operating_revenue": 449993, 
        "short_term_average": 384312
    }, 
    {
        "accumulated_operating_revenue_yoy": -22.26988024794193, 
        "accumulated_operating_revenue": 431127, 
        "long_term_average": 427951, 
        "date": "2014-01-31", 
        "operating_revenue": 431127, 
        "short_term_average": 402690
    }, 
    {
        "accumulated_operating_revenue_yoy": -7.458910014766714, 
        "accumulated_operating_revenue": 807173, 
        "long_term_average": 432823, 
        "date": "2014-02-28", 
        "operating_revenue": 376046, 
        "short_term_average": 419055
    }, 
    {
        "accumulated_operating_revenue_yoy": -6.5324220911294155, 
        "accumulated_operating_revenue": 1199404, 
        "long_term_average": 431259, 
        "date": "2014-03-31", 
        "operating_revenue": 392231, 
        "short_term_average": 399801
    }, 
    {
        "accumulated_operating_revenue_yoy": -13.1554387410765, 
        "accumulated_operating_revenue": 1559572, 
        "long_term_average": 418557, 
        "date": "2014-04-30", 
        "operating_revenue": 360168, 
        "short_term_average": 376148
    }, 
    {
        "accumulated_operating_revenue_yoy": -12.451494502083907, 
        "accumulated_operating_revenue": 1980222, 
        "long_term_average": 414775, 
        "date": "2014-05-31", 
        "operating_revenue": 420650, 
        "short_term_average": 391016
    }, 
    {
        "accumulated_operating_revenue_yoy": -9.35729319036613, 
        "accumulated_operating_revenue": 2457002, 
        "long_term_average": 417108, 
        "date": "2014-06-30", 
        "operating_revenue": 476780, 
        "short_term_average": 419199
    }, 
    {
        "accumulated_operating_revenue_yoy": -6.145904759566983, 
        "accumulated_operating_revenue": 2905857, 
        "long_term_average": 422387, 
        "date": "2014-07-31", 
        "operating_revenue": 448855, 
        "short_term_average": 448761
    }, 
    {
        "accumulated_operating_revenue_yoy": -9.459347202421958, 
        "accumulated_operating_revenue": 3237090, 
        "long_term_average": 410061, 
        "date": "2014-08-31", 
        "operating_revenue": 331233, 
        "short_term_average": 418956
    }, 
    {
        "accumulated_operating_revenue_yoy": -11.423031108355254, 
        "accumulated_operating_revenue": 3636973, 
        "long_term_average": 399159, 
        "date": "2014-09-30", 
        "operating_revenue": 399883, 
        "short_term_average": 393323
    }, 
    {
        "accumulated_operating_revenue_yoy": -11.196060862169443, 
        "accumulated_operating_revenue": 3980189, 
        "long_term_average": 396427, 
        "date": "2014-10-31", 
        "operating_revenue": 343216, 
        "short_term_average": 358110
    }, 
    {
        "accumulated_operating_revenue_yoy": -8.88670453496274, 
        "accumulated_operating_revenue": 4381591, 
        "long_term_average": 402632, 
        "date": "2014-11-30", 
        "operating_revenue": 401402, 
        "short_term_average": 381500
    }, 
    {
        "accumulated_operating_revenue_yoy": -4.817281654234189, 
        "accumulated_operating_revenue": 5005603, 
        "long_term_average": 417133, 
        "date": "2014-12-31", 
        "operating_revenue": 624012, 
        "short_term_average": 456210
    }, 
    {
        "accumulated_operating_revenue_yoy": -19.378280645842178, 
        "accumulated_operating_revenue": 347582, 
        "long_term_average": 410171, 
        "date": "2015-01-31", 
        "operating_revenue": 347582, 
        "short_term_average": 457665
    }, 
    {
        "accumulated_operating_revenue_yoy": -22.77033547950687, 
        "accumulated_operating_revenue": 623377, 
        "long_term_average": 401817, 
        "date": "2015-02-28", 
        "operating_revenue": 275795, 
        "short_term_average": 415796
    }, 
    {
        "accumulated_operating_revenue_yoy": -12.401409366652103, 
        "accumulated_operating_revenue": 1050661, 
        "long_term_average": 404738, 
        "date": "2015-03-31", 
        "operating_revenue": 427284, 
        "short_term_average": 350220
    }, 
    {
        "accumulated_operating_revenue_yoy": -9.637708294326904, 
        "accumulated_operating_revenue": 1409265, 
        "long_term_average": 404608, 
        "date": "2015-04-30", 
        "operating_revenue": 358604, 
        "short_term_average": 353894
    }, 
    {
        "accumulated_operating_revenue_yoy": -11.843015581081314, 
        "accumulated_operating_revenue": 1745704, 
        "long_term_average": 397590, 
        "date": "2015-05-31", 
        "operating_revenue": 336439, 
        "short_term_average": 374109
    }, 
    {
        "accumulated_operating_revenue_yoy": -12.132305956608908, 
        "accumulated_operating_revenue": 2158911, 
        "long_term_average": 392292, 
        "date": "2015-06-30", 
        "operating_revenue": 413207, 
        "short_term_average": 369416
    }, 
    {
        "accumulated_operating_revenue_yoy": -13.964142075814468, 
        "accumulated_operating_revenue": 2500079, 
        "long_term_average": 383318, 
        "date": "2015-07-31", 
        "operating_revenue": 341168, 
        "short_term_average": 363604
    }, 
    {
        "accumulated_operating_revenue_yoy": -11.207813190241852, 
        "accumulated_operating_revenue": 2874283, 
        "long_term_average": 386899, 
        "date": "2015-08-31", 
        "operating_revenue": 374204, 
        "short_term_average": 376193
    }
]