[
    {
        "date": "2011-09-30", 
        "operating_revenue": 683314, 
        "accumulated_operating_revenue": 683314, 
        "long_term_average": 683314, 
        "short_term_average": 683314
    }, 
    {
        "date": "2011-10-31", 
        "operating_revenue": 846087, 
        "accumulated_operating_revenue": 1529401, 
        "long_term_average": 764700, 
        "short_term_average": 764700
    }, 
    {
        "date": "2011-11-30", 
        "operating_revenue": 851325, 
        "accumulated_operating_revenue": 2380726, 
        "long_term_average": 793575, 
        "short_term_average": 793575
    }, 
    {
        "date": "2011-12-31", 
        "operating_revenue": 488763, 
        "accumulated_operating_revenue": 2869489, 
        "long_term_average": 717372, 
        "short_term_average": 728725
    }, 
    {
        "date": "2012-01-31", 
        "operating_revenue": 421107, 
        "accumulated_operating_revenue": 421107, 
        "long_term_average": 658119, 
        "short_term_average": 587065
    }, 
    {
        "date": "2012-02-29", 
        "operating_revenue": 270378, 
        "accumulated_operating_revenue": 691485, 
        "long_term_average": 593495, 
        "short_term_average": 393416
    }, 
    {
        "date": "2012-03-31", 
        "operating_revenue": 442607, 
        "accumulated_operating_revenue": 1134092, 
        "long_term_average": 571940, 
        "short_term_average": 378030
    }, 
    {
        "date": "2012-04-30", 
        "operating_revenue": 512762, 
        "accumulated_operating_revenue": 1646854, 
        "long_term_average": 564542, 
        "short_term_average": 408582
    }, 
    {
        "date": "2012-05-31", 
        "operating_revenue": 411543, 
        "accumulated_operating_revenue": 2058397, 
        "long_term_average": 547542, 
        "short_term_average": 455637
    }, 
    {
        "date": "2012-06-30", 
        "operating_revenue": 414159, 
        "accumulated_operating_revenue": 2472556, 
        "long_term_average": 534204, 
        "short_term_average": 446154
    }, 
    {
        "date": "2012-07-31", 
        "operating_revenue": 362566, 
        "accumulated_operating_revenue": 2835122, 
        "long_term_average": 518601, 
        "short_term_average": 396089
    }, 
    {
        "date": "2012-08-31", 
        "operating_revenue": 370438, 
        "accumulated_operating_revenue": 3205560, 
        "long_term_average": 506254, 
        "short_term_average": 382387
    }, 
    {
        "accumulated_operating_revenue_yoy": 411.3553944453063, 
        "accumulated_operating_revenue": 3494163, 
        "long_term_average": 473361, 
        "date": "2012-09-30", 
        "operating_revenue": 288603, 
        "short_term_average": 340535
    }, 
    {
        "accumulated_operating_revenue_yoy": 171.14922770417962, 
        "accumulated_operating_revenue": 4146959, 
        "long_term_average": 457253, 
        "date": "2012-10-31", 
        "operating_revenue": 652796, 
        "short_term_average": 437279
    }, 
    {
        "accumulated_operating_revenue_yoy": 110.66876238592765, 
        "accumulated_operating_revenue": 5015446, 
        "long_term_average": 458684, 
        "date": "2012-11-30", 
        "operating_revenue": 868487, 
        "short_term_average": 603295
    }, 
    {
        "accumulated_operating_revenue_yoy": 104.20210706505584, 
        "accumulated_operating_revenue": 5859557, 
        "long_term_average": 488296, 
        "date": "2012-12-31", 
        "operating_revenue": 844111, 
        "short_term_average": 788464
    }, 
    {
        "accumulated_operating_revenue_yoy": 88.66725084123513, 
        "accumulated_operating_revenue": 794491, 
        "long_term_average": 519411, 
        "date": "2013-01-31", 
        "operating_revenue": 794491, 
        "short_term_average": 835696
    }, 
    {
        "accumulated_operating_revenue_yoy": 87.2986398837285, 
        "accumulated_operating_revenue": 1295142, 
        "long_term_average": 538601, 
        "date": "2013-02-28", 
        "operating_revenue": 500651, 
        "short_term_average": 713084
    }, 
    {
        "accumulated_operating_revenue_yoy": 75.31302575099727, 
        "accumulated_operating_revenue": 1988211, 
        "long_term_average": 559473, 
        "date": "2013-03-31", 
        "operating_revenue": 693069, 
        "short_term_average": 662737
    }, 
    {
        "accumulated_operating_revenue_yoy": 42.07992936835931, 
        "accumulated_operating_revenue": 2339849, 
        "long_term_average": 546046, 
        "date": "2013-04-30", 
        "operating_revenue": 351638, 
        "short_term_average": 515119
    }, 
    {
        "accumulated_operating_revenue_yoy": 33.34463662743387, 
        "accumulated_operating_revenue": 2744762, 
        "long_term_average": 545493, 
        "date": "2013-05-31", 
        "operating_revenue": 404913, 
        "short_term_average": 483206
    }, 
    {
        "accumulated_operating_revenue_yoy": 24.74265496918978, 
        "accumulated_operating_revenue": 3084332, 
        "long_term_average": 539277, 
        "date": "2013-06-30", 
        "operating_revenue": 339570, 
        "short_term_average": 365373
    }, 
    {
        "accumulated_operating_revenue_yoy": 19.43429594916903, 
        "accumulated_operating_revenue": 3386108, 
        "long_term_average": 534211, 
        "date": "2013-07-31", 
        "operating_revenue": 301776, 
        "short_term_average": 348753
    }, 
    {
        "accumulated_operating_revenue_yoy": 10.44522641909682, 
        "accumulated_operating_revenue": 3540388, 
        "long_term_average": 516198, 
        "date": "2013-08-31", 
        "operating_revenue": 154280, 
        "short_term_average": 265208
    }, 
    {
        "accumulated_operating_revenue_yoy": 4.788843565683684, 
        "accumulated_operating_revenue": 3661493, 
        "long_term_average": 502240, 
        "date": "2013-09-30", 
        "operating_revenue": 121105, 
        "short_term_average": 192387
    }, 
    {
        "accumulated_operating_revenue_yoy": -6.86773127007043, 
        "accumulated_operating_revenue": 3862157, 
        "long_term_average": 464562, 
        "date": "2013-10-31", 
        "operating_revenue": 200664, 
        "short_term_average": 158683
    }, 
    {
        "accumulated_operating_revenue_yoy": -19.395961994207493, 
        "accumulated_operating_revenue": 4042652, 
        "long_term_average": 407230, 
        "date": "2013-11-30", 
        "operating_revenue": 180495, 
        "short_term_average": 167421
    }, 
    {
        "accumulated_operating_revenue_yoy": -28.59900501010571, 
        "accumulated_operating_revenue": 4183782, 
        "long_term_average": 348648, 
        "date": "2013-12-31", 
        "operating_revenue": 141130, 
        "short_term_average": 174096
    }, 
    {
        "accumulated_operating_revenue_yoy": -70.82219937041452, 
        "accumulated_operating_revenue": 231815, 
        "long_term_average": 301758, 
        "date": "2014-01-31", 
        "operating_revenue": 231815, 
        "short_term_average": 184480
    }, 
    {
        "accumulated_operating_revenue_yoy": -67.6866320449804, 
        "accumulated_operating_revenue": 418504, 
        "long_term_average": 275595, 
        "date": "2014-02-28", 
        "operating_revenue": 186689, 
        "short_term_average": 186544
    }, 
    {
        "accumulated_operating_revenue_yoy": -66.6464977811711, 
        "accumulated_operating_revenue": 663138, 
        "long_term_average": 238225, 
        "date": "2014-03-31", 
        "operating_revenue": 244634, 
        "short_term_average": 221046
    }, 
    {
        "accumulated_operating_revenue_yoy": -61.0856939913644, 
        "accumulated_operating_revenue": 910536, 
        "long_term_average": 229539, 
        "date": "2014-04-30", 
        "operating_revenue": 247398, 
        "short_term_average": 226240
    }, 
    {
        "accumulated_operating_revenue_yoy": -56.866533418926664, 
        "accumulated_operating_revenue": 1183911, 
        "long_term_average": 218577, 
        "date": "2014-05-31", 
        "operating_revenue": 273375, 
        "short_term_average": 255135
    }, 
    {
        "accumulated_operating_revenue_yoy": -49.19353688254053, 
        "accumulated_operating_revenue": 1567040, 
        "long_term_average": 222207, 
        "date": "2014-06-30", 
        "operating_revenue": 383129, 
        "short_term_average": 301300
    }, 
    {
        "accumulated_operating_revenue_yoy": -37.54720759054348, 
        "accumulated_operating_revenue": 2114719, 
        "long_term_average": 242699, 
        "date": "2014-07-31", 
        "operating_revenue": 547679, 
        "short_term_average": 401394
    }, 
    {
        "accumulated_operating_revenue_yoy": -31.80784140043408, 
        "accumulated_operating_revenue": 2414267, 
        "long_term_average": 254805, 
        "date": "2014-08-31", 
        "operating_revenue": 299548, 
        "short_term_average": 410118
    }, 
    {
        "accumulated_operating_revenue_yoy": -28.363266022903773, 
        "accumulated_operating_revenue": 2622974, 
        "long_term_average": 262105, 
        "date": "2014-09-30", 
        "operating_revenue": 208707, 
        "short_term_average": 351978
    }, 
    {
        "accumulated_operating_revenue_yoy": -22.741488758742847, 
        "accumulated_operating_revenue": 2983845, 
        "long_term_average": 275455, 
        "date": "2014-10-31", 
        "operating_revenue": 360871, 
        "short_term_average": 289708
    }, 
    {
        "accumulated_operating_revenue_yoy": -19.768186823896787, 
        "accumulated_operating_revenue": 3243493, 
        "long_term_average": 282051, 
        "date": "2014-11-30", 
        "operating_revenue": 259648, 
        "short_term_average": 276408
    }, 
    {
        "accumulated_operating_revenue_yoy": -17.396771629114518, 
        "accumulated_operating_revenue": 3455939, 
        "long_term_average": 287994, 
        "date": "2014-12-31", 
        "operating_revenue": 212446, 
        "short_term_average": 277655
    }, 
    {
        "accumulated_operating_revenue_yoy": -35.04906930095119, 
        "accumulated_operating_revenue": 150566, 
        "long_term_average": 281224, 
        "date": "2015-01-31", 
        "operating_revenue": 150566, 
        "short_term_average": 207553
    }, 
    {
        "accumulated_operating_revenue_yoy": -27.60714353984669, 
        "accumulated_operating_revenue": 302967, 
        "long_term_average": 278366, 
        "date": "2015-02-28", 
        "operating_revenue": 152401, 
        "short_term_average": 171804
    }, 
    {
        "accumulated_operating_revenue_yoy": -20.187050055946123, 
        "accumulated_operating_revenue": 529270, 
        "long_term_average": 276839, 
        "date": "2015-03-31", 
        "operating_revenue": 226303, 
        "short_term_average": 176423
    }, 
    {
        "accumulated_operating_revenue_yoy": -9.461130586819193, 
        "accumulated_operating_revenue": 824389, 
        "long_term_average": 280816, 
        "date": "2015-04-30", 
        "operating_revenue": 295119, 
        "short_term_average": 224607
    }, 
    {
        "accumulated_operating_revenue_yoy": -1.0111401955045607, 
        "accumulated_operating_revenue": 1171940, 
        "long_term_average": 286997, 
        "date": "2015-05-31", 
        "operating_revenue": 347551, 
        "short_term_average": 289657
    }, 
    {
        "accumulated_operating_revenue_yoy": -9.210868899326117, 
        "accumulated_operating_revenue": 1422702, 
        "long_term_average": 275966, 
        "date": "2015-06-30", 
        "operating_revenue": 250762, 
        "short_term_average": 297810
    }, 
    {
        "accumulated_operating_revenue_yoy": -15.716981783395333, 
        "accumulated_operating_revenue": 1782349, 
        "long_term_average": 260297, 
        "date": "2015-07-31", 
        "operating_revenue": 359647, 
        "short_term_average": 319320
    }, 
    {
        "accumulated_operating_revenue_yoy": -14.997761225249734, 
        "accumulated_operating_revenue": 2052181, 
        "long_term_average": 257821, 
        "date": "2015-08-31", 
        "operating_revenue": 269832, 
        "short_term_average": 293413
    }, 
    {
        "accumulated_operating_revenue_yoy": -10.492860394346264, 
        "accumulated_operating_revenue": 2347749, 
        "long_term_average": 265059, 
        "date": "2015-09-30", 
        "operating_revenue": 295568, 
        "short_term_average": 308349
    }
]