[
    {
        "date": "2011-09-30", 
        "operating_revenue": 97577, 
        "accumulated_operating_revenue": 97577, 
        "long_term_average": 97577, 
        "short_term_average": 97577
    }, 
    {
        "date": "2011-10-31", 
        "operating_revenue": 74355, 
        "accumulated_operating_revenue": 171932, 
        "long_term_average": 85966, 
        "short_term_average": 85966
    }, 
    {
        "date": "2011-11-30", 
        "operating_revenue": 87625, 
        "accumulated_operating_revenue": 259557, 
        "long_term_average": 86519, 
        "short_term_average": 86519
    }, 
    {
        "date": "2011-12-31", 
        "operating_revenue": 79724, 
        "accumulated_operating_revenue": 339281, 
        "long_term_average": 84820, 
        "short_term_average": 80568
    }, 
    {
        "date": "2012-01-31", 
        "operating_revenue": 68365, 
        "accumulated_operating_revenue": 68365, 
        "long_term_average": 81529, 
        "short_term_average": 78571
    }, 
    {
        "date": "2012-02-29", 
        "operating_revenue": 88703, 
        "accumulated_operating_revenue": 157068, 
        "long_term_average": 82724, 
        "short_term_average": 78930
    }, 
    {
        "date": "2012-03-31", 
        "operating_revenue": 120800, 
        "accumulated_operating_revenue": 277868, 
        "long_term_average": 88164, 
        "short_term_average": 92622
    }, 
    {
        "date": "2012-04-30", 
        "operating_revenue": 89563, 
        "accumulated_operating_revenue": 367431, 
        "long_term_average": 88339, 
        "short_term_average": 99688
    }, 
    {
        "date": "2012-05-31", 
        "operating_revenue": 88235, 
        "accumulated_operating_revenue": 455666, 
        "long_term_average": 88327, 
        "short_term_average": 99532
    }, 
    {
        "date": "2012-06-30", 
        "operating_revenue": 75046, 
        "accumulated_operating_revenue": 530712, 
        "long_term_average": 86999, 
        "short_term_average": 84281
    }, 
    {
        "date": "2012-07-31", 
        "operating_revenue": 97401, 
        "accumulated_operating_revenue": 628113, 
        "long_term_average": 87944, 
        "short_term_average": 86894
    }, 
    {
        "date": "2012-08-31", 
        "operating_revenue": 103074, 
        "accumulated_operating_revenue": 731187, 
        "long_term_average": 89205, 
        "short_term_average": 91840
    }, 
    {
        "accumulated_operating_revenue_yoy": 775.7299363579532, 
        "accumulated_operating_revenue": 854511, 
        "long_term_average": 91351, 
        "date": "2012-09-30", 
        "operating_revenue": 123324, 
        "short_term_average": 107933
    }, 
    {
        "accumulated_operating_revenue_yoy": 467.70583719144776, 
        "accumulated_operating_revenue": 976068, 
        "long_term_average": 95284, 
        "date": "2012-10-31", 
        "operating_revenue": 121557, 
        "short_term_average": 115985
    }, 
    {
        "accumulated_operating_revenue_yoy": 328.08824265960845, 
        "accumulated_operating_revenue": 1111133, 
        "long_term_average": 99238, 
        "date": "2012-11-30", 
        "operating_revenue": 135065, 
        "short_term_average": 126648
    }, 
    {
        "accumulated_operating_revenue_yoy": 262.47800495754257, 
        "accumulated_operating_revenue": 1229819, 
        "long_term_average": 102484, 
        "date": "2012-12-31", 
        "operating_revenue": 118686, 
        "short_term_average": 125102
    }, 
    {
        "accumulated_operating_revenue_yoy": 38.806406787098666, 
        "accumulated_operating_revenue": 94895, 
        "long_term_average": 104695, 
        "date": "2013-01-31", 
        "operating_revenue": 94895, 
        "short_term_average": 116215
    }, 
    {
        "accumulated_operating_revenue_yoy": 1.4560572490895662, 
        "accumulated_operating_revenue": 159355, 
        "long_term_average": 102675, 
        "date": "2013-02-28", 
        "operating_revenue": 64460, 
        "short_term_average": 92680
    }, 
    {
        "accumulated_operating_revenue_yoy": -9.351562612463473, 
        "accumulated_operating_revenue": 251883, 
        "long_term_average": 100319, 
        "date": "2013-03-31", 
        "operating_revenue": 92528, 
        "short_term_average": 83961
    }, 
    {
        "accumulated_operating_revenue_yoy": -5.9232889984786254, 
        "accumulated_operating_revenue": 345667, 
        "long_term_average": 100671, 
        "date": "2013-04-30", 
        "operating_revenue": 93784, 
        "short_term_average": 83590
    }, 
    {
        "accumulated_operating_revenue_yoy": -7.178064635061646, 
        "accumulated_operating_revenue": 422958, 
        "long_term_average": 99759, 
        "date": "2013-05-31", 
        "operating_revenue": 77291, 
        "short_term_average": 87867
    }, 
    {
        "accumulated_operating_revenue_yoy": -7.498228794525091, 
        "accumulated_operating_revenue": 490918, 
        "long_term_average": 99168, 
        "date": "2013-06-30", 
        "operating_revenue": 67960, 
        "short_term_average": 79678
    }, 
    {
        "accumulated_operating_revenue_yoy": -12.49456706038563, 
        "accumulated_operating_revenue": 549633, 
        "long_term_average": 95944, 
        "date": "2013-07-31", 
        "operating_revenue": 58715, 
        "short_term_average": 67988
    }, 
    {
        "accumulated_operating_revenue_yoy": -14.522276791026098, 
        "accumulated_operating_revenue": 625002, 
        "long_term_average": 93636, 
        "date": "2013-08-31", 
        "operating_revenue": 75369, 
        "short_term_average": 67348
    }, 
    {
        "accumulated_operating_revenue_yoy": -19.08857814586354, 
        "accumulated_operating_revenue": 691397, 
        "long_term_average": 88892, 
        "date": "2013-09-30", 
        "operating_revenue": 66395, 
        "short_term_average": 66826
    }, 
    {
        "accumulated_operating_revenue_yoy": -22.847690939565684, 
        "accumulated_operating_revenue": 753059, 
        "long_term_average": 83900, 
        "date": "2013-10-31", 
        "operating_revenue": 61662, 
        "short_term_average": 67808
    }, 
    {
        "accumulated_operating_revenue_yoy": -26.41249967375643, 
        "accumulated_operating_revenue": 817655, 
        "long_term_average": 78028, 
        "date": "2013-11-30", 
        "operating_revenue": 64596, 
        "short_term_average": 64217
    }, 
    {
        "accumulated_operating_revenue_yoy": -28.891893847793863, 
        "accumulated_operating_revenue": 874501, 
        "long_term_average": 72875, 
        "date": "2013-12-31", 
        "operating_revenue": 56846, 
        "short_term_average": 61034
    }, 
    {
        "accumulated_operating_revenue_yoy": -62.861056957690074, 
        "accumulated_operating_revenue": 35243, 
        "long_term_average": 67904, 
        "date": "2014-01-31", 
        "operating_revenue": 35243, 
        "short_term_average": 52228
    }, 
    {
        "accumulated_operating_revenue_yoy": -58.95390794138873, 
        "accumulated_operating_revenue": 65409, 
        "long_term_average": 65046, 
        "date": "2014-02-28", 
        "operating_revenue": 30166, 
        "short_term_average": 40751
    }, 
    {
        "accumulated_operating_revenue_yoy": -49.022363557683526, 
        "accumulated_operating_revenue": 128404, 
        "long_term_average": 62585, 
        "date": "2014-03-31", 
        "operating_revenue": 62995, 
        "short_term_average": 42801
    }, 
    {
        "accumulated_operating_revenue_yoy": -43.05993919002971, 
        "accumulated_operating_revenue": 196823, 
        "long_term_average": 60471, 
        "date": "2014-04-30", 
        "operating_revenue": 68419, 
        "short_term_average": 53860
    }, 
    {
        "accumulated_operating_revenue_yoy": -38.208049026144444, 
        "accumulated_operating_revenue": 261354, 
        "long_term_average": 59408, 
        "date": "2014-05-31", 
        "operating_revenue": 64531, 
        "short_term_average": 65315
    }, 
    {
        "accumulated_operating_revenue_yoy": -34.20102746283493, 
        "accumulated_operating_revenue": 323019, 
        "long_term_average": 58883, 
        "date": "2014-06-30", 
        "operating_revenue": 61665, 
        "short_term_average": 64871
    }, 
    {
        "accumulated_operating_revenue_yoy": -30.23963262758968, 
        "accumulated_operating_revenue": 383426, 
        "long_term_average": 59024, 
        "date": "2014-07-31", 
        "operating_revenue": 60407, 
        "short_term_average": 62201
    }, 
    {
        "accumulated_operating_revenue_yoy": -27.90535070287775, 
        "accumulated_operating_revenue": 450593, 
        "long_term_average": 58341, 
        "date": "2014-08-31", 
        "operating_revenue": 67167, 
        "short_term_average": 63079
    }, 
    {
        "accumulated_operating_revenue_yoy": -22.651819432250935, 
        "accumulated_operating_revenue": 534783, 
        "long_term_average": 59823, 
        "date": "2014-09-30", 
        "operating_revenue": 84190, 
        "short_term_average": 70588
    }, 
    {
        "accumulated_operating_revenue_yoy": -16.148004339633417, 
        "accumulated_operating_revenue": 631455, 
        "long_term_average": 62741, 
        "date": "2014-10-31", 
        "operating_revenue": 96672, 
        "short_term_average": 82676
    }, 
    {
        "accumulated_operating_revenue_yoy": -11.608930416862858, 
        "accumulated_operating_revenue": 722734, 
        "long_term_average": 64965, 
        "date": "2014-11-30", 
        "operating_revenue": 91279, 
        "short_term_average": 90713
    }, 
    {
        "accumulated_operating_revenue_yoy": -4.443562671740799, 
        "accumulated_operating_revenue": 835642, 
        "long_term_average": 69636, 
        "date": "2014-12-31", 
        "operating_revenue": 112908, 
        "short_term_average": 100286
    }, 
    {
        "accumulated_operating_revenue_yoy": 181.06858099480746, 
        "accumulated_operating_revenue": 99057, 
        "long_term_average": 74954, 
        "date": "2015-01-31", 
        "operating_revenue": 99057, 
        "short_term_average": 101081
    }, 
    {
        "accumulated_operating_revenue_yoy": 119.65937409225029, 
        "accumulated_operating_revenue": 143677, 
        "long_term_average": 76159, 
        "date": "2015-02-28", 
        "operating_revenue": 44620, 
        "short_term_average": 85528
    }, 
    {
        "accumulated_operating_revenue_yoy": 70.36073642565653, 
        "accumulated_operating_revenue": 218750, 
        "long_term_average": 77165, 
        "date": "2015-03-31", 
        "operating_revenue": 75073, 
        "short_term_average": 72916
    }, 
    {
        "accumulated_operating_revenue_yoy": 59.84107548406436, 
        "accumulated_operating_revenue": 314604, 
        "long_term_average": 79451, 
        "date": "2015-04-30", 
        "operating_revenue": 95854, 
        "short_term_average": 71849
    }, 
    {
        "accumulated_operating_revenue_yoy": 63.384145641543654, 
        "accumulated_operating_revenue": 427011, 
        "long_term_average": 83441, 
        "date": "2015-05-31", 
        "operating_revenue": 112407, 
        "short_term_average": 94444
    }, 
    {
        "accumulated_operating_revenue_yoy": 69.89279268402169, 
        "accumulated_operating_revenue": 548786, 
        "long_term_average": 88450, 
        "date": "2015-06-30", 
        "operating_revenue": 121775, 
        "short_term_average": 110012
    }, 
    {
        "accumulated_operating_revenue_yoy": 76.69485115772014, 
        "accumulated_operating_revenue": 677494, 
        "long_term_average": 94142, 
        "date": "2015-07-31", 
        "operating_revenue": 128708, 
        "short_term_average": 120963
    }, 
    {
        "accumulated_operating_revenue_yoy": 75.63788163597748, 
        "accumulated_operating_revenue": 791412, 
        "long_term_average": 98038, 
        "date": "2015-08-31", 
        "operating_revenue": 113918, 
        "short_term_average": 121467
    }, 
    {
        "accumulated_operating_revenue_yoy": 69.71332297399132, 
        "accumulated_operating_revenue": 907598, 
        "long_term_average": 100704, 
        "date": "2015-09-30", 
        "operating_revenue": 116186, 
        "short_term_average": 119604
    }
]