[
    {
        "date": "2011-09-30", 
        "operating_revenue": 67627, 
        "accumulated_operating_revenue": 67627, 
        "long_term_average": 67627, 
        "short_term_average": 67627
    }, 
    {
        "date": "2011-10-31", 
        "operating_revenue": 63278, 
        "accumulated_operating_revenue": 130905, 
        "long_term_average": 65452, 
        "short_term_average": 65452
    }, 
    {
        "date": "2011-11-30", 
        "operating_revenue": 81008, 
        "accumulated_operating_revenue": 211913, 
        "long_term_average": 70637, 
        "short_term_average": 70637
    }, 
    {
        "date": "2011-12-31", 
        "operating_revenue": 68992, 
        "accumulated_operating_revenue": 280905, 
        "long_term_average": 70226, 
        "short_term_average": 71092
    }, 
    {
        "date": "2012-01-31", 
        "operating_revenue": 34155, 
        "accumulated_operating_revenue": 34155, 
        "long_term_average": 63012, 
        "short_term_average": 61385
    }, 
    {
        "date": "2012-02-29", 
        "operating_revenue": 55596, 
        "accumulated_operating_revenue": 89751, 
        "long_term_average": 61776, 
        "short_term_average": 52914
    }, 
    {
        "date": "2012-03-31", 
        "operating_revenue": 63239, 
        "accumulated_operating_revenue": 152990, 
        "long_term_average": 61985, 
        "short_term_average": 50996
    }, 
    {
        "date": "2012-04-30", 
        "operating_revenue": 52382, 
        "accumulated_operating_revenue": 205372, 
        "long_term_average": 60784, 
        "short_term_average": 57072
    }, 
    {
        "date": "2012-05-31", 
        "operating_revenue": 52839, 
        "accumulated_operating_revenue": 258211, 
        "long_term_average": 59901, 
        "short_term_average": 56153
    }, 
    {
        "date": "2012-06-30", 
        "operating_revenue": 45816, 
        "accumulated_operating_revenue": 304027, 
        "long_term_average": 58493, 
        "short_term_average": 50345
    }, 
    {
        "date": "2012-07-31", 
        "operating_revenue": 64879, 
        "accumulated_operating_revenue": 368906, 
        "long_term_average": 59073, 
        "short_term_average": 54511
    }, 
    {
        "date": "2012-08-31", 
        "operating_revenue": 53326, 
        "accumulated_operating_revenue": 422232, 
        "long_term_average": 58594, 
        "short_term_average": 54673
    }, 
    {
        "accumulated_operating_revenue_yoy": 608.2437487985568, 
        "accumulated_operating_revenue": 478964, 
        "long_term_average": 57686, 
        "date": "2012-09-30", 
        "operating_revenue": 56732, 
        "short_term_average": 58312
    }, 
    {
        "accumulated_operating_revenue_yoy": 307.67121194759557, 
        "accumulated_operating_revenue": 533662, 
        "long_term_average": 56971, 
        "date": "2012-10-31", 
        "operating_revenue": 54698, 
        "short_term_average": 54918
    }, 
    {
        "accumulated_operating_revenue_yoy": 178.22266684913149, 
        "accumulated_operating_revenue": 589590, 
        "long_term_average": 54881, 
        "date": "2012-11-30", 
        "operating_revenue": 55928, 
        "short_term_average": 55786
    }, 
    {
        "accumulated_operating_revenue_yoy": 133.52450116587457, 
        "accumulated_operating_revenue": 655982, 
        "long_term_average": 54665, 
        "date": "2012-12-31", 
        "operating_revenue": 66392, 
        "short_term_average": 59006
    }, 
    {
        "accumulated_operating_revenue_yoy": 112.59552042160739, 
        "accumulated_operating_revenue": 72612, 
        "long_term_average": 57869, 
        "date": "2013-01-31", 
        "operating_revenue": 72612, 
        "short_term_average": 64977
    }, 
    {
        "accumulated_operating_revenue_yoy": 15.520718432106605, 
        "accumulated_operating_revenue": 103681, 
        "long_term_average": 55826, 
        "date": "2013-02-28", 
        "operating_revenue": 31069, 
        "short_term_average": 56691
    }, 
    {
        "accumulated_operating_revenue_yoy": -5.418001176547486, 
        "accumulated_operating_revenue": 144701, 
        "long_term_average": 53974, 
        "date": "2013-03-31", 
        "operating_revenue": 41020, 
        "short_term_average": 48233
    }, 
    {
        "accumulated_operating_revenue_yoy": -12.644859084977506, 
        "accumulated_operating_revenue": 179403, 
        "long_term_average": 52501, 
        "date": "2013-04-30", 
        "operating_revenue": 34702, 
        "short_term_average": 35597
    }, 
    {
        "accumulated_operating_revenue_yoy": -16.20651327790063, 
        "accumulated_operating_revenue": 216364, 
        "long_term_average": 51177, 
        "date": "2013-05-31", 
        "operating_revenue": 36961, 
        "short_term_average": 37561
    }, 
    {
        "accumulated_operating_revenue_yoy": -15.07366122087841, 
        "accumulated_operating_revenue": 258199, 
        "long_term_average": 50846, 
        "date": "2013-06-30", 
        "operating_revenue": 41835, 
        "short_term_average": 37832
    }, 
    {
        "accumulated_operating_revenue_yoy": -15.38467793963774, 
        "accumulated_operating_revenue": 312151, 
        "long_term_average": 49935, 
        "date": "2013-07-31", 
        "operating_revenue": 53952, 
        "short_term_average": 44249
    }, 
    {
        "accumulated_operating_revenue_yoy": -14.181776843062583, 
        "accumulated_operating_revenue": 362352, 
        "long_term_average": 49675, 
        "date": "2013-08-31", 
        "operating_revenue": 50201, 
        "short_term_average": 48662
    }, 
    {
        "accumulated_operating_revenue_yoy": -11.814666655531521, 
        "accumulated_operating_revenue": 422376, 
        "long_term_average": 49949, 
        "date": "2013-09-30", 
        "operating_revenue": 60024, 
        "short_term_average": 54725
    }, 
    {
        "accumulated_operating_revenue_yoy": -12.130524564237287, 
        "accumulated_operating_revenue": 468926, 
        "long_term_average": 49270, 
        "date": "2013-10-31", 
        "operating_revenue": 46550, 
        "short_term_average": 52258
    }, 
    {
        "accumulated_operating_revenue_yoy": -13.236316762495973, 
        "accumulated_operating_revenue": 511550, 
        "long_term_average": 48161, 
        "date": "2013-11-30", 
        "operating_revenue": 42624, 
        "short_term_average": 49732
    }, 
    {
        "accumulated_operating_revenue_yoy": -14.834400943928339, 
        "accumulated_operating_revenue": 558671, 
        "long_term_average": 46555, 
        "date": "2013-12-31", 
        "operating_revenue": 47121, 
        "short_term_average": 45431
    }, 
    {
        "accumulated_operating_revenue_yoy": -40.30876439156062, 
        "accumulated_operating_revenue": 43343, 
        "long_term_average": 44116, 
        "date": "2014-01-31", 
        "operating_revenue": 43343, 
        "short_term_average": 44362
    }, 
    {
        "accumulated_operating_revenue_yoy": -39.48360837569082, 
        "accumulated_operating_revenue": 62744, 
        "long_term_average": 43144, 
        "date": "2014-02-28", 
        "operating_revenue": 19401, 
        "short_term_average": 36621
    }, 
    {
        "accumulated_operating_revenue_yoy": -27.800775392015257, 
        "accumulated_operating_revenue": 104473, 
        "long_term_average": 43203, 
        "date": "2014-03-31", 
        "operating_revenue": 41729, 
        "short_term_average": 34824
    }, 
    {
        "accumulated_operating_revenue_yoy": -6.317620106687179, 
        "accumulated_operating_revenue": 168069, 
        "long_term_average": 45611, 
        "date": "2014-04-30", 
        "operating_revenue": 63596, 
        "short_term_average": 41575
    }, 
    {
        "accumulated_operating_revenue_yoy": 5.934443807657466, 
        "accumulated_operating_revenue": 229204, 
        "long_term_average": 47625, 
        "date": "2014-05-31", 
        "operating_revenue": 61135, 
        "short_term_average": 55486
    }, 
    {
        "accumulated_operating_revenue_yoy": 7.4349629549301115, 
        "accumulated_operating_revenue": 277396, 
        "long_term_average": 48155, 
        "date": "2014-06-30", 
        "operating_revenue": 48192, 
        "short_term_average": 57641
    }, 
    {
        "accumulated_operating_revenue_yoy": 12.962316314860436, 
        "accumulated_operating_revenue": 352613, 
        "long_term_average": 49927, 
        "date": "2014-07-31", 
        "operating_revenue": 75217, 
        "short_term_average": 61514
    }, 
    {
        "accumulated_operating_revenue_yoy": 9.066874199673245, 
        "accumulated_operating_revenue": 395206, 
        "long_term_average": 49293, 
        "date": "2014-08-31", 
        "operating_revenue": 42593, 
        "short_term_average": 55334
    }, 
    {
        "accumulated_operating_revenue_yoy": 5.10161562209974, 
        "accumulated_operating_revenue": 443924, 
        "long_term_average": 48351, 
        "date": "2014-09-30", 
        "operating_revenue": 48718, 
        "short_term_average": 55509
    }, 
    {
        "accumulated_operating_revenue_yoy": 6.212280828958088, 
        "accumulated_operating_revenue": 498057, 
        "long_term_average": 48983, 
        "date": "2014-10-31", 
        "operating_revenue": 54133, 
        "short_term_average": 48481
    }, 
    {
        "accumulated_operating_revenue_yoy": 8.656045352360472, 
        "accumulated_operating_revenue": 555830, 
        "long_term_average": 50245, 
        "date": "2014-11-30", 
        "operating_revenue": 57773, 
        "short_term_average": 53541
    }, 
    {
        "accumulated_operating_revenue_yoy": 11.476163967701922, 
        "accumulated_operating_revenue": 622785, 
        "long_term_average": 51898, 
        "date": "2014-12-31", 
        "operating_revenue": 66955, 
        "short_term_average": 59620
    }, 
    {
        "accumulated_operating_revenue_yoy": 21.262949034446162, 
        "accumulated_operating_revenue": 52559, 
        "long_term_average": 52666, 
        "date": "2015-01-31", 
        "operating_revenue": 52559, 
        "short_term_average": 59095
    }, 
    {
        "accumulated_operating_revenue_yoy": 21.83794466403162, 
        "accumulated_operating_revenue": 76446, 
        "long_term_average": 53040, 
        "date": "2015-02-28", 
        "operating_revenue": 23887, 
        "short_term_average": 47800
    }, 
    {
        "accumulated_operating_revenue_yoy": 10.102131651240033, 
        "accumulated_operating_revenue": 115027, 
        "long_term_average": 52778, 
        "date": "2015-03-31", 
        "operating_revenue": 38581, 
        "short_term_average": 38342
    }, 
    {
        "accumulated_operating_revenue_yoy": -0.3218916040435773, 
        "accumulated_operating_revenue": 167528, 
        "long_term_average": 51853, 
        "date": "2015-04-30", 
        "operating_revenue": 52501, 
        "short_term_average": 38323
    }, 
    {
        "accumulated_operating_revenue_yoy": -3.626463761539938, 
        "accumulated_operating_revenue": 220892, 
        "long_term_average": 51206, 
        "date": "2015-05-31", 
        "operating_revenue": 53364, 
        "short_term_average": 48148
    }, 
    {
        "accumulated_operating_revenue_yoy": -1.8821468225929716, 
        "accumulated_operating_revenue": 272175, 
        "long_term_average": 51463, 
        "date": "2015-06-30", 
        "operating_revenue": 51283, 
        "short_term_average": 52382
    }, 
    {
        "accumulated_operating_revenue_yoy": 0.20163748925876246, 
        "accumulated_operating_revenue": 353324, 
        "long_term_average": 51958, 
        "date": "2015-07-31", 
        "operating_revenue": 81149, 
        "short_term_average": 61932
    }, 
    {
        "accumulated_operating_revenue_yoy": 10.51578164299125, 
        "accumulated_operating_revenue": 436765, 
        "long_term_average": 55362, 
        "date": "2015-08-31", 
        "operating_revenue": 83441, 
        "short_term_average": 71957
    }, 
    {
        "accumulated_operating_revenue_yoy": 29.391742730737697, 
        "accumulated_operating_revenue": 574401, 
        "long_term_average": 62771, 
        "date": "2015-09-30", 
        "operating_revenue": 137636, 
        "short_term_average": 100742
    }, 
    {
        "accumulated_operating_revenue_yoy": 36.46008388598092, 
        "accumulated_operating_revenue": 679649, 
        "long_term_average": 67031, 
        "date": "2015-10-31", 
        "operating_revenue": 105248, 
        "short_term_average": 108775
    }
]