[
    {
        "date": "2012-01-31", 
        "operating_revenue": 1179265, 
        "accumulated_operating_revenue": 1179265, 
        "long_term_average": 1179265, 
        "short_term_average": 1179265
    }, 
    {
        "date": "2012-02-29", 
        "operating_revenue": 1180137, 
        "accumulated_operating_revenue": 2359402, 
        "long_term_average": 1179701, 
        "short_term_average": 1179701
    }, 
    {
        "date": "2012-03-31", 
        "operating_revenue": 1424292, 
        "accumulated_operating_revenue": 3783694, 
        "long_term_average": 1261231, 
        "short_term_average": 1261231
    }, 
    {
        "date": "2012-04-30", 
        "operating_revenue": 1480402, 
        "accumulated_operating_revenue": 5264096, 
        "long_term_average": 1316024, 
        "short_term_average": 1361610
    }, 
    {
        "date": "2012-05-31", 
        "operating_revenue": 1366563, 
        "accumulated_operating_revenue": 6630659, 
        "long_term_average": 1326131, 
        "short_term_average": 1423752
    }, 
    {
        "date": "2012-06-30", 
        "operating_revenue": 1484334, 
        "accumulated_operating_revenue": 8114993, 
        "long_term_average": 1352498, 
        "short_term_average": 1443766
    }, 
    {
        "date": "2012-07-31", 
        "operating_revenue": 1411658, 
        "accumulated_operating_revenue": 9526651, 
        "long_term_average": 1360950, 
        "short_term_average": 1420851
    }, 
    {
        "date": "2012-08-31", 
        "operating_revenue": 1230121, 
        "accumulated_operating_revenue": 10756772, 
        "long_term_average": 1344596, 
        "short_term_average": 1375371
    }, 
    {
        "date": "2012-09-30", 
        "operating_revenue": 741788, 
        "accumulated_operating_revenue": 11498560, 
        "long_term_average": 1277617, 
        "short_term_average": 1127855
    }, 
    {
        "date": "2012-10-31", 
        "operating_revenue": 820430, 
        "accumulated_operating_revenue": 12318990, 
        "long_term_average": 1231899, 
        "short_term_average": 930779
    }, 
    {
        "date": "2012-11-30", 
        "operating_revenue": 870141, 
        "accumulated_operating_revenue": 13189131, 
        "long_term_average": 1199011, 
        "short_term_average": 810786
    }, 
    {
        "date": "2012-12-31", 
        "operating_revenue": 777096, 
        "accumulated_operating_revenue": 13966227, 
        "long_term_average": 1163852, 
        "short_term_average": 822555
    }, 
    {
        "accumulated_operating_revenue_yoy": -25.610104599051102, 
        "accumulated_operating_revenue": 877254, 
        "long_term_average": 1138684, 
        "date": "2013-01-31", 
        "operating_revenue": 877254, 
        "short_term_average": 841497
    }, 
    {
        "accumulated_operating_revenue_yoy": -26.15010074586696, 
        "accumulated_operating_revenue": 1742416, 
        "long_term_average": 1112436, 
        "date": "2013-02-28", 
        "operating_revenue": 865162, 
        "short_term_average": 839837
    }, 
    {
        "accumulated_operating_revenue_yoy": -24.93618670008727, 
        "accumulated_operating_revenue": 2840185, 
        "long_term_average": 1085226, 
        "date": "2013-03-31", 
        "operating_revenue": 1097769, 
        "short_term_average": 946728
    }, 
    {
        "accumulated_operating_revenue_yoy": -24.60317972924506, 
        "accumulated_operating_revenue": 3968961, 
        "long_term_average": 1055924, 
        "date": "2013-04-30", 
        "operating_revenue": 1128776, 
        "short_term_average": 1030569
    }, 
    {
        "accumulated_operating_revenue_yoy": -19.979718456340464, 
        "accumulated_operating_revenue": 5305872, 
        "long_term_average": 1053453, 
        "date": "2013-05-31", 
        "operating_revenue": 1336911, 
        "short_term_average": 1187818
    }, 
    {
        "accumulated_operating_revenue_yoy": -17.62010145911401, 
        "accumulated_operating_revenue": 6685123, 
        "long_term_average": 1044696, 
        "date": "2013-06-30", 
        "operating_revenue": 1379251, 
        "short_term_average": 1281646
    }, 
    {
        "accumulated_operating_revenue_yoy": -15.218537973103036, 
        "accumulated_operating_revenue": 8076834, 
        "long_term_average": 1043034, 
        "date": "2013-07-31", 
        "operating_revenue": 1391711, 
        "short_term_average": 1369291
    }, 
    {
        "accumulated_operating_revenue_yoy": -12.457510487346948, 
        "accumulated_operating_revenue": 9416746, 
        "long_term_average": 1052183, 
        "date": "2013-08-31", 
        "operating_revenue": 1339912, 
        "short_term_average": 1370291
    }, 
    {
        "accumulated_operating_revenue_yoy": -6.226857971780815, 
        "accumulated_operating_revenue": 10782561, 
        "long_term_average": 1104185, 
        "date": "2013-09-30", 
        "operating_revenue": 1365815, 
        "short_term_average": 1365812
    }, 
    {
        "accumulated_operating_revenue_yoy": -0.2707770685746153, 
        "accumulated_operating_revenue": 12285633, 
        "long_term_average": 1161072, 
        "date": "2013-10-31", 
        "operating_revenue": 1503072, 
        "short_term_average": 1402933
    }, 
    {
        "accumulated_operating_revenue_yoy": 3.870694740995445, 
        "accumulated_operating_revenue": 13699642, 
        "long_term_average": 1206394, 
        "date": "2013-11-30", 
        "operating_revenue": 1414009, 
        "short_term_average": 1427632
    }, 
    {
        "accumulated_operating_revenue_yoy": 8.100992487090465, 
        "accumulated_operating_revenue": 15097630, 
        "long_term_average": 1258135, 
        "date": "2013-12-31", 
        "operating_revenue": 1397988, 
        "short_term_average": 1438356
    }, 
    {
        "accumulated_operating_revenue_yoy": 55.23348995843848, 
        "accumulated_operating_revenue": 1361792, 
        "long_term_average": 1298514, 
        "date": "2014-01-31", 
        "operating_revenue": 1361792, 
        "short_term_average": 1391263
    }, 
    {
        "accumulated_operating_revenue_yoy": 49.97090247105169, 
        "accumulated_operating_revenue": 2613117, 
        "long_term_average": 1330694, 
        "date": "2014-02-28", 
        "operating_revenue": 1251325, 
        "short_term_average": 1337035
    }, 
    {
        "accumulated_operating_revenue_yoy": 50.95527227979868, 
        "accumulated_operating_revenue": 4287409, 
        "long_term_average": 1378737, 
        "date": "2014-03-31", 
        "operating_revenue": 1674292, 
        "short_term_average": 1429136
    }, 
    {
        "accumulated_operating_revenue_yoy": 52.09988205981364, 
        "accumulated_operating_revenue": 6036785, 
        "long_term_average": 1430454, 
        "date": "2014-04-30", 
        "operating_revenue": 1749376, 
        "short_term_average": 1558331
    }, 
    {
        "accumulated_operating_revenue_yoy": 45.90740221399989, 
        "accumulated_operating_revenue": 7741660, 
        "long_term_average": 1461118, 
        "date": "2014-05-31", 
        "operating_revenue": 1704875, 
        "short_term_average": 1709514
    }, 
    {
        "accumulated_operating_revenue_yoy": 29.524064104729263, 
        "accumulated_operating_revenue": 8658843, 
        "long_term_average": 1422612, 
        "date": "2014-06-30", 
        "operating_revenue": 917183, 
        "short_term_average": 1457144
    }, 
    {
        "accumulated_operating_revenue_yoy": 19.367390737509275, 
        "accumulated_operating_revenue": 9641106, 
        "long_term_average": 1388491, 
        "date": "2014-07-31", 
        "operating_revenue": 982263, 
        "short_term_average": 1201440
    }, 
    {
        "accumulated_operating_revenue_yoy": 11.607969462062586, 
        "accumulated_operating_revenue": 10509839, 
        "long_term_average": 1349226, 
        "date": "2014-08-31", 
        "operating_revenue": 868733, 
        "short_term_average": 922726
    }, 
    {
        "accumulated_operating_revenue_yoy": 7.242657843530864, 
        "accumulated_operating_revenue": 11563505, 
        "long_term_average": 1323214, 
        "date": "2014-09-30", 
        "operating_revenue": 1053666, 
        "short_term_average": 968220
    }, 
    {
        "accumulated_operating_revenue_yoy": 1.4774086121569805, 
        "accumulated_operating_revenue": 12467142, 
        "long_term_average": 1273261, 
        "date": "2014-10-31", 
        "operating_revenue": 903637, 
        "short_term_average": 942012
    }, 
    {
        "accumulated_operating_revenue_yoy": 2.102011132845661, 
        "accumulated_operating_revenue": 13987610, 
        "long_term_average": 1282133, 
        "date": "2014-11-30", 
        "operating_revenue": 1520468, 
        "short_term_average": 1159257
    }, 
    {
        "accumulated_operating_revenue_yoy": 3.111852655019364, 
        "accumulated_operating_revenue": 15567446, 
        "long_term_average": 1297287, 
        "date": "2014-12-31", 
        "operating_revenue": 1579836, 
        "short_term_average": 1334647
    }, 
    {
        "accumulated_operating_revenue_yoy": -18.59476337061754, 
        "accumulated_operating_revenue": 1108570, 
        "long_term_average": 1276185, 
        "date": "2015-01-31", 
        "operating_revenue": 1108570, 
        "short_term_average": 1402958
    }, 
    {
        "accumulated_operating_revenue_yoy": -14.238665930381227, 
        "accumulated_operating_revenue": 2241044, 
        "long_term_average": 1266281, 
        "date": "2015-02-28", 
        "operating_revenue": 1132474, 
        "short_term_average": 1273626
    }, 
    {
        "accumulated_operating_revenue_yoy": -28.320787683190478, 
        "accumulated_operating_revenue": 3073181, 
        "long_term_average": 1196101, 
        "date": "2015-03-31", 
        "operating_revenue": 832137, 
        "short_term_average": 1024393
    }, 
    {
        "accumulated_operating_revenue_yoy": -27.72281934837832, 
        "accumulated_operating_revenue": 4363218, 
        "long_term_average": 1157823, 
        "date": "2015-04-30", 
        "operating_revenue": 1290037, 
        "short_term_average": 1084882
    }, 
    {
        "accumulated_operating_revenue_yoy": -27.689100270484623, 
        "accumulated_operating_revenue": 5598064, 
        "long_term_average": 1118654, 
        "date": "2015-05-31", 
        "operating_revenue": 1234846, 
        "short_term_average": 1119006
    }, 
    {
        "accumulated_operating_revenue_yoy": -18.866723879853232, 
        "accumulated_operating_revenue": 7025203, 
        "long_term_average": 1161150, 
        "date": "2015-06-30", 
        "operating_revenue": 1427139, 
        "short_term_average": 1317340
    }, 
    {
        "accumulated_operating_revenue_yoy": -11.7922570294321, 
        "accumulated_operating_revenue": 8504202, 
        "long_term_average": 1202545, 
        "date": "2015-07-31", 
        "operating_revenue": 1478999, 
        "short_term_average": 1380328
    }, 
    {
        "accumulated_operating_revenue_yoy": -5.426629275672063, 
        "accumulated_operating_revenue": 9939509, 
        "long_term_average": 1249759, 
        "date": "2015-08-31", 
        "operating_revenue": 1435307, 
        "short_term_average": 1447148
    }, 
    {
        "accumulated_operating_revenue_yoy": -2.0501655856074783, 
        "accumulated_operating_revenue": 11326434, 
        "long_term_average": 1277531, 
        "date": "2015-09-30", 
        "operating_revenue": 1386925, 
        "short_term_average": 1433743
    }, 
    {
        "accumulated_operating_revenue_yoy": 2.040796519362657, 
        "accumulated_operating_revenue": 12721571, 
        "long_term_average": 1318489, 
        "date": "2015-10-31", 
        "operating_revenue": 1395137, 
        "short_term_average": 1405789
    }
]