[
    {
        "date": "2011-09-30", 
        "operating_revenue": 1066476, 
        "accumulated_operating_revenue": 1066476, 
        "long_term_average": 1066476, 
        "short_term_average": 1066476
    }, 
    {
        "date": "2011-10-31", 
        "operating_revenue": 1013114, 
        "accumulated_operating_revenue": 2079590, 
        "long_term_average": 1039795, 
        "short_term_average": 1039795
    }, 
    {
        "date": "2011-11-30", 
        "operating_revenue": 963660, 
        "accumulated_operating_revenue": 3043250, 
        "long_term_average": 1014416, 
        "short_term_average": 1014416
    }, 
    {
        "date": "2011-12-31", 
        "operating_revenue": 734036, 
        "accumulated_operating_revenue": 3777286, 
        "long_term_average": 944321, 
        "short_term_average": 903603
    }, 
    {
        "date": "2012-01-31", 
        "operating_revenue": 748878, 
        "accumulated_operating_revenue": 748878, 
        "long_term_average": 905232, 
        "short_term_average": 815524
    }, 
    {
        "date": "2012-02-29", 
        "operating_revenue": 925252, 
        "accumulated_operating_revenue": 1674130, 
        "long_term_average": 908569, 
        "short_term_average": 802722
    }, 
    {
        "date": "2012-03-31", 
        "operating_revenue": 1043029, 
        "accumulated_operating_revenue": 2717159, 
        "long_term_average": 927777, 
        "short_term_average": 905719
    }, 
    {
        "date": "2012-04-30", 
        "operating_revenue": 656212, 
        "accumulated_operating_revenue": 3373371, 
        "long_term_average": 893832, 
        "short_term_average": 874831
    }, 
    {
        "date": "2012-05-31", 
        "operating_revenue": 848116, 
        "accumulated_operating_revenue": 4221487, 
        "long_term_average": 888752, 
        "short_term_average": 849119
    }, 
    {
        "date": "2012-06-30", 
        "operating_revenue": 766540, 
        "accumulated_operating_revenue": 4988027, 
        "long_term_average": 876531, 
        "short_term_average": 756956
    }, 
    {
        "date": "2012-07-31", 
        "operating_revenue": 879090, 
        "accumulated_operating_revenue": 5867117, 
        "long_term_average": 876763, 
        "short_term_average": 831248
    }, 
    {
        "date": "2012-08-31", 
        "operating_revenue": 1024920, 
        "accumulated_operating_revenue": 6892037, 
        "long_term_average": 889110, 
        "short_term_average": 890183
    }, 
    {
        "accumulated_operating_revenue_yoy": 647.4878009444188, 
        "accumulated_operating_revenue": 7971778, 
        "long_term_average": 890215, 
        "date": "2012-09-30", 
        "operating_revenue": 1079741, 
        "short_term_average": 994583
    }, 
    {
        "accumulated_operating_revenue_yoy": 327.17559711289243, 
        "accumulated_operating_revenue": 8883501, 
        "long_term_average": 881766, 
        "date": "2012-10-31", 
        "operating_revenue": 911723, 
        "short_term_average": 1005461
    }, 
    {
        "accumulated_operating_revenue_yoy": 224.300928283907, 
        "accumulated_operating_revenue": 9869288, 
        "long_term_average": 883610, 
        "date": "2012-11-30", 
        "operating_revenue": 985787, 
        "short_term_average": 992417
    }, 
    {
        "accumulated_operating_revenue_yoy": 182.77509301652032, 
        "accumulated_operating_revenue": 10681224, 
        "long_term_average": 890102, 
        "date": "2012-12-31", 
        "operating_revenue": 811936, 
        "short_term_average": 903148
    }, 
    {
        "accumulated_operating_revenue_yoy": 69.79240944452901, 
        "accumulated_operating_revenue": 1271538, 
        "long_term_average": 933657, 
        "date": "2013-01-31", 
        "operating_revenue": 1271538, 
        "short_term_average": 1023087
    }, 
    {
        "accumulated_operating_revenue_yoy": 23.086916786629473, 
        "accumulated_operating_revenue": 2060635, 
        "long_term_average": 922310, 
        "date": "2013-02-28", 
        "operating_revenue": 789097, 
        "short_term_average": 957523
    }, 
    {
        "accumulated_operating_revenue_yoy": 9.506878324014163, 
        "accumulated_operating_revenue": 2975476, 
        "long_term_average": 911628, 
        "date": "2013-03-31", 
        "operating_revenue": 914841, 
        "short_term_average": 991825
    }, 
    {
        "accumulated_operating_revenue_yoy": 8.463344233409252, 
        "accumulated_operating_revenue": 3658871, 
        "long_term_average": 913893, 
        "date": "2013-04-30", 
        "operating_revenue": 683395, 
        "short_term_average": 795777
    }, 
    {
        "accumulated_operating_revenue_yoy": 8.365156637933506, 
        "accumulated_operating_revenue": 4574621, 
        "long_term_average": 919529, 
        "date": "2013-05-31", 
        "operating_revenue": 915750, 
        "short_term_average": 837995
    }, 
    {
        "accumulated_operating_revenue_yoy": 5.364706325767683, 
        "accumulated_operating_revenue": 5255620, 
        "long_term_average": 912401, 
        "date": "2013-06-30", 
        "operating_revenue": 680999, 
        "short_term_average": 760048
    }, 
    {
        "accumulated_operating_revenue_yoy": 2.971629848186085, 
        "accumulated_operating_revenue": 6041466, 
        "long_term_average": 904631, 
        "date": "2013-07-31", 
        "operating_revenue": 785846, 
        "short_term_average": 794198
    }, 
    {
        "accumulated_operating_revenue_yoy": 0.9612252516926418, 
        "accumulated_operating_revenue": 6958285, 
        "long_term_average": 895622, 
        "date": "2013-08-31", 
        "operating_revenue": 916819, 
        "short_term_average": 794554
    }, 
    {
        "accumulated_operating_revenue_yoy": -0.7708945231540567, 
        "accumulated_operating_revenue": 7910324, 
        "long_term_average": 884980, 
        "date": "2013-09-30", 
        "operating_revenue": 952039, 
        "short_term_average": 884901
    }, 
    {
        "accumulated_operating_revenue_yoy": -1.6937016160633065, 
        "accumulated_operating_revenue": 8733041, 
        "long_term_average": 877563, 
        "date": "2013-10-31", 
        "operating_revenue": 822717, 
        "short_term_average": 897191
    }, 
    {
        "accumulated_operating_revenue_yoy": -2.5591917066357777, 
        "accumulated_operating_revenue": 9616714, 
        "long_term_average": 869054, 
        "date": "2013-11-30", 
        "operating_revenue": 883673, 
        "short_term_average": 886143
    }, 
    {
        "accumulated_operating_revenue_yoy": -2.4510861302038043, 
        "accumulated_operating_revenue": 10419418, 
        "long_term_average": 868284, 
        "date": "2013-12-31", 
        "operating_revenue": 802704, 
        "short_term_average": 836364
    }, 
    {
        "accumulated_operating_revenue_yoy": -20.602215584591256, 
        "accumulated_operating_revenue": 1009573, 
        "long_term_average": 846454, 
        "date": "2014-01-31", 
        "operating_revenue": 1009573, 
        "short_term_average": 898650
    }, 
    {
        "accumulated_operating_revenue_yoy": -15.810563248707316, 
        "accumulated_operating_revenue": 1734837, 
        "long_term_average": 841135, 
        "date": "2014-02-28", 
        "operating_revenue": 725264, 
        "short_term_average": 845847
    }, 
    {
        "accumulated_operating_revenue_yoy": -10.856145369682027, 
        "accumulated_operating_revenue": 2652454, 
        "long_term_average": 841366, 
        "date": "2014-03-31", 
        "operating_revenue": 917617, 
        "short_term_average": 884151
    }, 
    {
        "accumulated_operating_revenue_yoy": -6.800349069426061, 
        "accumulated_operating_revenue": 3410055, 
        "long_term_average": 847550, 
        "date": "2014-04-30", 
        "operating_revenue": 757601, 
        "short_term_average": 800160
    }, 
    {
        "accumulated_operating_revenue_yoy": -11.624394676630043, 
        "accumulated_operating_revenue": 4042849, 
        "long_term_average": 823970, 
        "date": "2014-05-31", 
        "operating_revenue": 632794, 
        "short_term_average": 769337
    }, 
    {
        "accumulated_operating_revenue_yoy": -11.523835437113034, 
        "accumulated_operating_revenue": 4649971, 
        "long_term_average": 817814, 
        "date": "2014-06-30", 
        "operating_revenue": 607122, 
        "short_term_average": 665839
    }, 
    {
        "accumulated_operating_revenue_yoy": -11.111508365684752, 
        "accumulated_operating_revenue": 5370168, 
        "long_term_average": 812343, 
        "date": "2014-07-31", 
        "operating_revenue": 720197, 
        "short_term_average": 653371
    }, 
    {
        "accumulated_operating_revenue_yoy": -12.17255401295003, 
        "accumulated_operating_revenue": 6111284, 
        "long_term_average": 797701, 
        "date": "2014-08-31", 
        "operating_revenue": 741116, 
        "short_term_average": 689478
    }, 
    {
        "accumulated_operating_revenue_yoy": -11.856758332528477, 
        "accumulated_operating_revenue": 6972416, 
        "long_term_average": 790125, 
        "date": "2014-09-30", 
        "operating_revenue": 861132, 
        "short_term_average": 774148
    }, 
    {
        "accumulated_operating_revenue_yoy": -11.633267266236356, 
        "accumulated_operating_revenue": 7717103, 
        "long_term_average": 783623, 
        "date": "2014-10-31", 
        "operating_revenue": 744687, 
        "short_term_average": 782311
    }, 
    {
        "accumulated_operating_revenue_yoy": -12.924373127868833, 
        "accumulated_operating_revenue": 8373814, 
        "long_term_average": 764709, 
        "date": "2014-11-30", 
        "operating_revenue": 656711, 
        "short_term_average": 754176
    }, 
    {
        "accumulated_operating_revenue_yoy": -14.119224317519464, 
        "accumulated_operating_revenue": 8948277, 
        "long_term_average": 745689, 
        "date": "2014-12-31", 
        "operating_revenue": 574463, 
        "short_term_average": 658620
    }, 
    {
        "accumulated_operating_revenue_yoy": -30.952888003145883, 
        "accumulated_operating_revenue": 697081, 
        "long_term_average": 719648, 
        "date": "2015-01-31", 
        "operating_revenue": 697081, 
        "short_term_average": 642751
    }, 
    {
        "accumulated_operating_revenue_yoy": -30.732339695314316, 
        "accumulated_operating_revenue": 1201681, 
        "long_term_average": 701260, 
        "date": "2015-02-28", 
        "operating_revenue": 504600, 
        "short_term_average": 592048
    }, 
    {
        "accumulated_operating_revenue_yoy": -30.70662111388171, 
        "accumulated_operating_revenue": 1837975, 
        "long_term_average": 677816, 
        "date": "2015-03-31", 
        "operating_revenue": 636294, 
        "short_term_average": 612658
    }, 
    {
        "accumulated_operating_revenue_yoy": -30.653493858603454, 
        "accumulated_operating_revenue": 2364754, 
        "long_term_average": 658581, 
        "date": "2015-04-30", 
        "operating_revenue": 526779, 
        "short_term_average": 555891
    }, 
    {
        "accumulated_operating_revenue_yoy": -29.997929677808894, 
        "accumulated_operating_revenue": 2830078, 
        "long_term_average": 644625, 
        "date": "2015-05-31", 
        "operating_revenue": 465324, 
        "short_term_average": 542799
    }, 
    {
        "accumulated_operating_revenue_yoy": -28.14299271973954, 
        "accumulated_operating_revenue": 3341330, 
        "long_term_average": 636636, 
        "date": "2015-06-30", 
        "operating_revenue": 511252, 
        "short_term_average": 501118
    }, 
    {
        "accumulated_operating_revenue_yoy": -27.574034927771347, 
        "accumulated_operating_revenue": 3889396, 
        "long_term_average": 622292, 
        "date": "2015-07-31", 
        "operating_revenue": 548066, 
        "short_term_average": 508214
    }, 
    {
        "accumulated_operating_revenue_yoy": -26.25436814914836, 
        "accumulated_operating_revenue": 4506805, 
        "long_term_average": 611983, 
        "date": "2015-08-31", 
        "operating_revenue": 617409, 
        "short_term_average": 558909
    }, 
    {
        "accumulated_operating_revenue_yoy": -25.232846118189162, 
        "accumulated_operating_revenue": 5213077, 
        "long_term_average": 599078, 
        "date": "2015-09-30", 
        "operating_revenue": 706272, 
        "short_term_average": 623915
    }
]