[
    {
        "date": "2011-09-30", 
        "operating_revenue": 97611, 
        "accumulated_operating_revenue": 97611, 
        "long_term_average": 97611, 
        "short_term_average": 97611
    }, 
    {
        "date": "2011-10-31", 
        "operating_revenue": 97222, 
        "accumulated_operating_revenue": 194833, 
        "long_term_average": 97416, 
        "short_term_average": 97416
    }, 
    {
        "date": "2011-11-30", 
        "operating_revenue": 112204, 
        "accumulated_operating_revenue": 307037, 
        "long_term_average": 102345, 
        "short_term_average": 102345
    }, 
    {
        "date": "2011-12-31", 
        "operating_revenue": 118464, 
        "accumulated_operating_revenue": 425501, 
        "long_term_average": 106375, 
        "short_term_average": 109296
    }, 
    {
        "date": "2012-01-31", 
        "operating_revenue": 69705, 
        "accumulated_operating_revenue": 69705, 
        "long_term_average": 99041, 
        "short_term_average": 100124
    }, 
    {
        "date": "2012-02-29", 
        "operating_revenue": 79010, 
        "accumulated_operating_revenue": 148715, 
        "long_term_average": 95702, 
        "short_term_average": 89059
    }, 
    {
        "date": "2012-03-31", 
        "operating_revenue": 90365, 
        "accumulated_operating_revenue": 239080, 
        "long_term_average": 94940, 
        "short_term_average": 79693
    }, 
    {
        "date": "2012-04-30", 
        "operating_revenue": 82106, 
        "accumulated_operating_revenue": 321186, 
        "long_term_average": 93335, 
        "short_term_average": 83827
    }, 
    {
        "date": "2012-05-31", 
        "operating_revenue": 90277, 
        "accumulated_operating_revenue": 411463, 
        "long_term_average": 92996, 
        "short_term_average": 87582
    }, 
    {
        "date": "2012-06-30", 
        "operating_revenue": 84629, 
        "accumulated_operating_revenue": 496092, 
        "long_term_average": 92159, 
        "short_term_average": 85670
    }, 
    {
        "date": "2012-07-31", 
        "operating_revenue": 85848, 
        "accumulated_operating_revenue": 581940, 
        "long_term_average": 91585, 
        "short_term_average": 86918
    }, 
    {
        "date": "2012-08-31", 
        "operating_revenue": 85902, 
        "accumulated_operating_revenue": 667842, 
        "long_term_average": 91111, 
        "short_term_average": 85459
    }, 
    {
        "accumulated_operating_revenue_yoy": 672.0513056930059, 
        "accumulated_operating_revenue": 753607, 
        "long_term_average": 90124, 
        "date": "2012-09-30", 
        "operating_revenue": 85765, 
        "short_term_average": 85838
    }, 
    {
        "accumulated_operating_revenue_yoy": 324.46300164756485, 
        "accumulated_operating_revenue": 826994, 
        "long_term_average": 88138, 
        "date": "2012-10-31", 
        "operating_revenue": 73387, 
        "short_term_average": 81684
    }, 
    {
        "accumulated_operating_revenue_yoy": 195.8825809267287, 
        "accumulated_operating_revenue": 908469, 
        "long_term_average": 85577, 
        "date": "2012-11-30", 
        "operating_revenue": 81475, 
        "short_term_average": 80209
    }, 
    {
        "accumulated_operating_revenue_yoy": 129.87114013833104, 
        "accumulated_operating_revenue": 978104, 
        "long_term_average": 81508, 
        "date": "2012-12-31", 
        "operating_revenue": 69635, 
        "short_term_average": 74832
    }, 
    {
        "accumulated_operating_revenue_yoy": 47.74980274011907, 
        "accumulated_operating_revenue": 102989, 
        "long_term_average": 84282, 
        "date": "2013-01-31", 
        "operating_revenue": 102989, 
        "short_term_average": 84699
    }, 
    {
        "accumulated_operating_revenue_yoy": 5.540127088726759, 
        "accumulated_operating_revenue": 156954, 
        "long_term_average": 82195, 
        "date": "2013-02-28", 
        "operating_revenue": 53965, 
        "short_term_average": 75529
    }, 
    {
        "accumulated_operating_revenue_yoy": 0.7675255144721432, 
        "accumulated_operating_revenue": 240915, 
        "long_term_average": 81661, 
        "date": "2013-03-31", 
        "operating_revenue": 83961, 
        "short_term_average": 80305
    }, 
    {
        "accumulated_operating_revenue_yoy": 5.595200288929156, 
        "accumulated_operating_revenue": 339157, 
        "long_term_average": 83006, 
        "date": "2013-04-30", 
        "operating_revenue": 98242, 
        "short_term_average": 78722
    }, 
    {
        "accumulated_operating_revenue_yoy": 10.550887929169816, 
        "accumulated_operating_revenue": 454876, 
        "long_term_average": 85126, 
        "date": "2013-05-31", 
        "operating_revenue": 115719, 
        "short_term_average": 99307
    }, 
    {
        "accumulated_operating_revenue_yoy": 17.740862581940448, 
        "accumulated_operating_revenue": 584103, 
        "long_term_average": 88842, 
        "date": "2013-06-30", 
        "operating_revenue": 129227, 
        "short_term_average": 114396
    }, 
    {
        "accumulated_operating_revenue_yoy": 22.543733030896657, 
        "accumulated_operating_revenue": 713131, 
        "long_term_average": 92441, 
        "date": "2013-07-31", 
        "operating_revenue": 129028, 
        "short_term_average": 124658
    }, 
    {
        "accumulated_operating_revenue_yoy": 23.89607122642781, 
        "accumulated_operating_revenue": 827430, 
        "long_term_average": 94807, 
        "date": "2013-08-31", 
        "operating_revenue": 114299, 
        "short_term_average": 124184
    }, 
    {
        "accumulated_operating_revenue_yoy": 23.91538295159148, 
        "accumulated_operating_revenue": 933835, 
        "long_term_average": 96527, 
        "date": "2013-09-30", 
        "operating_revenue": 106405, 
        "short_term_average": 116577
    }, 
    {
        "accumulated_operating_revenue_yoy": 31.72695327898389, 
        "accumulated_operating_revenue": 1089374, 
        "long_term_average": 103373, 
        "date": "2013-10-31", 
        "operating_revenue": 155539, 
        "short_term_average": 125414
    }, 
    {
        "accumulated_operating_revenue_yoy": 29.577564011540296, 
        "accumulated_operating_revenue": 1177172, 
        "long_term_average": 103900, 
        "date": "2013-11-30", 
        "operating_revenue": 87798, 
        "short_term_average": 116580
    }, 
    {
        "accumulated_operating_revenue_yoy": 31.54715653959088, 
        "accumulated_operating_revenue": 1286668, 
        "long_term_average": 107222, 
        "date": "2013-12-31", 
        "operating_revenue": 109496, 
        "short_term_average": 117611
    }, 
    {
        "accumulated_operating_revenue_yoy": -15.847323500568022, 
        "accumulated_operating_revenue": 86668, 
        "long_term_average": 105862, 
        "date": "2014-01-31", 
        "operating_revenue": 86668, 
        "short_term_average": 94654
    }, 
    {
        "accumulated_operating_revenue_yoy": -11.957643640811957, 
        "accumulated_operating_revenue": 138186, 
        "long_term_average": 105658, 
        "date": "2014-02-28", 
        "operating_revenue": 51518, 
        "short_term_average": 82560
    }, 
    {
        "accumulated_operating_revenue_yoy": -21.596413672872174, 
        "accumulated_operating_revenue": 188886, 
        "long_term_average": 102886, 
        "date": "2014-03-31", 
        "operating_revenue": 50700, 
        "short_term_average": 62962
    }, 
    {
        "accumulated_operating_revenue_yoy": -28.096427318321602, 
        "accumulated_operating_revenue": 243866, 
        "long_term_average": 99281, 
        "date": "2014-04-30", 
        "operating_revenue": 54980, 
        "short_term_average": 52399
    }, 
    {
        "accumulated_operating_revenue_yoy": -29.155418179899577, 
        "accumulated_operating_revenue": 322255, 
        "long_term_average": 96170, 
        "date": "2014-05-31", 
        "operating_revenue": 78389, 
        "short_term_average": 61356
    }, 
    {
        "accumulated_operating_revenue_yoy": -35.19892895602317, 
        "accumulated_operating_revenue": 378505, 
        "long_term_average": 90089, 
        "date": "2014-06-30", 
        "operating_revenue": 56250, 
        "short_term_average": 63206
    }, 
    {
        "accumulated_operating_revenue_yoy": -33.95855740389914, 
        "accumulated_operating_revenue": 470962, 
        "long_term_average": 87041, 
        "date": "2014-07-31", 
        "operating_revenue": 92457, 
        "short_term_average": 75698
    }, 
    {
        "accumulated_operating_revenue_yoy": -34.66420120131008, 
        "accumulated_operating_revenue": 540608, 
        "long_term_average": 83320, 
        "date": "2014-08-31", 
        "operating_revenue": 69646, 
        "short_term_average": 72784
    }, 
    {
        "accumulated_operating_revenue_yoy": -36.40364732527695, 
        "accumulated_operating_revenue": 593885, 
        "long_term_average": 78893, 
        "date": "2014-09-30", 
        "operating_revenue": 53277, 
        "short_term_average": 71793
    }, 
    {
        "accumulated_operating_revenue_yoy": -40.752120024895035, 
        "accumulated_operating_revenue": 645431, 
        "long_term_average": 70227, 
        "date": "2014-10-31", 
        "operating_revenue": 51546, 
        "short_term_average": 58156
    }, 
    {
        "accumulated_operating_revenue_yoy": -40.14723421895866, 
        "accumulated_operating_revenue": 704570, 
        "long_term_average": 67838, 
        "date": "2014-11-30", 
        "operating_revenue": 59139, 
        "short_term_average": 54654
    }, 
    {
        "accumulated_operating_revenue_yoy": -38.224856761806464, 
        "accumulated_operating_revenue": 794841, 
        "long_term_average": 66236, 
        "date": "2014-12-31", 
        "operating_revenue": 90271, 
        "short_term_average": 66985
    }, 
    {
        "accumulated_operating_revenue_yoy": 19.073937324041168, 
        "accumulated_operating_revenue": 103199, 
        "long_term_average": 67614, 
        "date": "2015-01-31", 
        "operating_revenue": 103199, 
        "short_term_average": 84203
    }, 
    {
        "accumulated_operating_revenue_yoy": 1.7396841937678202, 
        "accumulated_operating_revenue": 140590, 
        "long_term_average": 66437, 
        "date": "2015-02-28", 
        "operating_revenue": 37391, 
        "short_term_average": 76953
    }, 
    {
        "accumulated_operating_revenue_yoy": 2.5327446184471056, 
        "accumulated_operating_revenue": 193670, 
        "long_term_average": 66635, 
        "date": "2015-03-31", 
        "operating_revenue": 53080, 
        "short_term_average": 64556
    }, 
    {
        "accumulated_operating_revenue_yoy": 5.913903537188456, 
        "accumulated_operating_revenue": 258288, 
        "long_term_average": 67438, 
        "date": "2015-04-30", 
        "operating_revenue": 64618, 
        "short_term_average": 51696
    }, 
    {
        "accumulated_operating_revenue_yoy": 1.1627437898558595, 
        "accumulated_operating_revenue": 326002, 
        "long_term_average": 66549, 
        "date": "2015-05-31", 
        "operating_revenue": 67714, 
        "short_term_average": 61804
    }, 
    {
        "accumulated_operating_revenue_yoy": -0.815577072958085, 
        "accumulated_operating_revenue": 375418, 
        "long_term_average": 65979, 
        "date": "2015-06-30", 
        "operating_revenue": 49416, 
        "short_term_average": 60582
    }, 
    {
        "accumulated_operating_revenue_yoy": -8.977794386808277, 
        "accumulated_operating_revenue": 428680, 
        "long_term_average": 62713, 
        "date": "2015-07-31", 
        "operating_revenue": 53262, 
        "short_term_average": 56797
    }, 
    {
        "accumulated_operating_revenue_yoy": -11.69516544335267, 
        "accumulated_operating_revenue": 477383, 
        "long_term_average": 60968, 
        "date": "2015-08-31", 
        "operating_revenue": 48703, 
        "short_term_average": 50460
    }, 
    {
        "accumulated_operating_revenue_yoy": -8.24924017276072, 
        "accumulated_operating_revenue": 544894, 
        "long_term_average": 62154, 
        "date": "2015-09-30", 
        "operating_revenue": 67511, 
        "short_term_average": 56492
    }
]