[
    {
        "date": "2011-09-30", 
        "operating_revenue": 124618, 
        "accumulated_operating_revenue": 124618, 
        "long_term_average": 124618, 
        "short_term_average": 124618
    }, 
    {
        "date": "2011-10-31", 
        "operating_revenue": 131535, 
        "accumulated_operating_revenue": 256153, 
        "long_term_average": 128076, 
        "short_term_average": 128076
    }, 
    {
        "date": "2011-11-30", 
        "operating_revenue": 132459, 
        "accumulated_operating_revenue": 388612, 
        "long_term_average": 129537, 
        "short_term_average": 129537
    }, 
    {
        "date": "2011-12-31", 
        "operating_revenue": 119832, 
        "accumulated_operating_revenue": 508444, 
        "long_term_average": 127111, 
        "short_term_average": 127942
    }, 
    {
        "date": "2012-01-31", 
        "operating_revenue": 91738, 
        "accumulated_operating_revenue": 91738, 
        "long_term_average": 120036, 
        "short_term_average": 114676
    }, 
    {
        "date": "2012-02-29", 
        "operating_revenue": 111353, 
        "accumulated_operating_revenue": 203091, 
        "long_term_average": 118589, 
        "short_term_average": 107641
    }, 
    {
        "date": "2012-03-31", 
        "operating_revenue": 143250, 
        "accumulated_operating_revenue": 346341, 
        "long_term_average": 122112, 
        "short_term_average": 115447
    }, 
    {
        "date": "2012-04-30", 
        "operating_revenue": 141177, 
        "accumulated_operating_revenue": 487518, 
        "long_term_average": 124495, 
        "short_term_average": 131926
    }, 
    {
        "date": "2012-05-31", 
        "operating_revenue": 156707, 
        "accumulated_operating_revenue": 644225, 
        "long_term_average": 128074, 
        "short_term_average": 147044
    }, 
    {
        "date": "2012-06-30", 
        "operating_revenue": 155955, 
        "accumulated_operating_revenue": 800180, 
        "long_term_average": 130862, 
        "short_term_average": 151279
    }, 
    {
        "date": "2012-07-31", 
        "operating_revenue": 184938, 
        "accumulated_operating_revenue": 985118, 
        "long_term_average": 135778, 
        "short_term_average": 165866
    }, 
    {
        "date": "2012-08-31", 
        "operating_revenue": 160281, 
        "accumulated_operating_revenue": 1145399, 
        "long_term_average": 137820, 
        "short_term_average": 167058
    }, 
    {
        "accumulated_operating_revenue_yoy": 929.043958336677, 
        "accumulated_operating_revenue": 1282374, 
        "long_term_average": 138850, 
        "date": "2012-09-30", 
        "operating_revenue": 136975, 
        "short_term_average": 160731
    }, 
    {
        "accumulated_operating_revenue_yoy": 451.9919735470598, 
        "accumulated_operating_revenue": 1413944, 
        "long_term_average": 138852, 
        "date": "2012-10-31", 
        "operating_revenue": 131570, 
        "short_term_average": 142942
    }, 
    {
        "accumulated_operating_revenue_yoy": 297.70954062149394, 
        "accumulated_operating_revenue": 1545547, 
        "long_term_average": 138781, 
        "date": "2012-11-30", 
        "operating_revenue": 131603, 
        "short_term_average": 133382
    }, 
    {
        "accumulated_operating_revenue_yoy": 228.4235825380966, 
        "accumulated_operating_revenue": 1669850, 
        "long_term_average": 139154, 
        "date": "2012-12-31", 
        "operating_revenue": 124303, 
        "short_term_average": 129158
    }, 
    {
        "accumulated_operating_revenue_yoy": 45.10453683315529, 
        "accumulated_operating_revenue": 133116, 
        "long_term_average": 142602, 
        "date": "2013-01-31", 
        "operating_revenue": 133116, 
        "short_term_average": 129674
    }, 
    {
        "accumulated_operating_revenue_yoy": 4.583167151670926, 
        "accumulated_operating_revenue": 212399, 
        "long_term_average": 139929, 
        "date": "2013-02-28", 
        "operating_revenue": 79283, 
        "short_term_average": 112234
    }, 
    {
        "accumulated_operating_revenue_yoy": -1.6428895221761213, 
        "accumulated_operating_revenue": 340651, 
        "long_term_average": 138680, 
        "date": "2013-03-31", 
        "operating_revenue": 128252, 
        "short_term_average": 113550
    }, 
    {
        "accumulated_operating_revenue_yoy": -5.6678932880426975, 
        "accumulated_operating_revenue": 459886, 
        "long_term_average": 136851, 
        "date": "2013-04-30", 
        "operating_revenue": 119235, 
        "short_term_average": 108923
    }, 
    {
        "accumulated_operating_revenue_yoy": -12.00232837906011, 
        "accumulated_operating_revenue": 566903, 
        "long_term_average": 132710, 
        "date": "2013-05-31", 
        "operating_revenue": 107017, 
        "short_term_average": 118168
    }, 
    {
        "accumulated_operating_revenue_yoy": -14.347521807593292, 
        "accumulated_operating_revenue": 685374, 
        "long_term_average": 129587, 
        "date": "2013-06-30", 
        "operating_revenue": 118471, 
        "short_term_average": 114907
    }, 
    {
        "accumulated_operating_revenue_yoy": -17.378425731739753, 
        "accumulated_operating_revenue": 813920, 
        "long_term_average": 124887, 
        "date": "2013-07-31", 
        "operating_revenue": 128546, 
        "short_term_average": 118011
    }, 
    {
        "accumulated_operating_revenue_yoy": -19.155159031918135, 
        "accumulated_operating_revenue": 925996, 
        "long_term_average": 120870, 
        "date": "2013-08-31", 
        "operating_revenue": 112076, 
        "short_term_average": 119697
    }, 
    {
        "accumulated_operating_revenue_yoy": -19.411185816306322, 
        "accumulated_operating_revenue": 1033450, 
        "long_term_average": 118410, 
        "date": "2013-09-30", 
        "operating_revenue": 107454, 
        "short_term_average": 116025
    }, 
    {
        "accumulated_operating_revenue_yoy": -18.43439344132441, 
        "accumulated_operating_revenue": 1153292, 
        "long_term_average": 117433, 
        "date": "2013-10-31", 
        "operating_revenue": 119842, 
        "short_term_average": 113124
    }, 
    {
        "accumulated_operating_revenue_yoy": -16.202354247395906, 
        "accumulated_operating_revenue": 1295132, 
        "long_term_average": 118286, 
        "date": "2013-11-30", 
        "operating_revenue": 141840, 
        "short_term_average": 123045
    }, 
    {
        "accumulated_operating_revenue_yoy": -13.873581459412524, 
        "accumulated_operating_revenue": 1438182, 
        "long_term_average": 119848, 
        "date": "2013-12-31", 
        "operating_revenue": 143050, 
        "short_term_average": 134910
    }, 
    {
        "accumulated_operating_revenue_yoy": -19.343279545659424, 
        "accumulated_operating_revenue": 107367, 
        "long_term_average": 117702, 
        "date": "2014-01-31", 
        "operating_revenue": 107367, 
        "short_term_average": 130752
    }, 
    {
        "accumulated_operating_revenue_yoy": -12.667667926873479, 
        "accumulated_operating_revenue": 185493, 
        "long_term_average": 117606, 
        "date": "2014-02-28", 
        "operating_revenue": 78126, 
        "short_term_average": 109514
    }, 
    {
        "accumulated_operating_revenue_yoy": -13.116356623054093, 
        "accumulated_operating_revenue": 295970, 
        "long_term_average": 116125, 
        "date": "2014-03-31", 
        "operating_revenue": 110477, 
        "short_term_average": 98656
    }, 
    {
        "accumulated_operating_revenue_yoy": -13.633161261703988, 
        "accumulated_operating_revenue": 397189, 
        "long_term_average": 114623, 
        "date": "2014-04-30", 
        "operating_revenue": 101219, 
        "short_term_average": 96607
    }, 
    {
        "accumulated_operating_revenue_yoy": -9.513973289963186, 
        "accumulated_operating_revenue": 512968, 
        "long_term_average": 115353, 
        "date": "2014-05-31", 
        "operating_revenue": 115779, 
        "short_term_average": 109158
    }, 
    {
        "accumulated_operating_revenue_yoy": -7.275589678044396, 
        "accumulated_operating_revenue": 635509, 
        "long_term_average": 115693, 
        "date": "2014-06-30", 
        "operating_revenue": 122541, 
        "short_term_average": 113179
    }, 
    {
        "accumulated_operating_revenue_yoy": -9.63731079221545, 
        "accumulated_operating_revenue": 735480, 
        "long_term_average": 113311, 
        "date": "2014-07-31", 
        "operating_revenue": 99971, 
        "short_term_average": 112763
    }, 
    {
        "accumulated_operating_revenue_yoy": -9.470127300765878, 
        "accumulated_operating_revenue": 838303, 
        "long_term_average": 112540, 
        "date": "2014-08-31", 
        "operating_revenue": 102823, 
        "short_term_average": 108445
    }, 
    {
        "accumulated_operating_revenue_yoy": -11.114422565194253, 
        "accumulated_operating_revenue": 918588, 
        "long_term_average": 110276, 
        "date": "2014-09-30", 
        "operating_revenue": 80285, 
        "short_term_average": 94359
    }, 
    {
        "accumulated_operating_revenue_yoy": -11.862823985599483, 
        "accumulated_operating_revenue": 1016479, 
        "long_term_average": 108447, 
        "date": "2014-10-31", 
        "operating_revenue": 97891, 
        "short_term_average": 93666
    }, 
    {
        "accumulated_operating_revenue_yoy": -11.961174613861752, 
        "accumulated_operating_revenue": 1140219, 
        "long_term_average": 106939, 
        "date": "2014-11-30", 
        "operating_revenue": 123740, 
        "short_term_average": 100638
    }, 
    {
        "accumulated_operating_revenue_yoy": -11.803513046332105, 
        "accumulated_operating_revenue": 1268426, 
        "long_term_average": 105702, 
        "date": "2014-12-31", 
        "operating_revenue": 128207, 
        "short_term_average": 116612
    }, 
    {
        "accumulated_operating_revenue_yoy": 13.981018376223606, 
        "accumulated_operating_revenue": 122378, 
        "long_term_average": 106953, 
        "date": "2015-01-31", 
        "operating_revenue": 122378, 
        "short_term_average": 124775
    }, 
    {
        "accumulated_operating_revenue_yoy": 6.911851121066563, 
        "accumulated_operating_revenue": 198314, 
        "long_term_average": 106770, 
        "date": "2015-02-28", 
        "operating_revenue": 75936, 
        "short_term_average": 108840
    }, 
    {
        "accumulated_operating_revenue_yoy": 6.231036929418522, 
        "accumulated_operating_revenue": 314412, 
        "long_term_average": 107239, 
        "date": "2015-03-31", 
        "operating_revenue": 116098, 
        "short_term_average": 104804
    }, 
    {
        "accumulated_operating_revenue_yoy": 5.607154276679364, 
        "accumulated_operating_revenue": 419460, 
        "long_term_average": 107558, 
        "date": "2015-04-30", 
        "operating_revenue": 105048, 
        "short_term_average": 99027
    }, 
    {
        "accumulated_operating_revenue_yoy": 2.310670451178241, 
        "accumulated_operating_revenue": 524821, 
        "long_term_average": 106689, 
        "date": "2015-05-31", 
        "operating_revenue": 105361, 
        "short_term_average": 108835
    }, 
    {
        "accumulated_operating_revenue_yoy": -3.88649098596558, 
        "accumulated_operating_revenue": 610810, 
        "long_term_average": 103643, 
        "date": "2015-06-30", 
        "operating_revenue": 85989, 
        "short_term_average": 98799
    }, 
    {
        "accumulated_operating_revenue_yoy": -4.912710066895089, 
        "accumulated_operating_revenue": 699348, 
        "long_term_average": 102691, 
        "date": "2015-07-31", 
        "operating_revenue": 88538, 
        "short_term_average": 93296
    }, 
    {
        "accumulated_operating_revenue_yoy": -5.587359224528601, 
        "accumulated_operating_revenue": 791464, 
        "long_term_average": 101798, 
        "date": "2015-08-31", 
        "operating_revenue": 92116, 
        "short_term_average": 88881
    }, 
    {
        "accumulated_operating_revenue_yoy": -3.984702608786529, 
        "accumulated_operating_revenue": 881985, 
        "long_term_average": 102651, 
        "date": "2015-09-30", 
        "operating_revenue": 90521, 
        "short_term_average": 90391
    }, 
    {
        "accumulated_operating_revenue_yoy": -3.3768528420164117, 
        "accumulated_operating_revenue": 982154, 
        "long_term_average": 102841, 
        "date": "2015-10-31", 
        "operating_revenue": 100169, 
        "short_term_average": 94268
    }
]