[
    {
        "date": "2012-01-31", 
        "operating_revenue": 867273, 
        "accumulated_operating_revenue": 867273, 
        "long_term_average": 867273, 
        "short_term_average": 867273
    }, 
    {
        "date": "2012-02-29", 
        "operating_revenue": 924349, 
        "accumulated_operating_revenue": 1791622, 
        "long_term_average": 895811, 
        "short_term_average": 895811
    }, 
    {
        "date": "2012-03-31", 
        "operating_revenue": 1019528, 
        "accumulated_operating_revenue": 2811150, 
        "long_term_average": 937050, 
        "short_term_average": 937050
    }, 
    {
        "date": "2012-04-30", 
        "operating_revenue": 981988, 
        "accumulated_operating_revenue": 3793138, 
        "long_term_average": 948284, 
        "short_term_average": 975288
    }, 
    {
        "date": "2012-05-31", 
        "operating_revenue": 968225, 
        "accumulated_operating_revenue": 4761363, 
        "long_term_average": 952272, 
        "short_term_average": 989913
    }, 
    {
        "date": "2012-06-30", 
        "operating_revenue": 945668, 
        "accumulated_operating_revenue": 5707031, 
        "long_term_average": 951171, 
        "short_term_average": 965293
    }, 
    {
        "date": "2012-07-31", 
        "operating_revenue": 963107, 
        "accumulated_operating_revenue": 6670138, 
        "long_term_average": 952876, 
        "short_term_average": 959000
    }, 
    {
        "date": "2012-08-31", 
        "operating_revenue": 670651, 
        "accumulated_operating_revenue": 7340789, 
        "long_term_average": 917598, 
        "short_term_average": 859808
    }, 
    {
        "date": "2012-09-30", 
        "operating_revenue": 355715, 
        "accumulated_operating_revenue": 7696504, 
        "long_term_average": 855167, 
        "short_term_average": 663157
    }, 
    {
        "date": "2012-10-31", 
        "operating_revenue": 667441, 
        "accumulated_operating_revenue": 8363945, 
        "long_term_average": 836394, 
        "short_term_average": 564602
    }, 
    {
        "date": "2012-11-30", 
        "operating_revenue": 785365, 
        "accumulated_operating_revenue": 9149310, 
        "long_term_average": 831755, 
        "short_term_average": 602840
    }, 
    {
        "date": "2012-12-31", 
        "operating_revenue": 737963, 
        "accumulated_operating_revenue": 9887273, 
        "long_term_average": 823939, 
        "short_term_average": 730256
    }, 
    {
        "accumulated_operating_revenue_yoy": -6.3243061873250985, 
        "accumulated_operating_revenue": 812424, 
        "long_term_average": 819368, 
        "date": "2013-01-31", 
        "operating_revenue": 812424, 
        "short_term_average": 778584
    }, 
    {
        "accumulated_operating_revenue_yoy": -3.1623858157580114, 
        "accumulated_operating_revenue": 1734964, 
        "long_term_average": 819217, 
        "date": "2013-02-28", 
        "operating_revenue": 922540, 
        "short_term_average": 824309
    }, 
    {
        "accumulated_operating_revenue_yoy": -4.712590932536506, 
        "accumulated_operating_revenue": 2678672, 
        "long_term_average": 812899, 
        "date": "2013-03-31", 
        "operating_revenue": 943708, 
        "short_term_average": 892890
    }, 
    {
        "accumulated_operating_revenue_yoy": -2.66080485339579, 
        "accumulated_operating_revenue": 3692210, 
        "long_term_average": 815528, 
        "date": "2013-04-30", 
        "operating_revenue": 1013538, 
        "short_term_average": 959928
    }, 
    {
        "accumulated_operating_revenue_yoy": -0.7200249172348339, 
        "accumulated_operating_revenue": 4727080, 
        "long_term_average": 821082, 
        "date": "2013-05-31", 
        "operating_revenue": 1034870, 
        "short_term_average": 997372
    }, 
    {
        "accumulated_operating_revenue_yoy": 1.050879169922154, 
        "accumulated_operating_revenue": 5767005, 
        "long_term_average": 828937, 
        "date": "2013-06-30", 
        "operating_revenue": 1039925, 
        "short_term_average": 1029444
    }, 
    {
        "accumulated_operating_revenue_yoy": 3.1650019834672083, 
        "accumulated_operating_revenue": 6881248, 
        "long_term_average": 841531, 
        "date": "2013-07-31", 
        "operating_revenue": 1114243, 
        "short_term_average": 1063012
    }, 
    {
        "accumulated_operating_revenue_yoy": 9.104974955689368, 
        "accumulated_operating_revenue": 8009166, 
        "long_term_average": 879637, 
        "date": "2013-08-31", 
        "operating_revenue": 1127918, 
        "short_term_average": 1094028
    }, 
    {
        "accumulated_operating_revenue_yoy": 19.129048721341533, 
        "accumulated_operating_revenue": 9168772, 
        "long_term_average": 946628, 
        "date": "2013-09-30", 
        "operating_revenue": 1159606, 
        "short_term_average": 1133922
    }, 
    {
        "accumulated_operating_revenue_yoy": 24.49996981089665, 
        "accumulated_operating_revenue": 10413109, 
        "long_term_average": 994703, 
        "date": "2013-10-31", 
        "operating_revenue": 1244337, 
        "short_term_average": 1177287
    }, 
    {
        "accumulated_operating_revenue_yoy": 27.794718946018882, 
        "accumulated_operating_revenue": 11692335, 
        "long_term_average": 1035858, 
        "date": "2013-11-30", 
        "operating_revenue": 1279226, 
        "short_term_average": 1227723
    }, 
    {
        "accumulated_operating_revenue_yoy": 31.60734006232052, 
        "accumulated_operating_revenue": 13012377, 
        "long_term_average": 1084364, 
        "date": "2013-12-31", 
        "operating_revenue": 1320042, 
        "short_term_average": 1281201
    }, 
    {
        "accumulated_operating_revenue_yoy": 65.03549870510965, 
        "accumulated_operating_revenue": 1340788, 
        "long_term_average": 1128395, 
        "date": "2014-01-31", 
        "operating_revenue": 1340788, 
        "short_term_average": 1313352
    }, 
    {
        "accumulated_operating_revenue_yoy": 51.512019845944934, 
        "accumulated_operating_revenue": 2628679, 
        "long_term_average": 1158841, 
        "date": "2014-02-28", 
        "operating_revenue": 1287891, 
        "short_term_average": 1316240
    }, 
    {
        "accumulated_operating_revenue_yoy": 41.23043060143235, 
        "accumulated_operating_revenue": 3783100, 
        "long_term_average": 1176400, 
        "date": "2014-03-31", 
        "operating_revenue": 1154421, 
        "short_term_average": 1261033
    }, 
    {
        "accumulated_operating_revenue_yoy": 32.029164104966945, 
        "accumulated_operating_revenue": 4874794, 
        "long_term_average": 1182913, 
        "date": "2014-04-30", 
        "operating_revenue": 1091694, 
        "short_term_average": 1178002
    }, 
    {
        "accumulated_operating_revenue_yoy": 28.16273471149208, 
        "accumulated_operating_revenue": 6058355, 
        "long_term_average": 1195304, 
        "date": "2014-05-31", 
        "operating_revenue": 1183561, 
        "short_term_average": 1143225
    }, 
    {
        "accumulated_operating_revenue_yoy": 24.13075764629994, 
        "accumulated_operating_revenue": 7158627, 
        "long_term_average": 1200333, 
        "date": "2014-06-30", 
        "operating_revenue": 1100272, 
        "short_term_average": 1125175
    }, 
    {
        "accumulated_operating_revenue_yoy": 21.70103446351592, 
        "accumulated_operating_revenue": 8374550, 
        "long_term_average": 1208806, 
        "date": "2014-07-31", 
        "operating_revenue": 1215923, 
        "short_term_average": 1166585
    }, 
    {
        "accumulated_operating_revenue_yoy": 20.445674368592183, 
        "accumulated_operating_revenue": 9646694, 
        "long_term_average": 1220825, 
        "date": "2014-08-31", 
        "operating_revenue": 1272144, 
        "short_term_average": 1196113
    }, 
    {
        "accumulated_operating_revenue_yoy": 19.52077115670452, 
        "accumulated_operating_revenue": 10958587, 
        "long_term_average": 1233516, 
        "date": "2014-09-30", 
        "operating_revenue": 1311893, 
        "short_term_average": 1266653
    }, 
    {
        "accumulated_operating_revenue_yoy": 20.100240955895114, 
        "accumulated_operating_revenue": 12506169, 
        "long_term_average": 1258786, 
        "date": "2014-10-31", 
        "operating_revenue": 1547582, 
        "short_term_average": 1377206
    }, 
    {
        "accumulated_operating_revenue_yoy": 19.451674964838077, 
        "accumulated_operating_revenue": 13966690, 
        "long_term_average": 1273894, 
        "date": "2014-11-30", 
        "operating_revenue": 1460521, 
        "short_term_average": 1439998
    }, 
    {
        "accumulated_operating_revenue_yoy": 17.4636809247073, 
        "accumulated_operating_revenue": 15284817, 
        "long_term_average": 1273734, 
        "date": "2014-12-31", 
        "operating_revenue": 1318127, 
        "short_term_average": 1442076
    }, 
    {
        "accumulated_operating_revenue_yoy": 14.709111358395214, 
        "accumulated_operating_revenue": 1538006, 
        "long_term_average": 1290169, 
        "date": "2015-01-31", 
        "operating_revenue": 1538006, 
        "short_term_average": 1438884
    }, 
    {
        "accumulated_operating_revenue_yoy": 5.736797836479844, 
        "accumulated_operating_revenue": 2779481, 
        "long_term_average": 1286301, 
        "date": "2015-02-28", 
        "operating_revenue": 1241475, 
        "short_term_average": 1365869
    }, 
    {
        "accumulated_operating_revenue_yoy": 6.496788348180065, 
        "accumulated_operating_revenue": 4028880, 
        "long_term_average": 1294216, 
        "date": "2015-03-31", 
        "operating_revenue": 1249399, 
        "short_term_average": 1342960
    }, 
    {
        "accumulated_operating_revenue_yoy": 4.426607565365839, 
        "accumulated_operating_revenue": 5090582, 
        "long_term_average": 1291717, 
        "date": "2015-04-30", 
        "operating_revenue": 1061702, 
        "short_term_average": 1184192
    }, 
    {
        "accumulated_operating_revenue_yoy": 3.651139624535043, 
        "accumulated_operating_revenue": 6279554, 
        "long_term_average": 1292168, 
        "date": "2015-05-31", 
        "operating_revenue": 1188972, 
        "short_term_average": 1166691
    }, 
    {
        "accumulated_operating_revenue_yoy": 3.824350675066601, 
        "accumulated_operating_revenue": 7432398, 
        "long_term_average": 1296549, 
        "date": "2015-06-30", 
        "operating_revenue": 1152844, 
        "short_term_average": 1134506
    }, 
    {
        "accumulated_operating_revenue_yoy": 2.9443373076762334, 
        "accumulated_operating_revenue": 8621125, 
        "long_term_average": 1294282, 
        "date": "2015-07-31", 
        "operating_revenue": 1188727, 
        "short_term_average": 1176847
    }, 
    {
        "accumulated_operating_revenue_yoy": 2.7596915585795507, 
        "accumulated_operating_revenue": 9912913, 
        "long_term_average": 1295919, 
        "date": "2015-08-31", 
        "operating_revenue": 1291788, 
        "short_term_average": 1211119
    }
]