[
    {
        "date": "2011-09-30", 
        "operating_revenue": 95182, 
        "accumulated_operating_revenue": 95182, 
        "long_term_average": 95182, 
        "short_term_average": 95182
    }, 
    {
        "date": "2011-10-31", 
        "operating_revenue": 97517, 
        "accumulated_operating_revenue": 192699, 
        "long_term_average": 96349, 
        "short_term_average": 96349
    }, 
    {
        "date": "2011-11-30", 
        "operating_revenue": 105565, 
        "accumulated_operating_revenue": 298264, 
        "long_term_average": 99421, 
        "short_term_average": 99421
    }, 
    {
        "date": "2011-12-31", 
        "operating_revenue": 89620, 
        "accumulated_operating_revenue": 387884, 
        "long_term_average": 96971, 
        "short_term_average": 97567
    }, 
    {
        "date": "2012-01-31", 
        "operating_revenue": 90418, 
        "accumulated_operating_revenue": 90418, 
        "long_term_average": 95660, 
        "short_term_average": 95201
    }, 
    {
        "date": "2012-02-29", 
        "operating_revenue": 91327, 
        "accumulated_operating_revenue": 181745, 
        "long_term_average": 94938, 
        "short_term_average": 90455
    }, 
    {
        "date": "2012-03-31", 
        "operating_revenue": 112432, 
        "accumulated_operating_revenue": 294177, 
        "long_term_average": 97437, 
        "short_term_average": 98059
    }, 
    {
        "date": "2012-04-30", 
        "operating_revenue": 87030, 
        "accumulated_operating_revenue": 381207, 
        "long_term_average": 96136, 
        "short_term_average": 96929
    }, 
    {
        "date": "2012-05-31", 
        "operating_revenue": 89583, 
        "accumulated_operating_revenue": 470790, 
        "long_term_average": 95408, 
        "short_term_average": 96348
    }, 
    {
        "date": "2012-06-30", 
        "operating_revenue": 72286, 
        "accumulated_operating_revenue": 543076, 
        "long_term_average": 93096, 
        "short_term_average": 82966
    }, 
    {
        "date": "2012-07-31", 
        "operating_revenue": 74558, 
        "accumulated_operating_revenue": 617634, 
        "long_term_average": 91410, 
        "short_term_average": 78809
    }, 
    {
        "date": "2012-08-31", 
        "operating_revenue": 67240, 
        "accumulated_operating_revenue": 684874, 
        "long_term_average": 89396, 
        "short_term_average": 71361
    }, 
    {
        "accumulated_operating_revenue_yoy": 687.5196991027716, 
        "accumulated_operating_revenue": 749577, 
        "long_term_average": 86856, 
        "date": "2012-09-30", 
        "operating_revenue": 64703, 
        "short_term_average": 68833
    }, 
    {
        "accumulated_operating_revenue_yoy": 327.97108443738676, 
        "accumulated_operating_revenue": 824696, 
        "long_term_average": 84990, 
        "date": "2012-10-31", 
        "operating_revenue": 75119, 
        "short_term_average": 69020
    }, 
    {
        "accumulated_operating_revenue_yoy": 195.98442990102726, 
        "accumulated_operating_revenue": 882815, 
        "long_term_average": 81036, 
        "date": "2012-11-30", 
        "operating_revenue": 58119, 
        "short_term_average": 65980
    }, 
    {
        "accumulated_operating_revenue_yoy": 141.51034845469263, 
        "accumulated_operating_revenue": 936780, 
        "long_term_average": 78065, 
        "date": "2012-12-31", 
        "operating_revenue": 53965, 
        "short_term_average": 62401
    }, 
    {
        "accumulated_operating_revenue_yoy": -18.458713972881505, 
        "accumulated_operating_revenue": 73728, 
        "long_term_average": 76674, 
        "date": "2013-01-31", 
        "operating_revenue": 73728, 
        "short_term_average": 61937
    }, 
    {
        "accumulated_operating_revenue_yoy": -33.50408539437124, 
        "accumulated_operating_revenue": 120853, 
        "long_term_average": 72990, 
        "date": "2013-02-28", 
        "operating_revenue": 47125, 
        "short_term_average": 58272
    }, 
    {
        "accumulated_operating_revenue_yoy": -42.13007815022928, 
        "accumulated_operating_revenue": 170240, 
        "long_term_average": 67736, 
        "date": "2013-03-31", 
        "operating_revenue": 49387, 
        "short_term_average": 56746
    }, 
    {
        "accumulated_operating_revenue_yoy": -38.629406070717486, 
        "accumulated_operating_revenue": 233949, 
        "long_term_average": 65793, 
        "date": "2013-04-30", 
        "operating_revenue": 63709, 
        "short_term_average": 53407
    }, 
    {
        "accumulated_operating_revenue_yoy": -38.072388963232015, 
        "accumulated_operating_revenue": 291549, 
        "long_term_average": 63128, 
        "date": "2013-05-31", 
        "operating_revenue": 57600, 
        "short_term_average": 56898
    }, 
    {
        "accumulated_operating_revenue_yoy": -33.831360619876406, 
        "accumulated_operating_revenue": 359346, 
        "long_term_average": 62754, 
        "date": "2013-06-30", 
        "operating_revenue": 67797, 
        "short_term_average": 63035
    }, 
    {
        "accumulated_operating_revenue_yoy": -30.866824041422593, 
        "accumulated_operating_revenue": 426990, 
        "long_term_average": 62178, 
        "date": "2013-07-31", 
        "operating_revenue": 67644, 
        "short_term_average": 64347
    }, 
    {
        "accumulated_operating_revenue_yoy": -28.22796602002704, 
        "accumulated_operating_revenue": 491548, 
        "long_term_average": 61954, 
        "date": "2013-08-31", 
        "operating_revenue": 64558, 
        "short_term_average": 66666
    }, 
    {
        "accumulated_operating_revenue_yoy": -27.55794267967133, 
        "accumulated_operating_revenue": 543009, 
        "long_term_average": 60851, 
        "date": "2013-09-30", 
        "operating_revenue": 51461, 
        "short_term_average": 61221
    }, 
    {
        "accumulated_operating_revenue_yoy": -26.49521763170914, 
        "accumulated_operating_revenue": 606191, 
        "long_term_average": 59856, 
        "date": "2013-10-31", 
        "operating_revenue": 63182, 
        "short_term_average": 59733
    }, 
    {
        "accumulated_operating_revenue_yoy": -23.475360069776794, 
        "accumulated_operating_revenue": 675571, 
        "long_term_average": 60794, 
        "date": "2013-11-30", 
        "operating_revenue": 69380, 
        "short_term_average": 61341
    }, 
    {
        "accumulated_operating_revenue_yoy": -15.410662055125002, 
        "accumulated_operating_revenue": 792416, 
        "long_term_average": 66034, 
        "date": "2013-12-31", 
        "operating_revenue": 116845, 
        "short_term_average": 83135
    }, 
    {
        "accumulated_operating_revenue_yoy": -8.783637152777777, 
        "accumulated_operating_revenue": 67252, 
        "long_term_average": 65495, 
        "date": "2014-01-31", 
        "operating_revenue": 67252, 
        "short_term_average": 84492
    }, 
    {
        "accumulated_operating_revenue_yoy": -4.547673620017707, 
        "accumulated_operating_revenue": 115357, 
        "long_term_average": 65576, 
        "date": "2014-02-28", 
        "operating_revenue": 48105, 
        "short_term_average": 77400
    }, 
    {
        "accumulated_operating_revenue_yoy": 6.956062030075189, 
        "accumulated_operating_revenue": 182082, 
        "long_term_average": 67021, 
        "date": "2014-03-31", 
        "operating_revenue": 66725, 
        "short_term_average": 60694
    }, 
    {
        "accumulated_operating_revenue_yoy": 14.094952318667744, 
        "accumulated_operating_revenue": 266924, 
        "long_term_average": 68782, 
        "date": "2014-04-30", 
        "operating_revenue": 84842, 
        "short_term_average": 66557
    }, 
    {
        "accumulated_operating_revenue_yoy": 16.57354338378797, 
        "accumulated_operating_revenue": 339869, 
        "long_term_average": 70061, 
        "date": "2014-05-31", 
        "operating_revenue": 72945, 
        "short_term_average": 74837
    }, 
    {
        "accumulated_operating_revenue_yoy": 17.878868833937208, 
        "accumulated_operating_revenue": 423593, 
        "long_term_average": 71388, 
        "date": "2014-06-30", 
        "operating_revenue": 83724, 
        "short_term_average": 80503
    }, 
    {
        "accumulated_operating_revenue_yoy": 17.21656244876929, 
        "accumulated_operating_revenue": 500503, 
        "long_term_average": 72160, 
        "date": "2014-07-31", 
        "operating_revenue": 76910, 
        "short_term_average": 77859
    }, 
    {
        "accumulated_operating_revenue_yoy": 17.380398252052697, 
        "accumulated_operating_revenue": 576981, 
        "long_term_average": 73154, 
        "date": "2014-08-31", 
        "operating_revenue": 76478, 
        "short_term_average": 79037
    }, 
    {
        "accumulated_operating_revenue_yoy": 20.636306212235894, 
        "accumulated_operating_revenue": 655066, 
        "long_term_average": 75372, 
        "date": "2014-09-30", 
        "operating_revenue": 78085, 
        "short_term_average": 77157
    }, 
    {
        "accumulated_operating_revenue_yoy": 18.62927691107258, 
        "accumulated_operating_revenue": 719120, 
        "long_term_average": 75445, 
        "date": "2014-10-31", 
        "operating_revenue": 64054, 
        "short_term_average": 72872
    }, 
    {
        "accumulated_operating_revenue_yoy": 17.51732978473025, 
        "accumulated_operating_revenue": 793913, 
        "long_term_average": 75896, 
        "date": "2014-11-30", 
        "operating_revenue": 74793, 
        "short_term_average": 72310
    }, 
    {
        "accumulated_operating_revenue_yoy": 7.535814521665388, 
        "accumulated_operating_revenue": 852131, 
        "long_term_average": 71010, 
        "date": "2014-12-31", 
        "operating_revenue": 58218, 
        "short_term_average": 65688
    }, 
    {
        "accumulated_operating_revenue_yoy": -3.7798132397549513, 
        "accumulated_operating_revenue": 64710, 
        "long_term_average": 70799, 
        "date": "2015-01-31", 
        "operating_revenue": 64710, 
        "short_term_average": 65907
    }, 
    {
        "accumulated_operating_revenue_yoy": -10.17190114167324, 
        "accumulated_operating_revenue": 103623, 
        "long_term_average": 70033, 
        "date": "2015-02-28", 
        "operating_revenue": 38913, 
        "short_term_average": 53947
    }, 
    {
        "accumulated_operating_revenue_yoy": -22.09114574752035, 
        "accumulated_operating_revenue": 141858, 
        "long_term_average": 67658, 
        "date": "2015-03-31", 
        "operating_revenue": 38235, 
        "short_term_average": 47286
    }, 
    {
        "accumulated_operating_revenue_yoy": -27.594371431568536, 
        "accumulated_operating_revenue": 193268, 
        "long_term_average": 64872, 
        "date": "2015-04-30", 
        "operating_revenue": 51410, 
        "short_term_average": 42852
    }, 
    {
        "accumulated_operating_revenue_yoy": -35.15854638110566, 
        "accumulated_operating_revenue": 220376, 
        "long_term_average": 61053, 
        "date": "2015-05-31", 
        "operating_revenue": 27108, 
        "short_term_average": 38917
    }, 
    {
        "accumulated_operating_revenue_yoy": -37.66256760616913, 
        "accumulated_operating_revenue": 264057, 
        "long_term_average": 57716, 
        "date": "2015-06-30", 
        "operating_revenue": 43681, 
        "short_term_average": 40733
    }, 
    {
        "accumulated_operating_revenue_yoy": -39.78677450484812, 
        "accumulated_operating_revenue": 301369, 
        "long_term_average": 54416, 
        "date": "2015-07-31", 
        "operating_revenue": 37312, 
        "short_term_average": 36033
    }, 
    {
        "accumulated_operating_revenue_yoy": -40.158688067718, 
        "accumulated_operating_revenue": 345273, 
        "long_term_average": 51701, 
        "date": "2015-08-31", 
        "operating_revenue": 43904, 
        "short_term_average": 41632
    }, 
    {
        "accumulated_operating_revenue_yoy": -39.70760198209036, 
        "accumulated_operating_revenue": 394955, 
        "long_term_average": 49335, 
        "date": "2015-09-30", 
        "operating_revenue": 49682, 
        "short_term_average": 43632
    }, 
    {
        "accumulated_operating_revenue_yoy": -38.54794749137835, 
        "accumulated_operating_revenue": 441914, 
        "long_term_average": 47910, 
        "date": "2015-10-31", 
        "operating_revenue": 46959, 
        "short_term_average": 46848
    }
]