[
    {
        "date": "2012-01-31", 
        "operating_revenue": 23354, 
        "accumulated_operating_revenue": 23354, 
        "long_term_average": 23354, 
        "short_term_average": 23354
    }, 
    {
        "date": "2012-02-29", 
        "operating_revenue": 52682, 
        "accumulated_operating_revenue": 76036, 
        "long_term_average": 38018, 
        "short_term_average": 38018
    }, 
    {
        "date": "2012-03-31", 
        "operating_revenue": 40528, 
        "accumulated_operating_revenue": 116564, 
        "long_term_average": 38854, 
        "short_term_average": 38854
    }, 
    {
        "date": "2012-04-30", 
        "operating_revenue": 38461, 
        "accumulated_operating_revenue": 155025, 
        "long_term_average": 38756, 
        "short_term_average": 43890
    }, 
    {
        "date": "2012-05-31", 
        "operating_revenue": 54860, 
        "accumulated_operating_revenue": 209885, 
        "long_term_average": 41977, 
        "short_term_average": 44616
    }, 
    {
        "date": "2012-06-30", 
        "operating_revenue": 64905, 
        "accumulated_operating_revenue": 274790, 
        "long_term_average": 45798, 
        "short_term_average": 52742
    }, 
    {
        "date": "2012-07-31", 
        "operating_revenue": 60106, 
        "accumulated_operating_revenue": 334896, 
        "long_term_average": 47842, 
        "short_term_average": 59957
    }, 
    {
        "date": "2012-08-31", 
        "operating_revenue": 50074, 
        "accumulated_operating_revenue": 384970, 
        "long_term_average": 48121, 
        "short_term_average": 58361
    }, 
    {
        "date": "2012-09-30", 
        "operating_revenue": 41570, 
        "accumulated_operating_revenue": 426540, 
        "long_term_average": 47393, 
        "short_term_average": 50583
    }, 
    {
        "date": "2012-10-31", 
        "operating_revenue": 69741, 
        "accumulated_operating_revenue": 496281, 
        "long_term_average": 49628, 
        "short_term_average": 53795
    }, 
    {
        "date": "2012-11-30", 
        "operating_revenue": 62105, 
        "accumulated_operating_revenue": 558386, 
        "long_term_average": 50762, 
        "short_term_average": 57805
    }, 
    {
        "date": "2012-12-31", 
        "operating_revenue": 68118, 
        "accumulated_operating_revenue": 626504, 
        "long_term_average": 52208, 
        "short_term_average": 66654
    }, 
    {
        "accumulated_operating_revenue_yoy": 280.4830007707459, 
        "accumulated_operating_revenue": 88858, 
        "long_term_average": 57667, 
        "date": "2013-01-31", 
        "operating_revenue": 88858, 
        "short_term_average": 73027
    }, 
    {
        "accumulated_operating_revenue_yoy": 72.86943026987217, 
        "accumulated_operating_revenue": 131443, 
        "long_term_average": 56825, 
        "date": "2013-02-28", 
        "operating_revenue": 42585, 
        "short_term_average": 66520
    }, 
    {
        "accumulated_operating_revenue_yoy": 61.668268075906795, 
        "accumulated_operating_revenue": 188447, 
        "long_term_average": 58198, 
        "date": "2013-03-31", 
        "operating_revenue": 57004, 
        "short_term_average": 62815
    }, 
    {
        "accumulated_operating_revenue_yoy": 58.87308498629253, 
        "accumulated_operating_revenue": 246293, 
        "long_term_average": 59814, 
        "date": "2013-04-30", 
        "operating_revenue": 57846, 
        "short_term_average": 52478
    }, 
    {
        "accumulated_operating_revenue_yoy": 52.40774709960216, 
        "accumulated_operating_revenue": 319881, 
        "long_term_average": 61375, 
        "date": "2013-05-31", 
        "operating_revenue": 73588, 
        "short_term_average": 62812
    }, 
    {
        "accumulated_operating_revenue_yoy": 26.709851159066922, 
        "accumulated_operating_revenue": 348186, 
        "long_term_average": 58325, 
        "date": "2013-06-30", 
        "operating_revenue": 28305, 
        "short_term_average": 53246
    }, 
    {
        "accumulated_operating_revenue_yoy": 9.189718599206918, 
        "accumulated_operating_revenue": 365672, 
        "long_term_average": 54773, 
        "date": "2013-07-31", 
        "operating_revenue": 17486, 
        "short_term_average": 39793
    }, 
    {
        "accumulated_operating_revenue_yoy": 3.421565316777931, 
        "accumulated_operating_revenue": 398142, 
        "long_term_average": 53306, 
        "date": "2013-08-31", 
        "operating_revenue": 32470, 
        "short_term_average": 26087
    }, 
    {
        "accumulated_operating_revenue_yoy": -0.4391147371876025, 
        "accumulated_operating_revenue": 424667, 
        "long_term_average": 52052, 
        "date": "2013-09-30", 
        "operating_revenue": 26525, 
        "short_term_average": 25493
    }, 
    {
        "accumulated_operating_revenue_yoy": -7.5958982914921185, 
        "accumulated_operating_revenue": 458584, 
        "long_term_average": 49067, 
        "date": "2013-10-31", 
        "operating_revenue": 33917, 
        "short_term_average": 30970
    }, 
    {
        "accumulated_operating_revenue_yoy": -13.5850469030384, 
        "accumulated_operating_revenue": 482529, 
        "long_term_average": 45887, 
        "date": "2013-11-30", 
        "operating_revenue": 23945, 
        "short_term_average": 28129
    }, 
    {
        "accumulated_operating_revenue_yoy": -14.279557672417095, 
        "accumulated_operating_revenue": 537042, 
        "long_term_average": 44753, 
        "date": "2013-12-31", 
        "operating_revenue": 54513, 
        "short_term_average": 37458
    }, 
    {
        "accumulated_operating_revenue_yoy": -68.44741047514012, 
        "accumulated_operating_revenue": 28037, 
        "long_term_average": 39685, 
        "date": "2014-01-31", 
        "operating_revenue": 28037, 
        "short_term_average": 35498
    }, 
    {
        "accumulated_operating_revenue_yoy": -61.405323980736895, 
        "accumulated_operating_revenue": 50730, 
        "long_term_average": 38027, 
        "date": "2014-02-28", 
        "operating_revenue": 22693, 
        "short_term_average": 35081
    }, 
    {
        "accumulated_operating_revenue_yoy": -59.234691982361085, 
        "accumulated_operating_revenue": 76821, 
        "long_term_average": 35451, 
        "date": "2014-03-31", 
        "operating_revenue": 26091, 
        "short_term_average": 25607
    }, 
    {
        "accumulated_operating_revenue_yoy": -45.871380835021704, 
        "accumulated_operating_revenue": 133315, 
        "long_term_average": 35338, 
        "date": "2014-04-30", 
        "operating_revenue": 56494, 
        "short_term_average": 35092
    }, 
    {
        "accumulated_operating_revenue_yoy": -48.382054576545656, 
        "accumulated_operating_revenue": 165116, 
        "long_term_average": 31856, 
        "date": "2014-05-31", 
        "operating_revenue": 31801, 
        "short_term_average": 38128
    }, 
    {
        "accumulated_operating_revenue_yoy": -41.165641352610386, 
        "accumulated_operating_revenue": 204853, 
        "long_term_average": 32809, 
        "date": "2014-06-30", 
        "operating_revenue": 39737, 
        "short_term_average": 42677
    }, 
    {
        "accumulated_operating_revenue_yoy": -33.968419786037764, 
        "accumulated_operating_revenue": 241459, 
        "long_term_average": 34402, 
        "date": "2014-07-31", 
        "operating_revenue": 36606, 
        "short_term_average": 36048
    }, 
    {
        "accumulated_operating_revenue_yoy": -31.861998985286654, 
        "accumulated_operating_revenue": 271286, 
        "long_term_average": 34182, 
        "date": "2014-08-31", 
        "operating_revenue": 29827, 
        "short_term_average": 35390
    }, 
    {
        "accumulated_operating_revenue_yoy": -28.68106068990527, 
        "accumulated_operating_revenue": 302868, 
        "long_term_average": 34603, 
        "date": "2014-09-30", 
        "operating_revenue": 31582, 
        "short_term_average": 32671
    }, 
    {
        "accumulated_operating_revenue_yoy": -26.16467212113811, 
        "accumulated_operating_revenue": 338597, 
        "long_term_average": 34754, 
        "date": "2014-10-31", 
        "operating_revenue": 35729, 
        "short_term_average": 32379
    }, 
    {
        "accumulated_operating_revenue_yoy": -25.18522202810608, 
        "accumulated_operating_revenue": 361003, 
        "long_term_average": 34626, 
        "date": "2014-11-30", 
        "operating_revenue": 22406, 
        "short_term_average": 29905
    }, 
    {
        "accumulated_operating_revenue_yoy": -26.831979621705564, 
        "accumulated_operating_revenue": 392943, 
        "long_term_average": 32745, 
        "date": "2014-12-31", 
        "operating_revenue": 31940, 
        "short_term_average": 30025
    }, 
    {
        "accumulated_operating_revenue_yoy": 43.988301173449365, 
        "accumulated_operating_revenue": 40370, 
        "long_term_average": 33773, 
        "date": "2015-01-31", 
        "operating_revenue": 40370, 
        "short_term_average": 31572
    }, 
    {
        "accumulated_operating_revenue_yoy": 23.59156317760694, 
        "accumulated_operating_revenue": 62698, 
        "long_term_average": 33742, 
        "date": "2015-02-28", 
        "operating_revenue": 22328, 
        "short_term_average": 31546
    }, 
    {
        "accumulated_operating_revenue_yoy": 17.953424193905313, 
        "accumulated_operating_revenue": 90613, 
        "long_term_average": 33894, 
        "date": "2015-03-31", 
        "operating_revenue": 27915, 
        "short_term_average": 30204
    }, 
    {
        "accumulated_operating_revenue_yoy": -4.465363987548288, 
        "accumulated_operating_revenue": 127362, 
        "long_term_average": 32249, 
        "date": "2015-04-30", 
        "operating_revenue": 36749, 
        "short_term_average": 28997
    }, 
    {
        "accumulated_operating_revenue_yoy": -0.867874706267109, 
        "accumulated_operating_revenue": 163683, 
        "long_term_average": 32625, 
        "date": "2015-05-31", 
        "operating_revenue": 36321, 
        "short_term_average": 33661
    }, 
    {
        "accumulated_operating_revenue_yoy": 3.5532796688357013, 
        "accumulated_operating_revenue": 212132, 
        "long_term_average": 33351, 
        "date": "2015-06-30", 
        "operating_revenue": 48449, 
        "short_term_average": 40506
    }, 
    {
        "accumulated_operating_revenue_yoy": 10.12718515358715, 
        "accumulated_operating_revenue": 265912, 
        "long_term_average": 34783, 
        "date": "2015-07-31", 
        "operating_revenue": 53780, 
        "short_term_average": 46183
    }, 
    {
        "accumulated_operating_revenue_yoy": 10.52800365665755, 
        "accumulated_operating_revenue": 299847, 
        "long_term_average": 35125, 
        "date": "2015-08-31", 
        "operating_revenue": 33935, 
        "short_term_average": 45388
    }
]