[
    {
        "date": "2011-09-30", 
        "operating_revenue": 203991, 
        "accumulated_operating_revenue": 203991, 
        "long_term_average": 203991, 
        "short_term_average": 203991
    }, 
    {
        "date": "2011-10-31", 
        "operating_revenue": 189642, 
        "accumulated_operating_revenue": 393633, 
        "long_term_average": 196816, 
        "short_term_average": 196816
    }, 
    {
        "date": "2011-11-30", 
        "operating_revenue": 152284, 
        "accumulated_operating_revenue": 545917, 
        "long_term_average": 181972, 
        "short_term_average": 181972
    }, 
    {
        "date": "2011-12-31", 
        "operating_revenue": 141481, 
        "accumulated_operating_revenue": 687398, 
        "long_term_average": 171849, 
        "short_term_average": 161135
    }, 
    {
        "date": "2012-01-31", 
        "operating_revenue": 170222, 
        "accumulated_operating_revenue": 170222, 
        "long_term_average": 171524, 
        "short_term_average": 154662
    }, 
    {
        "date": "2012-02-29", 
        "operating_revenue": 184957, 
        "accumulated_operating_revenue": 355179, 
        "long_term_average": 173762, 
        "short_term_average": 165553
    }, 
    {
        "date": "2012-03-31", 
        "operating_revenue": 223182, 
        "accumulated_operating_revenue": 578361, 
        "long_term_average": 180822, 
        "short_term_average": 192787
    }, 
    {
        "date": "2012-04-30", 
        "operating_revenue": 221678, 
        "accumulated_operating_revenue": 800039, 
        "long_term_average": 185929, 
        "short_term_average": 209939
    }, 
    {
        "date": "2012-05-31", 
        "operating_revenue": 216173, 
        "accumulated_operating_revenue": 1016212, 
        "long_term_average": 189290, 
        "short_term_average": 220344
    }, 
    {
        "date": "2012-06-30", 
        "operating_revenue": 198737, 
        "accumulated_operating_revenue": 1214949, 
        "long_term_average": 190234, 
        "short_term_average": 212196
    }, 
    {
        "date": "2012-07-31", 
        "operating_revenue": 246130, 
        "accumulated_operating_revenue": 1461079, 
        "long_term_average": 195316, 
        "short_term_average": 220346
    }, 
    {
        "date": "2012-08-31", 
        "operating_revenue": 270256, 
        "accumulated_operating_revenue": 1731335, 
        "long_term_average": 201561, 
        "short_term_average": 238374
    }, 
    {
        "accumulated_operating_revenue_yoy": 873.407650337515, 
        "accumulated_operating_revenue": 1985664, 
        "long_term_average": 205755, 
        "date": "2012-09-30", 
        "operating_revenue": 254329, 
        "short_term_average": 256905
    }, 
    {
        "accumulated_operating_revenue_yoy": 473.90869159851945, 
        "accumulated_operating_revenue": 2259094, 
        "long_term_average": 212738, 
        "date": "2012-10-31", 
        "operating_revenue": 273430, 
        "short_term_average": 266005
    }, 
    {
        "accumulated_operating_revenue_yoy": 357.9859209366992, 
        "accumulated_operating_revenue": 2500223, 
        "long_term_average": 220142, 
        "date": "2012-11-30", 
        "operating_revenue": 241129, 
        "short_term_average": 256296
    }, 
    {
        "accumulated_operating_revenue_yoy": 294.49343757182885, 
        "accumulated_operating_revenue": 2711740, 
        "long_term_average": 225978, 
        "date": "2012-12-31", 
        "operating_revenue": 211517, 
        "short_term_average": 242025
    }, 
    {
        "accumulated_operating_revenue_yoy": 43.04790215130829, 
        "accumulated_operating_revenue": 243499, 
        "long_term_average": 232084, 
        "date": "2013-01-31", 
        "operating_revenue": 243499, 
        "short_term_average": 232048
    }, 
    {
        "accumulated_operating_revenue_yoy": 27.02214939509374, 
        "accumulated_operating_revenue": 451156, 
        "long_term_average": 233976, 
        "date": "2013-02-28", 
        "operating_revenue": 207657, 
        "short_term_average": 220891
    }, 
    {
        "accumulated_operating_revenue_yoy": 24.623721170687514, 
        "accumulated_operating_revenue": 720775, 
        "long_term_average": 237846, 
        "date": "2013-03-31", 
        "operating_revenue": 269619, 
        "short_term_average": 240258
    }, 
    {
        "accumulated_operating_revenue_yoy": 22.46702973230055, 
        "accumulated_operating_revenue": 979784, 
        "long_term_average": 240957, 
        "date": "2013-04-30", 
        "operating_revenue": 259009, 
        "short_term_average": 245428
    }, 
    {
        "accumulated_operating_revenue_yoy": 21.041377192947927, 
        "accumulated_operating_revenue": 1230037, 
        "long_term_average": 243797, 
        "date": "2013-05-31", 
        "operating_revenue": 250253, 
        "short_term_average": 259627
    }, 
    {
        "accumulated_operating_revenue_yoy": 18.6634994555327, 
        "accumulated_operating_revenue": 1441701, 
        "long_term_average": 244874, 
        "date": "2013-06-30", 
        "operating_revenue": 211664, 
        "short_term_average": 240308
    }, 
    {
        "accumulated_operating_revenue_yoy": 14.628298675157195, 
        "accumulated_operating_revenue": 1674810, 
        "long_term_average": 243789, 
        "date": "2013-07-31", 
        "operating_revenue": 233109, 
        "short_term_average": 231675
    }, 
    {
        "accumulated_operating_revenue_yoy": 10.128715702044953, 
        "accumulated_operating_revenue": 1906697, 
        "long_term_average": 240591, 
        "date": "2013-08-31", 
        "operating_revenue": 231887, 
        "short_term_average": 225553
    }, 
    {
        "accumulated_operating_revenue_yoy": 7.304760523431961, 
        "accumulated_operating_revenue": 2130712, 
        "long_term_average": 238065, 
        "date": "2013-09-30", 
        "operating_revenue": 224015, 
        "short_term_average": 229670
    }, 
    {
        "accumulated_operating_revenue_yoy": 2.172286766287724, 
        "accumulated_operating_revenue": 2308168, 
        "long_term_average": 230067, 
        "date": "2013-10-31", 
        "operating_revenue": 177456, 
        "short_term_average": 211119
    }, 
    {
        "accumulated_operating_revenue_yoy": -0.5168338984162613, 
        "accumulated_operating_revenue": 2487301, 
        "long_term_average": 224901, 
        "date": "2013-11-30", 
        "operating_revenue": 179133, 
        "short_term_average": 193534
    }, 
    {
        "accumulated_operating_revenue_yoy": -0.917270829799317, 
        "accumulated_operating_revenue": 2686866, 
        "long_term_average": 223905, 
        "date": "2013-12-31", 
        "operating_revenue": 199565, 
        "short_term_average": 185384
    }, 
    {
        "accumulated_operating_revenue_yoy": 1.0698195885814725, 
        "accumulated_operating_revenue": 246104, 
        "long_term_average": 224122, 
        "date": "2014-01-31", 
        "operating_revenue": 246104, 
        "short_term_average": 208267
    }, 
    {
        "accumulated_operating_revenue_yoy": -8.350105063437036, 
        "accumulated_operating_revenue": 413484, 
        "long_term_average": 220766, 
        "date": "2014-02-28", 
        "operating_revenue": 167380, 
        "short_term_average": 204349
    }, 
    {
        "accumulated_operating_revenue_yoy": -11.76705629357289, 
        "accumulated_operating_revenue": 635961, 
        "long_term_average": 216837, 
        "date": "2014-03-31", 
        "operating_revenue": 222477, 
        "short_term_average": 211987
    }, 
    {
        "accumulated_operating_revenue_yoy": -12.911927526883476, 
        "accumulated_operating_revenue": 853275, 
        "long_term_average": 213363, 
        "date": "2014-04-30", 
        "operating_revenue": 217314, 
        "short_term_average": 202390
    }, 
    {
        "accumulated_operating_revenue_yoy": -15.90911492906311, 
        "accumulated_operating_revenue": 1034349, 
        "long_term_average": 207598, 
        "date": "2014-05-31", 
        "operating_revenue": 181074, 
        "short_term_average": 206955
    }, 
    {
        "accumulated_operating_revenue_yoy": -17.141834541281444, 
        "accumulated_operating_revenue": 1194567, 
        "long_term_average": 203311, 
        "date": "2014-06-30", 
        "operating_revenue": 160218, 
        "short_term_average": 186202
    }, 
    {
        "accumulated_operating_revenue_yoy": -17.55112520226175, 
        "accumulated_operating_revenue": 1380862, 
        "long_term_average": 199409, 
        "date": "2014-07-31", 
        "operating_revenue": 186295, 
        "short_term_average": 175862
    }, 
    {
        "accumulated_operating_revenue_yoy": -18.772096457906002, 
        "accumulated_operating_revenue": 1548770, 
        "long_term_average": 194078, 
        "date": "2014-08-31", 
        "operating_revenue": 167908, 
        "short_term_average": 171473
    }, 
    {
        "accumulated_operating_revenue_yoy": -17.93682111894991, 
        "accumulated_operating_revenue": 1748530, 
        "long_term_average": 192057, 
        "date": "2014-09-30", 
        "operating_revenue": 199760, 
        "short_term_average": 184654
    }, 
    {
        "accumulated_operating_revenue_yoy": -16.91965229567345, 
        "accumulated_operating_revenue": 1917634, 
        "long_term_average": 191361, 
        "date": "2014-10-31", 
        "operating_revenue": 169104, 
        "short_term_average": 178924
    }, 
    {
        "accumulated_operating_revenue_yoy": -16.853448778414837, 
        "accumulated_operating_revenue": 2068105, 
        "long_term_average": 188972, 
        "date": "2014-11-30", 
        "operating_revenue": 150471, 
        "short_term_average": 173111
    }, 
    {
        "accumulated_operating_revenue_yoy": -17.80620991147307, 
        "accumulated_operating_revenue": 2208437, 
        "long_term_average": 184036, 
        "date": "2014-12-31", 
        "operating_revenue": 140332, 
        "short_term_average": 153302
    }, 
    {
        "accumulated_operating_revenue_yoy": -38.26837434580502, 
        "accumulated_operating_revenue": 151924, 
        "long_term_average": 176188, 
        "date": "2015-01-31", 
        "operating_revenue": 151924, 
        "short_term_average": 147575
    }, 
    {
        "accumulated_operating_revenue_yoy": -36.76756537133238, 
        "accumulated_operating_revenue": 261456, 
        "long_term_average": 171367, 
        "date": "2015-02-28", 
        "operating_revenue": 109532, 
        "short_term_average": 133929
    }, 
    {
        "accumulated_operating_revenue_yoy": -35.400283979678, 
        "accumulated_operating_revenue": 410829, 
        "long_term_average": 165275, 
        "date": "2015-03-31", 
        "operating_revenue": 149373, 
        "short_term_average": 136943
    }, 
    {
        "accumulated_operating_revenue_yoy": -35.37347279599191, 
        "accumulated_operating_revenue": 551442, 
        "long_term_average": 158883, 
        "date": "2015-04-30", 
        "operating_revenue": 140613, 
        "short_term_average": 133172
    }, 
    {
        "accumulated_operating_revenue_yoy": -35.55811433084964, 
        "accumulated_operating_revenue": 666554, 
        "long_term_average": 153386, 
        "date": "2015-05-31", 
        "operating_revenue": 115112, 
        "short_term_average": 135032
    }, 
    {
        "accumulated_operating_revenue_yoy": -34.78272880466311, 
        "accumulated_operating_revenue": 779064, 
        "long_term_average": 149411, 
        "date": "2015-06-30", 
        "operating_revenue": 112510, 
        "short_term_average": 122745
    }, 
    {
        "accumulated_operating_revenue_yoy": -34.12658180180206, 
        "accumulated_operating_revenue": 909621, 
        "long_term_average": 144766, 
        "date": "2015-07-31", 
        "operating_revenue": 130557, 
        "short_term_average": 119393
    }, 
    {
        "accumulated_operating_revenue_yoy": -31.96588260361448, 
        "accumulated_operating_revenue": 1053692, 
        "long_term_average": 142779, 
        "date": "2015-08-31", 
        "operating_revenue": 144071, 
        "short_term_average": 129046
    }
]