[
    {
        "date": "2011-09-30", 
        "operating_revenue": 240437, 
        "accumulated_operating_revenue": 240437, 
        "long_term_average": 240437, 
        "short_term_average": 240437
    }, 
    {
        "date": "2011-10-31", 
        "operating_revenue": 221186, 
        "accumulated_operating_revenue": 461623, 
        "long_term_average": 230811, 
        "short_term_average": 230811
    }, 
    {
        "date": "2011-11-30", 
        "operating_revenue": 278592, 
        "accumulated_operating_revenue": 740215, 
        "long_term_average": 246738, 
        "short_term_average": 246738
    }, 
    {
        "date": "2011-12-31", 
        "operating_revenue": 188862, 
        "accumulated_operating_revenue": 929077, 
        "long_term_average": 232269, 
        "short_term_average": 229546
    }, 
    {
        "date": "2012-01-31", 
        "operating_revenue": 174885, 
        "accumulated_operating_revenue": 174885, 
        "long_term_average": 220792, 
        "short_term_average": 214113
    }, 
    {
        "date": "2012-02-29", 
        "operating_revenue": 165416, 
        "accumulated_operating_revenue": 340301, 
        "long_term_average": 211563, 
        "short_term_average": 176387
    }, 
    {
        "date": "2012-03-31", 
        "operating_revenue": 184351, 
        "accumulated_operating_revenue": 524652, 
        "long_term_average": 207675, 
        "short_term_average": 174884
    }, 
    {
        "date": "2012-04-30", 
        "operating_revenue": 187328, 
        "accumulated_operating_revenue": 711980, 
        "long_term_average": 205132, 
        "short_term_average": 179031
    }, 
    {
        "date": "2012-05-31", 
        "operating_revenue": 183100, 
        "accumulated_operating_revenue": 895080, 
        "long_term_average": 202684, 
        "short_term_average": 184926
    }, 
    {
        "date": "2012-06-30", 
        "operating_revenue": 163199, 
        "accumulated_operating_revenue": 1058279, 
        "long_term_average": 198735, 
        "short_term_average": 177875
    }, 
    {
        "date": "2012-07-31", 
        "operating_revenue": 180793, 
        "accumulated_operating_revenue": 1239072, 
        "long_term_average": 197104, 
        "short_term_average": 175697
    }, 
    {
        "date": "2012-08-31", 
        "operating_revenue": 174601, 
        "accumulated_operating_revenue": 1413673, 
        "long_term_average": 195229, 
        "short_term_average": 172864
    }, 
    {
        "accumulated_operating_revenue_yoy": 554.569388238915, 
        "accumulated_operating_revenue": 1573827, 
        "long_term_average": 188538, 
        "date": "2012-09-30", 
        "operating_revenue": 160154, 
        "short_term_average": 171849
    }, 
    {
        "accumulated_operating_revenue_yoy": 274.8448409199715, 
        "accumulated_operating_revenue": 1730370, 
        "long_term_average": 183152, 
        "date": "2012-10-31", 
        "operating_revenue": 156543, 
        "short_term_average": 163766
    }, 
    {
        "accumulated_operating_revenue_yoy": 154.11724971798733, 
        "accumulated_operating_revenue": 1881014, 
        "long_term_average": 172489, 
        "date": "2012-11-30", 
        "operating_revenue": 150644, 
        "short_term_average": 155780
    }, 
    {
        "accumulated_operating_revenue_yoy": 116.47635233678156, 
        "accumulated_operating_revenue": 2011232, 
        "long_term_average": 167602, 
        "date": "2012-12-31", 
        "operating_revenue": 130218, 
        "short_term_average": 145801
    }, 
    {
        "accumulated_operating_revenue_yoy": -26.1863510306773, 
        "accumulated_operating_revenue": 129089, 
        "long_term_average": 163786, 
        "date": "2013-01-31", 
        "operating_revenue": 129089, 
        "short_term_average": 136650
    }, 
    {
        "accumulated_operating_revenue_yoy": -34.01312367580466, 
        "accumulated_operating_revenue": 224554, 
        "long_term_average": 157957, 
        "date": "2013-02-28", 
        "operating_revenue": 95465, 
        "short_term_average": 118257
    }, 
    {
        "accumulated_operating_revenue_yoy": -35.20123815405259, 
        "accumulated_operating_revenue": 339968, 
        "long_term_average": 152212, 
        "date": "2013-03-31", 
        "operating_revenue": 115414, 
        "short_term_average": 113322
    }, 
    {
        "accumulated_operating_revenue_yoy": -35.18118486474339, 
        "accumulated_operating_revenue": 461497, 
        "long_term_average": 146729, 
        "date": "2013-04-30", 
        "operating_revenue": 121529, 
        "short_term_average": 110802
    }, 
    {
        "accumulated_operating_revenue_yoy": -33.93506725655807, 
        "accumulated_operating_revenue": 591334, 
        "long_term_average": 142290, 
        "date": "2013-05-31", 
        "operating_revenue": 129837, 
        "short_term_average": 122260
    }, 
    {
        "accumulated_operating_revenue_yoy": -34.429862068509344, 
        "accumulated_operating_revenue": 693915, 
        "long_term_average": 137239, 
        "date": "2013-06-30", 
        "operating_revenue": 102581, 
        "short_term_average": 117982
    }, 
    {
        "accumulated_operating_revenue_yoy": -33.760265747268924, 
        "accumulated_operating_revenue": 820758, 
        "long_term_average": 132743, 
        "date": "2013-07-31", 
        "operating_revenue": 126843, 
        "short_term_average": 119753
    }, 
    {
        "accumulated_operating_revenue_yoy": -31.50919625684299, 
        "accumulated_operating_revenue": 968236, 
        "long_term_average": 130482, 
        "date": "2013-08-31", 
        "operating_revenue": 147478, 
        "short_term_average": 125634
    }, 
    {
        "accumulated_operating_revenue_yoy": -29.698753420801648, 
        "accumulated_operating_revenue": 1106420, 
        "long_term_average": 128652, 
        "date": "2013-09-30", 
        "operating_revenue": 138184, 
        "short_term_average": 137501
    }, 
    {
        "accumulated_operating_revenue_yoy": -28.968081970907956, 
        "accumulated_operating_revenue": 1229115, 
        "long_term_average": 125831, 
        "date": "2013-10-31", 
        "operating_revenue": 122695, 
        "short_term_average": 136119
    }, 
    {
        "accumulated_operating_revenue_yoy": -25.755789164780275, 
        "accumulated_operating_revenue": 1396544, 
        "long_term_average": 127230, 
        "date": "2013-11-30", 
        "operating_revenue": 167429, 
        "short_term_average": 142769
    }, 
    {
        "accumulated_operating_revenue_yoy": -22.28688684348698, 
        "accumulated_operating_revenue": 1562991, 
        "long_term_average": 130249, 
        "date": "2013-12-31", 
        "operating_revenue": 166447, 
        "short_term_average": 152190
    }, 
    {
        "accumulated_operating_revenue_yoy": -8.95893530819822, 
        "accumulated_operating_revenue": 117524, 
        "long_term_average": 129285, 
        "date": "2014-01-31", 
        "operating_revenue": 117524, 
        "short_term_average": 150466
    }, 
    {
        "accumulated_operating_revenue_yoy": -2.450190154706663, 
        "accumulated_operating_revenue": 219052, 
        "long_term_average": 129790, 
        "date": "2014-02-28", 
        "operating_revenue": 101528, 
        "short_term_average": 128499
    }, 
    {
        "accumulated_operating_revenue_yoy": 2.0646060805722892, 
        "accumulated_operating_revenue": 346987, 
        "long_term_average": 130834, 
        "date": "2014-03-31", 
        "operating_revenue": 127935, 
        "short_term_average": 115662
    }, 
    {
        "accumulated_operating_revenue_yoy": 8.671995700947136, 
        "accumulated_operating_revenue": 501518, 
        "long_term_average": 133584, 
        "date": "2014-04-30", 
        "operating_revenue": 154531, 
        "short_term_average": 127998
    }, 
    {
        "accumulated_operating_revenue_yoy": 11.099480158421468, 
        "accumulated_operating_revenue": 656969, 
        "long_term_average": 135718, 
        "date": "2014-05-31", 
        "operating_revenue": 155451, 
        "short_term_average": 145972
    }, 
    {
        "accumulated_operating_revenue_yoy": 16.140017149074453, 
        "accumulated_operating_revenue": 805913, 
        "long_term_average": 139582, 
        "date": "2014-06-30", 
        "operating_revenue": 148944, 
        "short_term_average": 152975
    }, 
    {
        "accumulated_operating_revenue_yoy": 14.972135513756795, 
        "accumulated_operating_revenue": 943643, 
        "long_term_average": 140489, 
        "date": "2014-07-31", 
        "operating_revenue": 137730, 
        "short_term_average": 147375
    }, 
    {
        "accumulated_operating_revenue_yoy": 7.109836857956118, 
        "accumulated_operating_revenue": 1037076, 
        "long_term_average": 135985, 
        "date": "2014-08-31", 
        "operating_revenue": 93433, 
        "short_term_average": 126702
    }, 
    {
        "accumulated_operating_revenue_yoy": 5.110536685887818, 
        "accumulated_operating_revenue": 1162964, 
        "long_term_average": 134961, 
        "date": "2014-09-30", 
        "operating_revenue": 125888, 
        "short_term_average": 119017
    }, 
    {
        "accumulated_operating_revenue_yoy": 3.6869617570365674, 
        "accumulated_operating_revenue": 1274432, 
        "long_term_average": 134025, 
        "date": "2014-10-31", 
        "operating_revenue": 111468, 
        "short_term_average": 110263
    }, 
    {
        "accumulated_operating_revenue_yoy": -1.32763450345997, 
        "accumulated_operating_revenue": 1378003, 
        "long_term_average": 128704, 
        "date": "2014-11-30", 
        "operating_revenue": 103571, 
        "short_term_average": 113642
    }, 
    {
        "accumulated_operating_revenue_yoy": -5.372647699187008, 
        "accumulated_operating_revenue": 1479017, 
        "long_term_average": 123251, 
        "date": "2014-12-31", 
        "operating_revenue": 101014, 
        "short_term_average": 105351
    }, 
    {
        "accumulated_operating_revenue_yoy": -20.613661890337294, 
        "accumulated_operating_revenue": 93298, 
        "long_term_average": 121232, 
        "date": "2015-01-31", 
        "operating_revenue": 93298, 
        "short_term_average": 99294
    }, 
    {
        "accumulated_operating_revenue_yoy": -15.23747785913847, 
        "accumulated_operating_revenue": 185674, 
        "long_term_average": 120469, 
        "date": "2015-02-28", 
        "operating_revenue": 92376, 
        "short_term_average": 95562
    }, 
    {
        "accumulated_operating_revenue_yoy": -15.466573675670848, 
        "accumulated_operating_revenue": 293320, 
        "long_term_average": 118779, 
        "date": "2015-03-31", 
        "operating_revenue": 107646, 
        "short_term_average": 97773
    }, 
    {
        "accumulated_operating_revenue_yoy": -22.2963084076743, 
        "accumulated_operating_revenue": 389698, 
        "long_term_average": 113933, 
        "date": "2015-04-30", 
        "operating_revenue": 96378, 
        "short_term_average": 98800
    }, 
    {
        "accumulated_operating_revenue_yoy": -28.327364000432286, 
        "accumulated_operating_revenue": 470867, 
        "long_term_average": 107742, 
        "date": "2015-05-31", 
        "operating_revenue": 81169, 
        "short_term_average": 95064
    }, 
    {
        "accumulated_operating_revenue_yoy": -32.06698489787359, 
        "accumulated_operating_revenue": 547481, 
        "long_term_average": 101715, 
        "date": "2015-06-30", 
        "operating_revenue": 76614, 
        "short_term_average": 84720
    }, 
    {
        "accumulated_operating_revenue_yoy": -35.74158871522387, 
        "accumulated_operating_revenue": 606370, 
        "long_term_average": 95145, 
        "date": "2015-07-31", 
        "operating_revenue": 58889, 
        "short_term_average": 72224
    }, 
    {
        "accumulated_operating_revenue_yoy": -35.50328037675156, 
        "accumulated_operating_revenue": 668880, 
        "long_term_average": 92568, 
        "date": "2015-08-31", 
        "operating_revenue": 62510, 
        "short_term_average": 66004
    }
]