[
    {
        "date": "2011-09-30", 
        "operating_revenue": 214051, 
        "accumulated_operating_revenue": 214051, 
        "long_term_average": 214051, 
        "short_term_average": 214051
    }, 
    {
        "date": "2011-10-31", 
        "operating_revenue": 145681, 
        "accumulated_operating_revenue": 359732, 
        "long_term_average": 179866, 
        "short_term_average": 179866
    }, 
    {
        "date": "2011-11-30", 
        "operating_revenue": 151577, 
        "accumulated_operating_revenue": 511309, 
        "long_term_average": 170436, 
        "short_term_average": 170436
    }, 
    {
        "date": "2011-12-31", 
        "operating_revenue": 160145, 
        "accumulated_operating_revenue": 671454, 
        "long_term_average": 167863, 
        "short_term_average": 152467
    }, 
    {
        "date": "2012-01-31", 
        "operating_revenue": 151412, 
        "accumulated_operating_revenue": 151412, 
        "long_term_average": 164573, 
        "short_term_average": 154378
    }, 
    {
        "date": "2012-02-29", 
        "operating_revenue": 130946, 
        "accumulated_operating_revenue": 282358, 
        "long_term_average": 158968, 
        "short_term_average": 147501
    }, 
    {
        "date": "2012-03-31", 
        "operating_revenue": 156764, 
        "accumulated_operating_revenue": 439122, 
        "long_term_average": 158653, 
        "short_term_average": 146374
    }, 
    {
        "date": "2012-04-30", 
        "operating_revenue": 165360, 
        "accumulated_operating_revenue": 604482, 
        "long_term_average": 159492, 
        "short_term_average": 151023
    }, 
    {
        "date": "2012-05-31", 
        "operating_revenue": 163734, 
        "accumulated_operating_revenue": 768216, 
        "long_term_average": 159963, 
        "short_term_average": 161952
    }, 
    {
        "date": "2012-06-30", 
        "operating_revenue": 149366, 
        "accumulated_operating_revenue": 917582, 
        "long_term_average": 158903, 
        "short_term_average": 159486
    }, 
    {
        "date": "2012-07-31", 
        "operating_revenue": 170953, 
        "accumulated_operating_revenue": 1088535, 
        "long_term_average": 159999, 
        "short_term_average": 161351
    }, 
    {
        "date": "2012-08-31", 
        "operating_revenue": 157079, 
        "accumulated_operating_revenue": 1245614, 
        "long_term_average": 159755, 
        "short_term_average": 159132
    }, 
    {
        "accumulated_operating_revenue_yoy": 567.0209436068975, 
        "accumulated_operating_revenue": 1427765, 
        "long_term_average": 157097, 
        "date": "2012-09-30", 
        "operating_revenue": 182151, 
        "short_term_average": 170061
    }, 
    {
        "accumulated_operating_revenue_yoy": 330.8126605361769, 
        "accumulated_operating_revenue": 1549771, 
        "long_term_average": 155124, 
        "date": "2012-10-31", 
        "operating_revenue": 122006, 
        "short_term_average": 153745
    }, 
    {
        "accumulated_operating_revenue_yoy": 226.80453502676463, 
        "accumulated_operating_revenue": 1670981, 
        "long_term_average": 152593, 
        "date": "2012-11-30", 
        "operating_revenue": 121210, 
        "short_term_average": 141789
    }, 
    {
        "accumulated_operating_revenue_yoy": 169.17793326125096, 
        "accumulated_operating_revenue": 1807406, 
        "long_term_average": 150617, 
        "date": "2012-12-31", 
        "operating_revenue": 136425, 
        "short_term_average": 126547
    }, 
    {
        "accumulated_operating_revenue_yoy": 11.987821308746994, 
        "accumulated_operating_revenue": 169563, 
        "long_term_average": 152129, 
        "date": "2013-01-31", 
        "operating_revenue": 169563, 
        "short_term_average": 142399
    }, 
    {
        "accumulated_operating_revenue_yoy": -9.369665460160505, 
        "accumulated_operating_revenue": 255902, 
        "long_term_average": 148412, 
        "date": "2013-02-28", 
        "operating_revenue": 86339, 
        "short_term_average": 130775
    }, 
    {
        "accumulated_operating_revenue_yoy": -11.708363507180238, 
        "accumulated_operating_revenue": 387708, 
        "long_term_average": 146332, 
        "date": "2013-03-31", 
        "operating_revenue": 131806, 
        "short_term_average": 129236
    }, 
    {
        "accumulated_operating_revenue_yoy": -14.791838301223196, 
        "accumulated_operating_revenue": 515068, 
        "long_term_average": 143166, 
        "date": "2013-04-30", 
        "operating_revenue": 127360, 
        "short_term_average": 115168
    }, 
    {
        "accumulated_operating_revenue_yoy": -14.688577171003988, 
        "accumulated_operating_revenue": 655376, 
        "long_term_average": 141213, 
        "date": "2013-05-31", 
        "operating_revenue": 140308, 
        "short_term_average": 133158
    }, 
    {
        "accumulated_operating_revenue_yoy": -16.836533410637962, 
        "accumulated_operating_revenue": 763093, 
        "long_term_average": 137743, 
        "date": "2013-06-30", 
        "operating_revenue": 107717, 
        "short_term_average": 125128
    }, 
    {
        "accumulated_operating_revenue_yoy": -16.472047292921218, 
        "accumulated_operating_revenue": 909231, 
        "long_term_average": 135675, 
        "date": "2013-07-31", 
        "operating_revenue": 146138, 
        "short_term_average": 131387
    }, 
    {
        "accumulated_operating_revenue_yoy": -15.755844105798426, 
        "accumulated_operating_revenue": 1049357, 
        "long_term_average": 134262, 
        "date": "2013-08-31", 
        "operating_revenue": 140126, 
        "short_term_average": 131327
    }, 
    {
        "accumulated_operating_revenue_yoy": -16.644405767055503, 
        "accumulated_operating_revenue": 1190122, 
        "long_term_average": 130813, 
        "date": "2013-09-30", 
        "operating_revenue": 140765, 
        "short_term_average": 142343
    }, 
    {
        "accumulated_operating_revenue_yoy": -14.886909098182894, 
        "accumulated_operating_revenue": 1319058, 
        "long_term_average": 131391, 
        "date": "2013-10-31", 
        "operating_revenue": 128936, 
        "short_term_average": 136609
    }, 
    {
        "accumulated_operating_revenue_yoy": -12.402534798420808, 
        "accumulated_operating_revenue": 1463737, 
        "long_term_average": 133346, 
        "date": "2013-11-30", 
        "operating_revenue": 144679, 
        "short_term_average": 138126
    }, 
    {
        "accumulated_operating_revenue_yoy": -11.168270991686429, 
        "accumulated_operating_revenue": 1605550, 
        "long_term_average": 133795, 
        "date": "2013-12-31", 
        "operating_revenue": 141813, 
        "short_term_average": 138476
    }, 
    {
        "accumulated_operating_revenue_yoy": -15.96456774178329, 
        "accumulated_operating_revenue": 142493, 
        "long_term_average": 131540, 
        "date": "2014-01-31", 
        "operating_revenue": 142493, 
        "short_term_average": 142995
    }, 
    {
        "accumulated_operating_revenue_yoy": -10.264085470219069, 
        "accumulated_operating_revenue": 229636, 
        "long_term_average": 131607, 
        "date": "2014-02-28", 
        "operating_revenue": 87143, 
        "short_term_average": 123816
    }, 
    {
        "accumulated_operating_revenue_yoy": -8.419480640069331, 
        "accumulated_operating_revenue": 355065, 
        "long_term_average": 131075, 
        "date": "2014-03-31", 
        "operating_revenue": 125429, 
        "short_term_average": 118355
    }, 
    {
        "accumulated_operating_revenue_yoy": -3.1555056808033113, 
        "accumulated_operating_revenue": 498815, 
        "long_term_average": 132441, 
        "date": "2014-04-30", 
        "operating_revenue": 143750, 
        "short_term_average": 118774
    }, 
    {
        "accumulated_operating_revenue_yoy": 0.26168184370498765, 
        "accumulated_operating_revenue": 657091, 
        "long_term_average": 133938, 
        "date": "2014-05-31", 
        "operating_revenue": 158276, 
        "short_term_average": 142485
    }, 
    {
        "accumulated_operating_revenue_yoy": 3.157020179715972, 
        "accumulated_operating_revenue": 787184, 
        "long_term_average": 135803, 
        "date": "2014-06-30", 
        "operating_revenue": 130093, 
        "short_term_average": 144039
    }, 
    {
        "accumulated_operating_revenue_yoy": 3.929364484932872, 
        "accumulated_operating_revenue": 944958, 
        "long_term_average": 136773, 
        "date": "2014-07-31", 
        "operating_revenue": 157774, 
        "short_term_average": 148714
    }, 
    {
        "accumulated_operating_revenue_yoy": 5.250262779969067, 
        "accumulated_operating_revenue": 1104451, 
        "long_term_average": 138387, 
        "date": "2014-08-31", 
        "operating_revenue": 159493, 
        "short_term_average": 149120
    }, 
    {
        "accumulated_operating_revenue_yoy": 5.839653413683639, 
        "accumulated_operating_revenue": 1259621, 
        "long_term_average": 139587, 
        "date": "2014-09-30", 
        "operating_revenue": 155170, 
        "short_term_average": 157479
    }, 
    {
        "accumulated_operating_revenue_yoy": 6.382054466141747, 
        "accumulated_operating_revenue": 1403241, 
        "long_term_average": 140811, 
        "date": "2014-10-31", 
        "operating_revenue": 143620, 
        "short_term_average": 152761
    }, 
    {
        "accumulated_operating_revenue_yoy": 6.365419470847564, 
        "accumulated_operating_revenue": 1556910, 
        "long_term_average": 141560, 
        "date": "2014-11-30", 
        "operating_revenue": 153669, 
        "short_term_average": 150819
    }, 
    {
        "accumulated_operating_revenue_yoy": 6.016442963470462, 
        "accumulated_operating_revenue": 1702147, 
        "long_term_average": 141845, 
        "date": "2014-12-31", 
        "operating_revenue": 145237, 
        "short_term_average": 147508
    }, 
    {
        "accumulated_operating_revenue_yoy": 15.284259577663464, 
        "accumulated_operating_revenue": 164272, 
        "long_term_average": 143660, 
        "date": "2015-01-31", 
        "operating_revenue": 164272, 
        "short_term_average": 154392
    }, 
    {
        "accumulated_operating_revenue_yoy": 20.235503144106325, 
        "accumulated_operating_revenue": 276104, 
        "long_term_average": 145717, 
        "date": "2015-02-28", 
        "operating_revenue": 111832, 
        "short_term_average": 140447
    }, 
    {
        "accumulated_operating_revenue_yoy": 15.91145283257995, 
        "accumulated_operating_revenue": 411561, 
        "long_term_average": 146553, 
        "date": "2015-03-31", 
        "operating_revenue": 135457, 
        "short_term_average": 137187
    }, 
    {
        "accumulated_operating_revenue_yoy": 7.68601585758247, 
        "accumulated_operating_revenue": 537154, 
        "long_term_average": 145040, 
        "date": "2015-04-30", 
        "operating_revenue": 125593, 
        "short_term_average": 124294
    }, 
    {
        "accumulated_operating_revenue_yoy": 0.006543994667405275, 
        "accumulated_operating_revenue": 657134, 
        "long_term_average": 141849, 
        "date": "2015-05-31", 
        "operating_revenue": 119980, 
        "short_term_average": 127010
    }, 
    {
        "accumulated_operating_revenue_yoy": 0.31390373788085124, 
        "accumulated_operating_revenue": 789655, 
        "long_term_average": 142051, 
        "date": "2015-06-30", 
        "operating_revenue": 132521, 
        "short_term_average": 126031
    }, 
    {
        "accumulated_operating_revenue_yoy": -3.451581975071908, 
        "accumulated_operating_revenue": 912342, 
        "long_term_average": 139127, 
        "date": "2015-07-31", 
        "operating_revenue": 122687, 
        "short_term_average": 125062
    }, 
    {
        "accumulated_operating_revenue_yoy": -4.28837494827747, 
        "accumulated_operating_revenue": 1057088, 
        "long_term_average": 137898, 
        "date": "2015-08-31", 
        "operating_revenue": 144746, 
        "short_term_average": 133318
    }, 
    {
        "accumulated_operating_revenue_yoy": -1.6843955443740617, 
        "accumulated_operating_revenue": 1238404, 
        "long_term_average": 140077, 
        "date": "2015-09-30", 
        "operating_revenue": 181316, 
        "short_term_average": 149583
    }, 
    {
        "accumulated_operating_revenue_yoy": -1.2267315450446503, 
        "accumulated_operating_revenue": 1386027, 
        "long_term_average": 140411, 
        "date": "2015-10-31", 
        "operating_revenue": 147623, 
        "short_term_average": 157895
    }
]