[
    {
        "date": "2011-09-30", 
        "operating_revenue": 206782, 
        "accumulated_operating_revenue": 206782, 
        "long_term_average": 206782, 
        "short_term_average": 206782
    }, 
    {
        "date": "2011-10-31", 
        "operating_revenue": 192437, 
        "accumulated_operating_revenue": 399219, 
        "long_term_average": 199609, 
        "short_term_average": 199609
    }, 
    {
        "date": "2011-11-30", 
        "operating_revenue": 185854, 
        "accumulated_operating_revenue": 585073, 
        "long_term_average": 195024, 
        "short_term_average": 195024
    }, 
    {
        "date": "2011-12-31", 
        "operating_revenue": 219951, 
        "accumulated_operating_revenue": 805024, 
        "long_term_average": 201256, 
        "short_term_average": 199414
    }, 
    {
        "date": "2012-01-31", 
        "operating_revenue": 152705, 
        "accumulated_operating_revenue": 152705, 
        "long_term_average": 191545, 
        "short_term_average": 186170
    }, 
    {
        "date": "2012-02-29", 
        "operating_revenue": 157167, 
        "accumulated_operating_revenue": 309872, 
        "long_term_average": 185816, 
        "short_term_average": 176607
    }, 
    {
        "date": "2012-03-31", 
        "operating_revenue": 219038, 
        "accumulated_operating_revenue": 528910, 
        "long_term_average": 190562, 
        "short_term_average": 176303
    }, 
    {
        "date": "2012-04-30", 
        "operating_revenue": 219418, 
        "accumulated_operating_revenue": 748328, 
        "long_term_average": 194169, 
        "short_term_average": 198541
    }, 
    {
        "date": "2012-05-31", 
        "operating_revenue": 219853, 
        "accumulated_operating_revenue": 968181, 
        "long_term_average": 197022, 
        "short_term_average": 219436
    }, 
    {
        "date": "2012-06-30", 
        "operating_revenue": 243459, 
        "accumulated_operating_revenue": 1211640, 
        "long_term_average": 201666, 
        "short_term_average": 227576
    }, 
    {
        "date": "2012-07-31", 
        "operating_revenue": 210588, 
        "accumulated_operating_revenue": 1422228, 
        "long_term_average": 202477, 
        "short_term_average": 224633
    }, 
    {
        "date": "2012-08-31", 
        "operating_revenue": 230356, 
        "accumulated_operating_revenue": 1652584, 
        "long_term_average": 204800, 
        "short_term_average": 228134
    }, 
    {
        "accumulated_operating_revenue_yoy": 823.1151647628903, 
        "accumulated_operating_revenue": 1908836, 
        "long_term_average": 208923, 
        "date": "2012-09-30", 
        "operating_revenue": 256252, 
        "short_term_average": 232398
    }, 
    {
        "accumulated_operating_revenue_yoy": 427.25346238530733, 
        "accumulated_operating_revenue": 2104896, 
        "long_term_average": 209225, 
        "date": "2012-10-31", 
        "operating_revenue": 196060, 
        "short_term_average": 227556
    }, 
    {
        "accumulated_operating_revenue_yoy": 289.4397793095904, 
        "accumulated_operating_revenue": 2278507, 
        "long_term_average": 208204, 
        "date": "2012-11-30", 
        "operating_revenue": 173611, 
        "short_term_average": 208641
    }, 
    {
        "accumulated_operating_revenue_yoy": 206.97035119449856, 
        "accumulated_operating_revenue": 2471185, 
        "long_term_average": 205932, 
        "date": "2012-12-31", 
        "operating_revenue": 192678, 
        "short_term_average": 187449
    }, 
    {
        "accumulated_operating_revenue_yoy": 10.778952883009724, 
        "accumulated_operating_revenue": 169165, 
        "long_term_average": 207303, 
        "date": "2013-01-31", 
        "operating_revenue": 169165, 
        "short_term_average": 178484
    }, 
    {
        "accumulated_operating_revenue_yoy": -18.662867248412248, 
        "accumulated_operating_revenue": 252041, 
        "long_term_average": 201112, 
        "date": "2013-02-28", 
        "operating_revenue": 82876, 
        "short_term_average": 148239
    }, 
    {
        "accumulated_operating_revenue_yoy": -21.405721200204194, 
        "accumulated_operating_revenue": 415693, 
        "long_term_average": 196497, 
        "date": "2013-03-31", 
        "operating_revenue": 163652, 
        "short_term_average": 138564
    }, 
    {
        "accumulated_operating_revenue_yoy": -18.99982360676067, 
        "accumulated_operating_revenue": 606147, 
        "long_term_average": 194083, 
        "date": "2013-04-30", 
        "operating_revenue": 190454, 
        "short_term_average": 145660
    }, 
    {
        "accumulated_operating_revenue_yoy": -17.557460846680527, 
        "accumulated_operating_revenue": 798193, 
        "long_term_average": 191766, 
        "date": "2013-05-31", 
        "operating_revenue": 192046, 
        "short_term_average": 182050
    }, 
    {
        "accumulated_operating_revenue_yoy": -15.75418441121125, 
        "accumulated_operating_revenue": 1020756, 
        "long_term_average": 190025, 
        "date": "2013-06-30", 
        "operating_revenue": 222563, 
        "short_term_average": 201687
    }, 
    {
        "accumulated_operating_revenue_yoy": -14.566300199405442, 
        "accumulated_operating_revenue": 1215062, 
        "long_term_average": 188668, 
        "date": "2013-07-31", 
        "operating_revenue": 194306, 
        "short_term_average": 202971
    }, 
    {
        "accumulated_operating_revenue_yoy": -15.585773552206724, 
        "accumulated_operating_revenue": 1395016, 
        "long_term_average": 184468, 
        "date": "2013-08-31", 
        "operating_revenue": 179954, 
        "short_term_average": 198941
    }, 
    {
        "accumulated_operating_revenue_yoy": -14.342038813182484, 
        "accumulated_operating_revenue": 1635070, 
        "long_term_average": 183118, 
        "date": "2013-09-30", 
        "operating_revenue": 240054, 
        "short_term_average": 204771
    }, 
    {
        "accumulated_operating_revenue_yoy": -14.481190519626622, 
        "accumulated_operating_revenue": 1800082, 
        "long_term_average": 180530, 
        "date": "2013-10-31", 
        "operating_revenue": 165012, 
        "short_term_average": 195006
    }, 
    {
        "accumulated_operating_revenue_yoy": -13.70261315852881, 
        "accumulated_operating_revenue": 1966292, 
        "long_term_average": 179914, 
        "date": "2013-11-30", 
        "operating_revenue": 166210, 
        "short_term_average": 190425
    }, 
    {
        "accumulated_operating_revenue_yoy": -12.804585654250896, 
        "accumulated_operating_revenue": 2154760, 
        "long_term_average": 179563, 
        "date": "2013-12-31", 
        "operating_revenue": 188468, 
        "short_term_average": 173230
    }, 
    {
        "accumulated_operating_revenue_yoy": -20.221085922028788, 
        "accumulated_operating_revenue": 134958, 
        "long_term_average": 176712, 
        "date": "2014-01-31", 
        "operating_revenue": 134958, 
        "short_term_average": 163212
    }, 
    {
        "accumulated_operating_revenue_yoy": 2.872945274776723, 
        "accumulated_operating_revenue": 259282, 
        "long_term_average": 180166, 
        "date": "2014-02-28", 
        "operating_revenue": 124324, 
        "short_term_average": 149250
    }, 
    {
        "accumulated_operating_revenue_yoy": 10.020616175879796, 
        "accumulated_operating_revenue": 457348, 
        "long_term_average": 183034, 
        "date": "2014-03-31", 
        "operating_revenue": 198066, 
        "short_term_average": 152449
    }, 
    {
        "accumulated_operating_revenue_yoy": 6.797855965632099, 
        "accumulated_operating_revenue": 647352, 
        "long_term_average": 182997, 
        "date": "2014-04-30", 
        "operating_revenue": 190004, 
        "short_term_average": 170798
    }, 
    {
        "accumulated_operating_revenue_yoy": 5.826660970467042, 
        "accumulated_operating_revenue": 844701, 
        "long_term_average": 183439, 
        "date": "2014-05-31", 
        "operating_revenue": 197349, 
        "short_term_average": 195139
    }, 
    {
        "accumulated_operating_revenue_yoy": 0.47298276963348734, 
        "accumulated_operating_revenue": 1025584, 
        "long_term_average": 179965, 
        "date": "2014-06-30", 
        "operating_revenue": 180883, 
        "short_term_average": 189412
    }, 
    {
        "accumulated_operating_revenue_yoy": -1.2806753894039975, 
        "accumulated_operating_revenue": 1199501, 
        "long_term_average": 178266, 
        "date": "2014-07-31", 
        "operating_revenue": 173917, 
        "short_term_average": 184049
    }, 
    {
        "accumulated_operating_revenue_yoy": -0.7351887003446556, 
        "accumulated_operating_revenue": 1384760, 
        "long_term_average": 178708, 
        "date": "2014-08-31", 
        "operating_revenue": 185259, 
        "short_term_average": 180019
    }, 
    {
        "accumulated_operating_revenue_yoy": -4.459992538545751, 
        "accumulated_operating_revenue": 1562146, 
        "long_term_average": 173486, 
        "date": "2014-09-30", 
        "operating_revenue": 177386, 
        "short_term_average": 178854
    }, 
    {
        "accumulated_operating_revenue_yoy": -3.494729684536593, 
        "accumulated_operating_revenue": 1737174, 
        "long_term_average": 174321, 
        "date": "2014-10-31", 
        "operating_revenue": 175028, 
        "short_term_average": 179224
    }, 
    {
        "accumulated_operating_revenue_yoy": -2.1244047171020375, 
        "accumulated_operating_revenue": 1924520, 
        "long_term_average": 176082, 
        "date": "2014-11-30", 
        "operating_revenue": 187346, 
        "short_term_average": 179920
    }, 
    {
        "accumulated_operating_revenue_yoy": -0.3499229612578663, 
        "accumulated_operating_revenue": 2147220, 
        "long_term_average": 178935, 
        "date": "2014-12-31", 
        "operating_revenue": 222700, 
        "short_term_average": 195024
    }, 
    {
        "accumulated_operating_revenue_yoy": 15.438877280339069, 
        "accumulated_operating_revenue": 155794, 
        "long_term_average": 180671, 
        "date": "2015-01-31", 
        "operating_revenue": 155794, 
        "short_term_average": 188613
    }, 
    {
        "accumulated_operating_revenue_yoy": 5.4971035397752255, 
        "accumulated_operating_revenue": 273535, 
        "long_term_average": 180122, 
        "date": "2015-02-28", 
        "operating_revenue": 117741, 
        "short_term_average": 165411
    }, 
    {
        "accumulated_operating_revenue_yoy": -3.1789796828673134, 
        "accumulated_operating_revenue": 442809, 
        "long_term_average": 177723, 
        "date": "2015-03-31", 
        "operating_revenue": 169274, 
        "short_term_average": 147603
    }, 
    {
        "accumulated_operating_revenue_yoy": -2.598122814172197, 
        "accumulated_operating_revenue": 630533, 
        "long_term_average": 177533, 
        "date": "2015-04-30", 
        "operating_revenue": 187724, 
        "short_term_average": 158246
    }, 
    {
        "accumulated_operating_revenue_yoy": -7.705921977125634, 
        "accumulated_operating_revenue": 779609, 
        "long_term_average": 173510, 
        "date": "2015-05-31", 
        "operating_revenue": 149076, 
        "short_term_average": 168691
    }, 
    {
        "accumulated_operating_revenue_yoy": -4.268397322891153, 
        "accumulated_operating_revenue": 981808, 
        "long_term_average": 175287, 
        "date": "2015-06-30", 
        "operating_revenue": 202199, 
        "short_term_average": 179666
    }, 
    {
        "accumulated_operating_revenue_yoy": -4.042180873546583, 
        "accumulated_operating_revenue": 1151015, 
        "long_term_average": 174894, 
        "date": "2015-07-31", 
        "operating_revenue": 169207, 
        "short_term_average": 173494
    }, 
    {
        "accumulated_operating_revenue_yoy": -4.954432537046131, 
        "accumulated_operating_revenue": 1316153, 
        "long_term_average": 173217, 
        "date": "2015-08-31", 
        "operating_revenue": 165138, 
        "short_term_average": 178848
    }
]