[
    {
        "date": "2012-01-31", 
        "operating_revenue": 170429, 
        "accumulated_operating_revenue": 170429, 
        "long_term_average": 170429, 
        "short_term_average": 170429
    }, 
    {
        "date": "2012-02-29", 
        "operating_revenue": 213301, 
        "accumulated_operating_revenue": 383730, 
        "long_term_average": 191865, 
        "short_term_average": 191865
    }, 
    {
        "date": "2012-03-31", 
        "operating_revenue": 225913, 
        "accumulated_operating_revenue": 609643, 
        "long_term_average": 203214, 
        "short_term_average": 203214
    }, 
    {
        "date": "2012-04-30", 
        "operating_revenue": 241286, 
        "accumulated_operating_revenue": 850929, 
        "long_term_average": 212732, 
        "short_term_average": 226833
    }, 
    {
        "date": "2012-05-31", 
        "operating_revenue": 243151, 
        "accumulated_operating_revenue": 1094080, 
        "long_term_average": 218816, 
        "short_term_average": 236783
    }, 
    {
        "date": "2012-06-30", 
        "operating_revenue": 244161, 
        "accumulated_operating_revenue": 1338241, 
        "long_term_average": 223040, 
        "short_term_average": 242866
    }, 
    {
        "date": "2012-07-31", 
        "operating_revenue": 249211, 
        "accumulated_operating_revenue": 1587452, 
        "long_term_average": 226778, 
        "short_term_average": 245507
    }, 
    {
        "date": "2012-08-31", 
        "operating_revenue": 234239, 
        "accumulated_operating_revenue": 1821691, 
        "long_term_average": 227711, 
        "short_term_average": 242537
    }, 
    {
        "date": "2012-09-30", 
        "operating_revenue": 217188, 
        "accumulated_operating_revenue": 2038879, 
        "long_term_average": 226542, 
        "short_term_average": 233546
    }, 
    {
        "date": "2012-10-31", 
        "operating_revenue": 205228, 
        "accumulated_operating_revenue": 2244107, 
        "long_term_average": 224410, 
        "short_term_average": 218885
    }, 
    {
        "date": "2012-11-30", 
        "operating_revenue": 200383, 
        "accumulated_operating_revenue": 2444490, 
        "long_term_average": 222226, 
        "short_term_average": 207599
    }, 
    {
        "date": "2012-12-31", 
        "operating_revenue": 178930, 
        "accumulated_operating_revenue": 2623420, 
        "long_term_average": 218618, 
        "short_term_average": 194847
    }, 
    {
        "accumulated_operating_revenue_yoy": 15.276156053253848, 
        "accumulated_operating_revenue": 196464, 
        "long_term_average": 220787, 
        "date": "2013-01-31", 
        "operating_revenue": 196464, 
        "short_term_average": 191925
    }, 
    {
        "accumulated_operating_revenue_yoy": -9.91295963307534, 
        "accumulated_operating_revenue": 345691, 
        "long_term_average": 215448, 
        "date": "2013-02-28", 
        "operating_revenue": 149227, 
        "short_term_average": 174873
    }, 
    {
        "accumulated_operating_revenue_yoy": -6.442130886436816, 
        "accumulated_operating_revenue": 570369, 
        "long_term_average": 215345, 
        "date": "2013-03-31", 
        "operating_revenue": 224678, 
        "short_term_average": 190123
    }, 
    {
        "accumulated_operating_revenue_yoy": -7.984567455099074, 
        "accumulated_operating_revenue": 782986, 
        "long_term_average": 212956, 
        "date": "2013-04-30", 
        "operating_revenue": 212617, 
        "short_term_average": 195507
    }, 
    {
        "accumulated_operating_revenue_yoy": -6.83313834454519, 
        "accumulated_operating_revenue": 1019320, 
        "long_term_average": 212388, 
        "date": "2013-05-31", 
        "operating_revenue": 236334, 
        "short_term_average": 224543
    }, 
    {
        "accumulated_operating_revenue_yoy": -8.264580146625308, 
        "accumulated_operating_revenue": 1227641, 
        "long_term_average": 209401, 
        "date": "2013-06-30", 
        "operating_revenue": 208321, 
        "short_term_average": 219090
    }, 
    {
        "accumulated_operating_revenue_yoy": -7.159082605332319, 
        "accumulated_operating_revenue": 1473805, 
        "long_term_average": 209147, 
        "date": "2013-07-31", 
        "operating_revenue": 246164, 
        "short_term_average": 230273
    }, 
    {
        "accumulated_operating_revenue_yoy": -6.163064976442217, 
        "accumulated_operating_revenue": 1709419, 
        "long_term_average": 209262, 
        "date": "2013-08-31", 
        "operating_revenue": 235614, 
        "short_term_average": 230033
    }, 
    {
        "accumulated_operating_revenue_yoy": -5.678365415505285, 
        "accumulated_operating_revenue": 1923104, 
        "long_term_average": 208970, 
        "date": "2013-09-30", 
        "operating_revenue": 213685, 
        "short_term_average": 231821
    }, 
    {
        "accumulated_operating_revenue_yoy": -4.906405977968074, 
        "accumulated_operating_revenue": 2134002, 
        "long_term_average": 209442, 
        "date": "2013-10-31", 
        "operating_revenue": 210898, 
        "short_term_average": 220065
    }, 
    {
        "accumulated_operating_revenue_yoy": -4.153668045277338, 
        "accumulated_operating_revenue": 2342954, 
        "long_term_average": 210157, 
        "date": "2013-11-30", 
        "operating_revenue": 208952, 
        "short_term_average": 211178
    }, 
    {
        "accumulated_operating_revenue_yoy": -2.983815020088282, 
        "accumulated_operating_revenue": 2545142, 
        "long_term_average": 212095, 
        "date": "2013-12-31", 
        "operating_revenue": 202188, 
        "short_term_average": 207346
    }, 
    {
        "accumulated_operating_revenue_yoy": 4.708750712598746, 
        "accumulated_operating_revenue": 205715, 
        "long_term_average": 212866, 
        "date": "2014-01-31", 
        "operating_revenue": 205715, 
        "short_term_average": 205618
    }, 
    {
        "accumulated_operating_revenue_yoy": 19.930515981035086, 
        "accumulated_operating_revenue": 414589, 
        "long_term_average": 217836, 
        "date": "2014-02-28", 
        "operating_revenue": 208874, 
        "short_term_average": 205592
    }, 
    {
        "accumulated_operating_revenue_yoy": 15.012211392975425, 
        "accumulated_operating_revenue": 655994, 
        "long_term_average": 219230, 
        "date": "2014-03-31", 
        "operating_revenue": 241405, 
        "short_term_average": 218664
    }, 
    {
        "accumulated_operating_revenue_yoy": 16.815626333037883, 
        "accumulated_operating_revenue": 914650, 
        "long_term_average": 223067, 
        "date": "2014-04-30", 
        "operating_revenue": 258656, 
        "short_term_average": 236311
    }, 
    {
        "accumulated_operating_revenue_yoy": 22.375603343405405, 
        "accumulated_operating_revenue": 1247399, 
        "long_term_average": 231101, 
        "date": "2014-05-31", 
        "operating_revenue": 332749, 
        "short_term_average": 277603
    }, 
    {
        "accumulated_operating_revenue_yoy": 26.208883541686863, 
        "accumulated_operating_revenue": 1549392, 
        "long_term_average": 238907, 
        "date": "2014-06-30", 
        "operating_revenue": 301993, 
        "short_term_average": 297799
    }, 
    {
        "accumulated_operating_revenue_yoy": 26.514973147736644, 
        "accumulated_operating_revenue": 1864584, 
        "long_term_average": 244660, 
        "date": "2014-07-31", 
        "operating_revenue": 315192, 
        "short_term_average": 316644
    }, 
    {
        "accumulated_operating_revenue_yoy": 26.158887902848864, 
        "accumulated_operating_revenue": 2156584, 
        "long_term_average": 249358, 
        "date": "2014-08-31", 
        "operating_revenue": 292000, 
        "short_term_average": 303061
    }, 
    {
        "accumulated_operating_revenue_yoy": 26.86136579196965, 
        "accumulated_operating_revenue": 2439676, 
        "long_term_average": 255142, 
        "date": "2014-09-30", 
        "operating_revenue": 283092, 
        "short_term_average": 296761
    }, 
    {
        "accumulated_operating_revenue_yoy": 27.37743451037066, 
        "accumulated_operating_revenue": 2718237, 
        "long_term_average": 260781, 
        "date": "2014-10-31", 
        "operating_revenue": 278561, 
        "short_term_average": 284551
    }, 
    {
        "accumulated_operating_revenue_yoy": 26.50376405170567, 
        "accumulated_operating_revenue": 2963925, 
        "long_term_average": 263842, 
        "date": "2014-11-30", 
        "operating_revenue": 245688, 
        "short_term_average": 269113
    }, 
    {
        "accumulated_operating_revenue_yoy": 25.358545810017674, 
        "accumulated_operating_revenue": 3190553, 
        "long_term_average": 265879, 
        "date": "2014-12-31", 
        "operating_revenue": 226628, 
        "short_term_average": 250292
    }, 
    {
        "accumulated_operating_revenue_yoy": 57.95007656223415, 
        "accumulated_operating_revenue": 324927, 
        "long_term_average": 275813, 
        "date": "2015-01-31", 
        "operating_revenue": 324927, 
        "short_term_average": 265747
    }, 
    {
        "accumulated_operating_revenue_yoy": 22.899305094925335, 
        "accumulated_operating_revenue": 509527, 
        "long_term_average": 273790, 
        "date": "2015-02-28", 
        "operating_revenue": 184600, 
        "short_term_average": 245385
    }, 
    {
        "accumulated_operating_revenue_yoy": 21.80416284295283, 
        "accumulated_operating_revenue": 799028, 
        "long_term_average": 277798, 
        "date": "2015-03-31", 
        "operating_revenue": 289501, 
        "short_term_average": 266342
    }, 
    {
        "accumulated_operating_revenue_yoy": 21.05209643032854, 
        "accumulated_operating_revenue": 1107203, 
        "long_term_average": 281925, 
        "date": "2015-04-30", 
        "operating_revenue": 308175, 
        "short_term_average": 260758
    }, 
    {
        "accumulated_operating_revenue_yoy": 13.070637382265016, 
        "accumulated_operating_revenue": 1410442, 
        "long_term_average": 279466, 
        "date": "2015-05-31", 
        "operating_revenue": 303239, 
        "short_term_average": 300305
    }, 
    {
        "accumulated_operating_revenue_yoy": 7.699859041482078, 
        "accumulated_operating_revenue": 1668693, 
        "long_term_average": 275821, 
        "date": "2015-06-30", 
        "operating_revenue": 258251, 
        "short_term_average": 289888
    }, 
    {
        "accumulated_operating_revenue_yoy": 5.801294015179794, 
        "accumulated_operating_revenue": 1972754, 
        "long_term_average": 274893, 
        "date": "2015-07-31", 
        "operating_revenue": 304061, 
        "short_term_average": 288517
    }, 
    {
        "accumulated_operating_revenue_yoy": 4.136588233984857, 
        "accumulated_operating_revenue": 2245793, 
        "long_term_average": 273313, 
        "date": "2015-08-31", 
        "operating_revenue": 273039, 
        "short_term_average": 278450
    }, 
    {
        "accumulated_operating_revenue_yoy": 2.9484652880136544, 
        "accumulated_operating_revenue": 2511609, 
        "long_term_average": 271873, 
        "date": "2015-09-30", 
        "operating_revenue": 265816, 
        "short_term_average": 280972
    }
]