[
    {
        "date": "2012-01-31", 
        "operating_revenue": 94721, 
        "accumulated_operating_revenue": 94721, 
        "long_term_average": 94721, 
        "short_term_average": 94721
    }, 
    {
        "date": "2012-02-29", 
        "operating_revenue": 35999, 
        "accumulated_operating_revenue": 130720, 
        "long_term_average": 65360, 
        "short_term_average": 65360
    }, 
    {
        "date": "2012-03-31", 
        "operating_revenue": 27419, 
        "accumulated_operating_revenue": 158139, 
        "long_term_average": 52713, 
        "short_term_average": 52713
    }, 
    {
        "date": "2012-04-30", 
        "operating_revenue": 83029, 
        "accumulated_operating_revenue": 241168, 
        "long_term_average": 60292, 
        "short_term_average": 48815
    }, 
    {
        "date": "2012-05-31", 
        "operating_revenue": 41253, 
        "accumulated_operating_revenue": 282421, 
        "long_term_average": 56484, 
        "short_term_average": 50567
    }, 
    {
        "date": "2012-06-30", 
        "operating_revenue": 22218, 
        "accumulated_operating_revenue": 304639, 
        "long_term_average": 50773, 
        "short_term_average": 48833
    }, 
    {
        "date": "2012-07-31", 
        "operating_revenue": 105245, 
        "accumulated_operating_revenue": 409884, 
        "long_term_average": 58554, 
        "short_term_average": 56238
    }, 
    {
        "date": "2012-08-31", 
        "operating_revenue": 35086, 
        "accumulated_operating_revenue": 444970, 
        "long_term_average": 55621, 
        "short_term_average": 54183
    }, 
    {
        "date": "2012-09-30", 
        "operating_revenue": 11153, 
        "accumulated_operating_revenue": 456123, 
        "long_term_average": 50680, 
        "short_term_average": 50494
    }, 
    {
        "date": "2012-10-31", 
        "operating_revenue": 113891, 
        "accumulated_operating_revenue": 570014, 
        "long_term_average": 57001, 
        "short_term_average": 53376
    }, 
    {
        "date": "2012-11-30", 
        "operating_revenue": 30927, 
        "accumulated_operating_revenue": 600941, 
        "long_term_average": 54631, 
        "short_term_average": 51990
    }, 
    {
        "date": "2012-12-31", 
        "operating_revenue": 10292, 
        "accumulated_operating_revenue": 611233, 
        "long_term_average": 50936, 
        "short_term_average": 51703
    }, 
    {
        "accumulated_operating_revenue_yoy": 20.746191446458546, 
        "accumulated_operating_revenue": 114372, 
        "long_term_average": 52573, 
        "date": "2013-01-31", 
        "operating_revenue": 114372, 
        "short_term_average": 51863
    }, 
    {
        "accumulated_operating_revenue_yoy": 6.702876376988984, 
        "accumulated_operating_revenue": 139482, 
        "long_term_average": 51666, 
        "date": "2013-02-28", 
        "operating_revenue": 25110, 
        "short_term_average": 49924
    }, 
    {
        "accumulated_operating_revenue_yoy": 4.282940957006178, 
        "accumulated_operating_revenue": 164912, 
        "long_term_average": 51500, 
        "date": "2013-03-31", 
        "operating_revenue": 25430, 
        "short_term_average": 54970
    }, 
    {
        "accumulated_operating_revenue_yoy": 21.37804352152856, 
        "accumulated_operating_revenue": 292725, 
        "long_term_average": 55232, 
        "date": "2013-04-30", 
        "operating_revenue": 127813, 
        "short_term_average": 59451
    }, 
    {
        "accumulated_operating_revenue_yoy": 22.755390002868058, 
        "accumulated_operating_revenue": 346687, 
        "long_term_average": 56291, 
        "date": "2013-05-31", 
        "operating_revenue": 53962, 
        "short_term_average": 69068
    }, 
    {
        "accumulated_operating_revenue_yoy": 22.22729197509183, 
        "accumulated_operating_revenue": 372352, 
        "long_term_average": 56578, 
        "date": "2013-06-30", 
        "operating_revenue": 25665, 
        "short_term_average": 69146
    }, 
    {
        "accumulated_operating_revenue_yoy": 23.981663104683275, 
        "accumulated_operating_revenue": 508181, 
        "long_term_average": 59127, 
        "date": "2013-07-31", 
        "operating_revenue": 135829, 
        "short_term_average": 71818
    }, 
    {
        "accumulated_operating_revenue_yoy": 24.006337505899275, 
        "accumulated_operating_revenue": 551791, 
        "long_term_average": 59837, 
        "date": "2013-08-31", 
        "operating_revenue": 43610, 
        "short_term_average": 68368
    }, 
    {
        "accumulated_operating_revenue_yoy": 26.65531008083346, 
        "accumulated_operating_revenue": 577704, 
        "long_term_average": 61067, 
        "date": "2013-09-30", 
        "operating_revenue": 25913, 
        "short_term_average": 68450
    }, 
    {
        "accumulated_operating_revenue_yoy": 28.83122168929184, 
        "accumulated_operating_revenue": 734356, 
        "long_term_average": 64631, 
        "date": "2013-10-31", 
        "operating_revenue": 156652, 
        "short_term_average": 75391
    }, 
    {
        "accumulated_operating_revenue_yoy": 31.62689848088248, 
        "accumulated_operating_revenue": 791000, 
        "long_term_average": 66774, 
        "date": "2013-11-30", 
        "operating_revenue": 56644, 
        "short_term_average": 79736
    }, 
    {
        "accumulated_operating_revenue_yoy": 32.23402532258566, 
        "accumulated_operating_revenue": 808258, 
        "long_term_average": 67354, 
        "date": "2013-12-31", 
        "operating_revenue": 17258, 
        "short_term_average": 76851
    }, 
    {
        "accumulated_operating_revenue_yoy": 47.49763928234183, 
        "accumulated_operating_revenue": 168696, 
        "long_term_average": 71881, 
        "date": "2014-01-31", 
        "operating_revenue": 168696, 
        "short_term_average": 80866
    }, 
    {
        "accumulated_operating_revenue_yoy": 57.99099525386788, 
        "accumulated_operating_revenue": 220369, 
        "long_term_average": 74095, 
        "date": "2014-02-28", 
        "operating_revenue": 51673, 
        "short_term_average": 79209
    }, 
    {
        "accumulated_operating_revenue_yoy": 49.20684971378675, 
        "accumulated_operating_revenue": 246060, 
        "long_term_average": 74117, 
        "date": "2014-03-31", 
        "operating_revenue": 25691, 
        "short_term_average": 82020
    }, 
    {
        "accumulated_operating_revenue_yoy": 42.97036467674438, 
        "accumulated_operating_revenue": 418510, 
        "long_term_average": 77836, 
        "date": "2014-04-30", 
        "operating_revenue": 172450, 
        "short_term_average": 83271
    }, 
    {
        "accumulated_operating_revenue_yoy": 31.853516284141026, 
        "accumulated_operating_revenue": 457119, 
        "long_term_average": 76557, 
        "date": "2014-05-31", 
        "operating_revenue": 38609, 
        "short_term_average": 78916
    }, 
    {
        "accumulated_operating_revenue_yoy": 26.490256531454108, 
        "accumulated_operating_revenue": 470989, 
        "long_term_average": 75574, 
        "date": "2014-06-30", 
        "operating_revenue": 13870, 
        "short_term_average": 74976
    }, 
    {
        "accumulated_operating_revenue_yoy": 30.01588016868006, 
        "accumulated_operating_revenue": 660716, 
        "long_term_average": 80066, 
        "date": "2014-07-31", 
        "operating_revenue": 189727, 
        "short_term_average": 80735
    }, 
    {
        "accumulated_operating_revenue_yoy": 29.446112749211206, 
        "accumulated_operating_revenue": 714272, 
        "long_term_average": 80894, 
        "date": "2014-08-31", 
        "operating_revenue": 53556, 
        "short_term_average": 85717
    }, 
    {
        "accumulated_operating_revenue_yoy": 29.100369739520588, 
        "accumulated_operating_revenue": 745818, 
        "long_term_average": 81364, 
        "date": "2014-09-30", 
        "operating_revenue": 31546, 
        "short_term_average": 91609
    }, 
    {
        "accumulated_operating_revenue_yoy": 28.431986665867782, 
        "accumulated_operating_revenue": 943148, 
        "long_term_average": 84754, 
        "date": "2014-10-31", 
        "operating_revenue": 197330, 
        "short_term_average": 94144
    }, 
    {
        "accumulated_operating_revenue_yoy": 24.75347661188369, 
        "accumulated_operating_revenue": 986800, 
        "long_term_average": 83671, 
        "date": "2014-11-30", 
        "operating_revenue": 43652, 
        "short_term_average": 90842
    }, 
    {
        "accumulated_operating_revenue_yoy": 24.214916524179163, 
        "accumulated_operating_revenue": 1003977, 
        "long_term_average": 83664, 
        "date": "2014-12-31", 
        "operating_revenue": 17177, 
        "short_term_average": 86053
    }, 
    {
        "accumulated_operating_revenue_yoy": 8.636837862189974, 
        "accumulated_operating_revenue": 183266, 
        "long_term_average": 84878, 
        "date": "2015-01-31", 
        "operating_revenue": 183266, 
        "short_term_average": 81365
    }, 
    {
        "accumulated_operating_revenue_yoy": 4.8582150846988466, 
        "accumulated_operating_revenue": 231075, 
        "long_term_average": 84556, 
        "date": "2015-02-28", 
        "operating_revenue": 47809, 
        "short_term_average": 82750
    }, 
    {
        "accumulated_operating_revenue_yoy": 5.097130781110298, 
        "accumulated_operating_revenue": 258602, 
        "long_term_average": 84709, 
        "date": "2015-03-31", 
        "operating_revenue": 27527, 
        "short_term_average": 86200
    }, 
    {
        "accumulated_operating_revenue_yoy": 3.0740006212515834, 
        "accumulated_operating_revenue": 431375, 
        "long_term_average": 84736, 
        "date": "2015-04-30", 
        "operating_revenue": 172773, 
        "short_term_average": 82703
    }, 
    {
        "accumulated_operating_revenue_yoy": 3.3306425679090124, 
        "accumulated_operating_revenue": 472344, 
        "long_term_average": 84933, 
        "date": "2015-05-31", 
        "operating_revenue": 40969, 
        "short_term_average": 80423
    }, 
    {
        "accumulated_operating_revenue_yoy": 14.424540700525915, 
        "accumulated_operating_revenue": 538927, 
        "long_term_average": 89326, 
        "date": "2015-06-30", 
        "operating_revenue": 66583, 
        "short_term_average": 93441
    }, 
    {
        "accumulated_operating_revenue_yoy": 10.824923265063962, 
        "accumulated_operating_revenue": 732238, 
        "long_term_average": 89624, 
        "date": "2015-07-31", 
        "operating_revenue": 193311, 
        "short_term_average": 100287
    }, 
    {
        "accumulated_operating_revenue_yoy": 8.84396980422024, 
        "accumulated_operating_revenue": 777442, 
        "long_term_average": 88928, 
        "date": "2015-08-31", 
        "operating_revenue": 45204, 
        "short_term_average": 101699
    }, 
    {
        "accumulated_operating_revenue_yoy": 6.023453443065198, 
        "accumulated_operating_revenue": 790742, 
        "long_term_average": 87408, 
        "date": "2015-09-30", 
        "operating_revenue": 13300, 
        "short_term_average": 83938
    }
]