[
    {
        "date": "2011-09-30", 
        "operating_revenue": 249791, 
        "accumulated_operating_revenue": 249791, 
        "long_term_average": 249791, 
        "short_term_average": 249791
    }, 
    {
        "date": "2011-10-31", 
        "operating_revenue": 193981, 
        "accumulated_operating_revenue": 443772, 
        "long_term_average": 221886, 
        "short_term_average": 221886
    }, 
    {
        "date": "2011-11-30", 
        "operating_revenue": 203334, 
        "accumulated_operating_revenue": 647106, 
        "long_term_average": 215702, 
        "short_term_average": 215702
    }, 
    {
        "date": "2011-12-31", 
        "operating_revenue": 210619, 
        "accumulated_operating_revenue": 857725, 
        "long_term_average": 214431, 
        "short_term_average": 202644
    }, 
    {
        "date": "2012-01-31", 
        "operating_revenue": 156091, 
        "accumulated_operating_revenue": 156091, 
        "long_term_average": 202763, 
        "short_term_average": 190014
    }, 
    {
        "date": "2012-02-29", 
        "operating_revenue": 176812, 
        "accumulated_operating_revenue": 332903, 
        "long_term_average": 198438, 
        "short_term_average": 181174
    }, 
    {
        "date": "2012-03-31", 
        "operating_revenue": 233205, 
        "accumulated_operating_revenue": 566108, 
        "long_term_average": 203404, 
        "short_term_average": 188702
    }, 
    {
        "date": "2012-04-30", 
        "operating_revenue": 205180, 
        "accumulated_operating_revenue": 771288, 
        "long_term_average": 203626, 
        "short_term_average": 205065
    }, 
    {
        "date": "2012-05-31", 
        "operating_revenue": 186166, 
        "accumulated_operating_revenue": 957454, 
        "long_term_average": 201686, 
        "short_term_average": 208183
    }, 
    {
        "date": "2012-06-30", 
        "operating_revenue": 171367, 
        "accumulated_operating_revenue": 1128821, 
        "long_term_average": 198654, 
        "short_term_average": 187571
    }, 
    {
        "date": "2012-07-31", 
        "operating_revenue": 206861, 
        "accumulated_operating_revenue": 1335682, 
        "long_term_average": 199400, 
        "short_term_average": 188131
    }, 
    {
        "date": "2012-08-31", 
        "operating_revenue": 222821, 
        "accumulated_operating_revenue": 1558503, 
        "long_term_average": 201352, 
        "short_term_average": 200349
    }, 
    {
        "accumulated_operating_revenue_yoy": 605.8777137687106, 
        "accumulated_operating_revenue": 1763219, 
        "long_term_average": 197596, 
        "date": "2012-09-30", 
        "operating_revenue": 204716, 
        "short_term_average": 211466
    }, 
    {
        "accumulated_operating_revenue_yoy": 334.5553572555276, 
        "accumulated_operating_revenue": 1928435, 
        "long_term_average": 195199, 
        "date": "2012-10-31", 
        "operating_revenue": 165216, 
        "short_term_average": 197584
    }, 
    {
        "accumulated_operating_revenue_yoy": 225.3228991849867, 
        "accumulated_operating_revenue": 2105184, 
        "long_term_average": 192983, 
        "date": "2012-11-30", 
        "operating_revenue": 176749, 
        "short_term_average": 182227
    }, 
    {
        "accumulated_operating_revenue_yoy": 163.89308927686614, 
        "accumulated_operating_revenue": 2263477, 
        "long_term_average": 188623, 
        "date": "2012-12-31", 
        "operating_revenue": 158293, 
        "short_term_average": 166752
    }, 
    {
        "accumulated_operating_revenue_yoy": 20.811577861631996, 
        "accumulated_operating_revenue": 188576, 
        "long_term_average": 191330, 
        "date": "2013-01-31", 
        "operating_revenue": 188576, 
        "short_term_average": 174539
    }, 
    {
        "accumulated_operating_revenue_yoy": -12.731936930577376, 
        "accumulated_operating_revenue": 290518, 
        "long_term_average": 185091, 
        "date": "2013-02-28", 
        "operating_revenue": 101942, 
        "short_term_average": 149603
    }, 
    {
        "accumulated_operating_revenue_yoy": -14.816960721275798, 
        "accumulated_operating_revenue": 482228, 
        "long_term_average": 181633, 
        "date": "2013-03-31", 
        "operating_revenue": 191710, 
        "short_term_average": 160742
    }, 
    {
        "accumulated_operating_revenue_yoy": -13.879899596519069, 
        "accumulated_operating_revenue": 664234, 
        "long_term_average": 179701, 
        "date": "2013-04-30", 
        "operating_revenue": 182006, 
        "short_term_average": 158552
    }, 
    {
        "accumulated_operating_revenue_yoy": -13.313015560016462, 
        "accumulated_operating_revenue": 829988, 
        "long_term_average": 178000, 
        "date": "2013-05-31", 
        "operating_revenue": 165754, 
        "short_term_average": 179823
    }, 
    {
        "accumulated_operating_revenue_yoy": -11.737290500442498, 
        "accumulated_operating_revenue": 996328, 
        "long_term_average": 177582, 
        "date": "2013-06-30", 
        "operating_revenue": 166340, 
        "short_term_average": 171366
    }, 
    {
        "accumulated_operating_revenue_yoy": -12.437765875410465, 
        "accumulated_operating_revenue": 1169553, 
        "long_term_average": 174779, 
        "date": "2013-07-31", 
        "operating_revenue": 173225, 
        "short_term_average": 168439
    }, 
    {
        "accumulated_operating_revenue_yoy": -13.658876498794035, 
        "accumulated_operating_revenue": 1345629, 
        "long_term_average": 170883, 
        "date": "2013-08-31", 
        "operating_revenue": 176076, 
        "short_term_average": 171880
    }, 
    {
        "accumulated_operating_revenue_yoy": -14.559734213390396, 
        "accumulated_operating_revenue": 1506499, 
        "long_term_average": 167229, 
        "date": "2013-09-30", 
        "operating_revenue": 160870, 
        "short_term_average": 170057
    }, 
    {
        "accumulated_operating_revenue_yoy": -13.176954369735045, 
        "accumulated_operating_revenue": 1674326, 
        "long_term_average": 167447, 
        "date": "2013-10-31", 
        "operating_revenue": 167827, 
        "short_term_average": 168257
    }, 
    {
        "accumulated_operating_revenue_yoy": -12.895784881511545, 
        "accumulated_operating_revenue": 1833704, 
        "long_term_average": 165999, 
        "date": "2013-11-30", 
        "operating_revenue": 159378, 
        "short_term_average": 162691
    }, 
    {
        "accumulated_operating_revenue_yoy": -12.182496221521138, 
        "accumulated_operating_revenue": 1987729, 
        "long_term_average": 165644, 
        "date": "2013-12-31", 
        "operating_revenue": 154025, 
        "short_term_average": 160410
    }, 
    {
        "accumulated_operating_revenue_yoy": -11.110109451892075, 
        "accumulated_operating_revenue": 167625, 
        "long_term_average": 163898, 
        "date": "2014-01-31", 
        "operating_revenue": 167625, 
        "short_term_average": 160342
    }, 
    {
        "accumulated_operating_revenue_yoy": -0.6003070377739073, 
        "accumulated_operating_revenue": 288774, 
        "long_term_average": 165498, 
        "date": "2014-02-28", 
        "operating_revenue": 121149, 
        "short_term_average": 147599
    }, 
    {
        "accumulated_operating_revenue_yoy": -0.5453851705002613, 
        "accumulated_operating_revenue": 479598, 
        "long_term_average": 165424, 
        "date": "2014-03-31", 
        "operating_revenue": 190824, 
        "short_term_average": 159866
    }, 
    {
        "accumulated_operating_revenue_yoy": -3.606259239966638, 
        "accumulated_operating_revenue": 640280, 
        "long_term_average": 163647, 
        "date": "2014-04-30", 
        "operating_revenue": 160682, 
        "short_term_average": 157551
    }, 
    {
        "accumulated_operating_revenue_yoy": -1.9334014467679053, 
        "accumulated_operating_revenue": 813941, 
        "long_term_average": 164306, 
        "date": "2014-05-31", 
        "operating_revenue": 173661, 
        "short_term_average": 175055
    }, 
    {
        "accumulated_operating_revenue_yoy": -1.867055829004103, 
        "accumulated_operating_revenue": 977726, 
        "long_term_average": 164093, 
        "date": "2014-06-30", 
        "operating_revenue": 163785, 
        "short_term_average": 166042
    }, 
    {
        "accumulated_operating_revenue_yoy": -3.331016208756679, 
        "accumulated_operating_revenue": 1130595, 
        "long_term_average": 162397, 
        "date": "2014-07-31", 
        "operating_revenue": 152869, 
        "short_term_average": 163438
    }, 
    {
        "accumulated_operating_revenue_yoy": -2.623605763549983, 
        "accumulated_operating_revenue": 1310325, 
        "long_term_average": 162702, 
        "date": "2014-08-31", 
        "operating_revenue": 179730, 
        "short_term_average": 165461
    }, 
    {
        "accumulated_operating_revenue_yoy": 0.6403588717948037, 
        "accumulated_operating_revenue": 1516146, 
        "long_term_average": 166448, 
        "date": "2014-09-30", 
        "operating_revenue": 205821, 
        "short_term_average": 179473
    }, 
    {
        "accumulated_operating_revenue_yoy": -0.7665173926702447, 
        "accumulated_operating_revenue": 1661492, 
        "long_term_average": 164574, 
        "date": "2014-10-31", 
        "operating_revenue": 145346, 
        "short_term_average": 176965
    }, 
    {
        "accumulated_operating_revenue_yoy": -0.46905062103807377, 
        "accumulated_operating_revenue": 1825103, 
        "long_term_average": 164927, 
        "date": "2014-11-30", 
        "operating_revenue": 163611, 
        "short_term_average": 171592
    }, 
    {
        "accumulated_operating_revenue_yoy": -1.4542223814212099, 
        "accumulated_operating_revenue": 1958823, 
        "long_term_average": 163235, 
        "date": "2014-12-31", 
        "operating_revenue": 133720, 
        "short_term_average": 147559
    }, 
    {
        "accumulated_operating_revenue_yoy": -3.6814317673378074, 
        "accumulated_operating_revenue": 161454, 
        "long_term_average": 162721, 
        "date": "2015-01-31", 
        "operating_revenue": 161454, 
        "short_term_average": 152928
    }, 
    {
        "accumulated_operating_revenue_yoy": -4.826611814082985, 
        "accumulated_operating_revenue": 274836, 
        "long_term_average": 162073, 
        "date": "2015-02-28", 
        "operating_revenue": 113382, 
        "short_term_average": 136185
    }, 
    {
        "accumulated_operating_revenue_yoy": -10.113053015233591, 
        "accumulated_operating_revenue": 431096, 
        "long_term_average": 159193, 
        "date": "2015-03-31", 
        "operating_revenue": 156260, 
        "short_term_average": 143698
    }, 
    {
        "accumulated_operating_revenue_yoy": -9.467264321859187, 
        "accumulated_operating_revenue": 579663, 
        "long_term_average": 158183, 
        "date": "2015-04-30", 
        "operating_revenue": 148567, 
        "short_term_average": 139403
    }, 
    {
        "accumulated_operating_revenue_yoy": -10.490686671392643, 
        "accumulated_operating_revenue": 728553, 
        "long_term_average": 156119, 
        "date": "2015-05-31", 
        "operating_revenue": 148890, 
        "short_term_average": 151239
    }, 
    {
        "accumulated_operating_revenue_yoy": -11.774055307928807, 
        "accumulated_operating_revenue": 862608, 
        "long_term_average": 153642, 
        "date": "2015-06-30", 
        "operating_revenue": 134055, 
        "short_term_average": 143837
    }, 
    {
        "accumulated_operating_revenue_yoy": -9.31819086410253, 
        "accumulated_operating_revenue": 1025244, 
        "long_term_average": 154456, 
        "date": "2015-07-31", 
        "operating_revenue": 162636, 
        "short_term_average": 148527
    }, 
    {
        "accumulated_operating_revenue_yoy": -9.559002537538397, 
        "accumulated_operating_revenue": 1185071, 
        "long_term_average": 152797, 
        "date": "2015-08-31", 
        "operating_revenue": 159827, 
        "short_term_average": 152172
    }, 
    {
        "accumulated_operating_revenue_yoy": -12.330936466540821, 
        "accumulated_operating_revenue": 1329191, 
        "long_term_average": 147655, 
        "date": "2015-09-30", 
        "operating_revenue": 144120, 
        "short_term_average": 155527
    }, 
    {
        "accumulated_operating_revenue_yoy": -11.373632855289102, 
        "accumulated_operating_revenue": 1472520, 
        "long_term_average": 147487, 
        "date": "2015-10-31", 
        "operating_revenue": 143329, 
        "short_term_average": 149092
    }
]