[
    {
        "date": "2012-01-31", 
        "operating_revenue": 559773, 
        "accumulated_operating_revenue": 559773, 
        "long_term_average": 559773, 
        "short_term_average": 559773
    }, 
    {
        "date": "2012-02-29", 
        "operating_revenue": 721145, 
        "accumulated_operating_revenue": 1280918, 
        "long_term_average": 640459, 
        "short_term_average": 640459
    }, 
    {
        "date": "2012-03-31", 
        "operating_revenue": 803208, 
        "accumulated_operating_revenue": 2084126, 
        "long_term_average": 694708, 
        "short_term_average": 694708
    }, 
    {
        "date": "2012-04-30", 
        "operating_revenue": 835260, 
        "accumulated_operating_revenue": 2919386, 
        "long_term_average": 729846, 
        "short_term_average": 786537
    }, 
    {
        "date": "2012-05-31", 
        "operating_revenue": 793285, 
        "accumulated_operating_revenue": 3712671, 
        "long_term_average": 742534, 
        "short_term_average": 810584
    }, 
    {
        "date": "2012-06-30", 
        "operating_revenue": 779791, 
        "accumulated_operating_revenue": 4492462, 
        "long_term_average": 748743, 
        "short_term_average": 802778
    }, 
    {
        "date": "2012-07-31", 
        "operating_revenue": 866315, 
        "accumulated_operating_revenue": 5358777, 
        "long_term_average": 765539, 
        "short_term_average": 813130
    }, 
    {
        "date": "2012-08-31", 
        "operating_revenue": 1013118, 
        "accumulated_operating_revenue": 6371895, 
        "long_term_average": 796486, 
        "short_term_average": 886408
    }, 
    {
        "date": "2012-09-30", 
        "operating_revenue": 981593, 
        "accumulated_operating_revenue": 7353488, 
        "long_term_average": 817054, 
        "short_term_average": 953675
    }, 
    {
        "date": "2012-10-31", 
        "operating_revenue": 744902, 
        "accumulated_operating_revenue": 8098390, 
        "long_term_average": 809839, 
        "short_term_average": 913204
    }, 
    {
        "date": "2012-11-30", 
        "operating_revenue": 713757, 
        "accumulated_operating_revenue": 8812147, 
        "long_term_average": 801104, 
        "short_term_average": 813417
    }, 
    {
        "date": "2012-12-31", 
        "operating_revenue": 698313, 
        "accumulated_operating_revenue": 9510460, 
        "long_term_average": 792538, 
        "short_term_average": 718990
    }, 
    {
        "accumulated_operating_revenue_yoy": 20.052414103574126, 
        "accumulated_operating_revenue": 672021, 
        "long_term_average": 801892, 
        "date": "2013-01-31", 
        "operating_revenue": 672021, 
        "short_term_average": 694697
    }, 
    {
        "accumulated_operating_revenue_yoy": 11.882883994135456, 
        "accumulated_operating_revenue": 1433128, 
        "long_term_average": 805222, 
        "date": "2013-02-28", 
        "operating_revenue": 761107, 
        "short_term_average": 710480
    }, 
    {
        "accumulated_operating_revenue_yoy": 8.822739124218018, 
        "accumulated_operating_revenue": 2268003, 
        "long_term_average": 807861, 
        "date": "2013-03-31", 
        "operating_revenue": 834875, 
        "short_term_average": 756001
    }, 
    {
        "accumulated_operating_revenue_yoy": 7.048091619265147, 
        "accumulated_operating_revenue": 3125147, 
        "long_term_average": 809685, 
        "date": "2013-04-30", 
        "operating_revenue": 857144, 
        "short_term_average": 817708
    }, 
    {
        "accumulated_operating_revenue_yoy": 9.195751522286786, 
        "accumulated_operating_revenue": 4054079, 
        "long_term_average": 820989, 
        "date": "2013-05-31", 
        "operating_revenue": 928932, 
        "short_term_average": 873650
    }, 
    {
        "accumulated_operating_revenue_yoy": 10.933203219081207, 
        "accumulated_operating_revenue": 4983632, 
        "long_term_average": 833469, 
        "date": "2013-06-30", 
        "operating_revenue": 929553, 
        "short_term_average": 905209
    }, 
    {
        "accumulated_operating_revenue_yoy": 10.41207723329409, 
        "accumulated_operating_revenue": 5916737, 
        "long_term_average": 839035, 
        "date": "2013-07-31", 
        "operating_revenue": 933105, 
        "short_term_average": 930530
    }, 
    {
        "accumulated_operating_revenue_yoy": 5.343543796625651, 
        "accumulated_operating_revenue": 6712380, 
        "long_term_average": 820912, 
        "date": "2013-08-31", 
        "operating_revenue": 795643, 
        "short_term_average": 886100
    }, 
    {
        "accumulated_operating_revenue_yoy": 2.90290811652919, 
        "accumulated_operating_revenue": 7566953, 
        "long_term_average": 810327, 
        "date": "2013-09-30", 
        "operating_revenue": 854573, 
        "short_term_average": 861107
    }, 
    {
        "accumulated_operating_revenue_yoy": 2.8857834705416754, 
        "accumulated_operating_revenue": 8332092, 
        "long_term_average": 812013, 
        "date": "2013-10-31", 
        "operating_revenue": 765139, 
        "short_term_average": 805118
    }, 
    {
        "accumulated_operating_revenue_yoy": 3.4159666197125396, 
        "accumulated_operating_revenue": 9113167, 
        "long_term_average": 817623, 
        "date": "2013-11-30", 
        "operating_revenue": 781075, 
        "short_term_average": 800262
    }, 
    {
        "accumulated_operating_revenue_yoy": 3.7024812679933463, 
        "accumulated_operating_revenue": 9862583, 
        "long_term_average": 821881, 
        "date": "2013-12-31", 
        "operating_revenue": 749416, 
        "short_term_average": 765210
    }, 
    {
        "accumulated_operating_revenue_yoy": 30.457381540160206, 
        "accumulated_operating_revenue": 876701, 
        "long_term_average": 838938, 
        "date": "2014-01-31", 
        "operating_revenue": 876701, 
        "short_term_average": 802397
    }, 
    {
        "accumulated_operating_revenue_yoy": 26.098227094858238, 
        "accumulated_operating_revenue": 1807149, 
        "long_term_average": 853050, 
        "date": "2014-02-28", 
        "operating_revenue": 930448, 
        "short_term_average": 852188
    }, 
    {
        "accumulated_operating_revenue_yoy": 20.734011374764496, 
        "accumulated_operating_revenue": 2738251, 
        "long_term_average": 861069, 
        "date": "2014-03-31", 
        "operating_revenue": 931102, 
        "short_term_average": 912750
    }, 
    {
        "accumulated_operating_revenue_yoy": 17.74860510561583, 
        "accumulated_operating_revenue": 3679817, 
        "long_term_average": 868104, 
        "date": "2014-04-30", 
        "operating_revenue": 941566, 
        "short_term_average": 934372
    }, 
    {
        "accumulated_operating_revenue_yoy": 13.84247815595108, 
        "accumulated_operating_revenue": 4615264, 
        "long_term_average": 868647, 
        "date": "2014-05-31", 
        "operating_revenue": 935447, 
        "short_term_average": 936038
    }, 
    {
        "accumulated_operating_revenue_yoy": 12.293383620620462, 
        "accumulated_operating_revenue": 5596289, 
        "long_term_average": 872936, 
        "date": "2014-06-30", 
        "operating_revenue": 981025, 
        "short_term_average": 952679
    }, 
    {
        "accumulated_operating_revenue_yoy": 10.429853481741711, 
        "accumulated_operating_revenue": 6533844, 
        "long_term_average": 873307, 
        "date": "2014-07-31", 
        "operating_revenue": 937555, 
        "short_term_average": 951342
    }, 
    {
        "accumulated_operating_revenue_yoy": 11.973934729559412, 
        "accumulated_operating_revenue": 7516116, 
        "long_term_average": 888859, 
        "date": "2014-08-31", 
        "operating_revenue": 982272, 
        "short_term_average": 966950
    }, 
    {
        "accumulated_operating_revenue_yoy": 10.7847108340702, 
        "accumulated_operating_revenue": 8383027, 
        "long_term_average": 889888, 
        "date": "2014-09-30", 
        "operating_revenue": 866911, 
        "short_term_average": 928912
    }, 
    {
        "accumulated_operating_revenue_yoy": 11.201916637502322, 
        "accumulated_operating_revenue": 9265446, 
        "long_term_average": 899661, 
        "date": "2014-10-31", 
        "operating_revenue": 882419, 
        "short_term_average": 910534
    }, 
    {
        "accumulated_operating_revenue_yoy": 11.736622405800311, 
        "accumulated_operating_revenue": 10182745, 
        "long_term_average": 911013, 
        "date": "2014-11-30", 
        "operating_revenue": 917299, 
        "short_term_average": 888876
    }, 
    {
        "accumulated_operating_revenue_yoy": 13.02325161674178, 
        "accumulated_operating_revenue": 11147012, 
        "long_term_average": 928917, 
        "date": "2014-12-31", 
        "operating_revenue": 964267, 
        "short_term_average": 921328
    }, 
    {
        "accumulated_operating_revenue_yoy": 14.976257583828467, 
        "accumulated_operating_revenue": 1007998, 
        "long_term_average": 939859, 
        "date": "2015-01-31", 
        "operating_revenue": 1007998, 
        "short_term_average": 963188
    }, 
    {
        "accumulated_operating_revenue_yoy": 7.351745760864212, 
        "accumulated_operating_revenue": 1940006, 
        "long_term_average": 939989, 
        "date": "2015-02-28", 
        "operating_revenue": 932008, 
        "short_term_average": 968091
    }, 
    {
        "accumulated_operating_revenue_yoy": 6.377976306773922, 
        "accumulated_operating_revenue": 2912896, 
        "long_term_average": 943471, 
        "date": "2015-03-31", 
        "operating_revenue": 972890, 
        "short_term_average": 970965
    }, 
    {
        "accumulated_operating_revenue_yoy": 4.46394481029899, 
        "accumulated_operating_revenue": 3844082, 
        "long_term_average": 942606, 
        "date": "2015-04-30", 
        "operating_revenue": 931186, 
        "short_term_average": 945361
    }, 
    {
        "accumulated_operating_revenue_yoy": 2.3693119180181244, 
        "accumulated_operating_revenue": 4724614, 
        "long_term_average": 938030, 
        "date": "2015-05-31", 
        "operating_revenue": 880532, 
        "short_term_average": 928202
    }, 
    {
        "accumulated_operating_revenue_yoy": 0.6675673825994333, 
        "accumulated_operating_revenue": 5633648, 
        "long_term_average": 932030, 
        "date": "2015-06-30", 
        "operating_revenue": 909034, 
        "short_term_average": 906917
    }, 
    {
        "accumulated_operating_revenue_yoy": -0.9410693000934824, 
        "accumulated_operating_revenue": 6472356, 
        "long_term_average": 923793, 
        "date": "2015-07-31", 
        "operating_revenue": 838708, 
        "short_term_average": 876091
    }, 
    {
        "accumulated_operating_revenue_yoy": -2.7372648319956743, 
        "accumulated_operating_revenue": 7310380, 
        "long_term_average": 911773, 
        "date": "2015-08-31", 
        "operating_revenue": 838024, 
        "short_term_average": 861922
    }, 
    {
        "accumulated_operating_revenue_yoy": -3.078661204359714, 
        "accumulated_operating_revenue": 8124942, 
        "long_term_average": 907410, 
        "date": "2015-09-30", 
        "operating_revenue": 814562, 
        "short_term_average": 830431
    }
]