[
    {
        "date": "2011-09-30", 
        "operating_revenue": 681341, 
        "accumulated_operating_revenue": 681341, 
        "long_term_average": 681341, 
        "short_term_average": 681341
    }, 
    {
        "date": "2011-10-31", 
        "operating_revenue": 573976, 
        "accumulated_operating_revenue": 1255317, 
        "long_term_average": 627658, 
        "short_term_average": 627658
    }, 
    {
        "date": "2011-11-30", 
        "operating_revenue": 692684, 
        "accumulated_operating_revenue": 1948001, 
        "long_term_average": 649333, 
        "short_term_average": 649333
    }, 
    {
        "date": "2011-12-31", 
        "operating_revenue": 630153, 
        "accumulated_operating_revenue": 2578154, 
        "long_term_average": 644538, 
        "short_term_average": 632271
    }, 
    {
        "date": "2012-01-31", 
        "operating_revenue": 545468, 
        "accumulated_operating_revenue": 545468, 
        "long_term_average": 624724, 
        "short_term_average": 622768
    }, 
    {
        "date": "2012-02-29", 
        "operating_revenue": 594785, 
        "accumulated_operating_revenue": 1140253, 
        "long_term_average": 619734, 
        "short_term_average": 590135
    }, 
    {
        "date": "2012-03-31", 
        "operating_revenue": 770480, 
        "accumulated_operating_revenue": 1910733, 
        "long_term_average": 641269, 
        "short_term_average": 636911
    }, 
    {
        "date": "2012-04-30", 
        "operating_revenue": 739838, 
        "accumulated_operating_revenue": 2650571, 
        "long_term_average": 653590, 
        "short_term_average": 701701
    }, 
    {
        "date": "2012-05-31", 
        "operating_revenue": 734043, 
        "accumulated_operating_revenue": 3384614, 
        "long_term_average": 662529, 
        "short_term_average": 748120
    }, 
    {
        "date": "2012-06-30", 
        "operating_revenue": 682662, 
        "accumulated_operating_revenue": 4067276, 
        "long_term_average": 664543, 
        "short_term_average": 718847
    }, 
    {
        "date": "2012-07-31", 
        "operating_revenue": 712617, 
        "accumulated_operating_revenue": 4779893, 
        "long_term_average": 668913, 
        "short_term_average": 709774
    }, 
    {
        "date": "2012-08-31", 
        "operating_revenue": 762251, 
        "accumulated_operating_revenue": 5542144, 
        "long_term_average": 676691, 
        "short_term_average": 719176
    }, 
    {
        "accumulated_operating_revenue_yoy": 846.1445883925963, 
        "accumulated_operating_revenue": 6446471, 
        "long_term_average": 695273, 
        "date": "2012-09-30", 
        "operating_revenue": 904327, 
        "short_term_average": 793065
    }, 
    {
        "accumulated_operating_revenue_yoy": 463.8735076478691, 
        "accumulated_operating_revenue": 7078400, 
        "long_term_average": 700103, 
        "date": "2012-10-31", 
        "operating_revenue": 631929, 
        "short_term_average": 766169
    }, 
    {
        "accumulated_operating_revenue_yoy": 302.1817237260145, 
        "accumulated_operating_revenue": 7834504, 
        "long_term_average": 705388, 
        "date": "2012-11-30", 
        "operating_revenue": 756104, 
        "short_term_average": 764120
    }, 
    {
        "accumulated_operating_revenue_yoy": 232.30551782399345, 
        "accumulated_operating_revenue": 8567348, 
        "long_term_average": 713945, 
        "date": "2012-12-31", 
        "operating_revenue": 732844, 
        "short_term_average": 706959
    }, 
    {
        "accumulated_operating_revenue_yoy": 23.869961207623543, 
        "accumulated_operating_revenue": 675671, 
        "long_term_average": 724795, 
        "date": "2013-01-31", 
        "operating_revenue": 675671, 
        "short_term_average": 721539
    }, 
    {
        "accumulated_operating_revenue_yoy": -2.5116355756134823, 
        "accumulated_operating_revenue": 1111614, 
        "long_term_average": 711559, 
        "date": "2013-02-28", 
        "operating_revenue": 435943, 
        "short_term_average": 614819
    }, 
    {
        "accumulated_operating_revenue_yoy": -10.820350096010275, 
        "accumulated_operating_revenue": 1703985, 
        "long_term_average": 696716, 
        "date": "2013-03-31", 
        "operating_revenue": 592371, 
        "short_term_average": 567995
    }, 
    {
        "accumulated_operating_revenue_yoy": -12.052610550707753, 
        "accumulated_operating_revenue": 2331108, 
        "long_term_average": 687323, 
        "date": "2013-04-30", 
        "operating_revenue": 627123, 
        "short_term_average": 551812
    }, 
    {
        "accumulated_operating_revenue_yoy": -12.341318685084916, 
        "accumulated_operating_revenue": 2966908, 
        "long_term_average": 679136, 
        "date": "2013-05-31", 
        "operating_revenue": 635800, 
        "short_term_average": 618431
    }, 
    {
        "accumulated_operating_revenue_yoy": -12.034319775692627, 
        "accumulated_operating_revenue": 3577807, 
        "long_term_average": 673156, 
        "date": "2013-06-30", 
        "operating_revenue": 610899, 
        "short_term_average": 624607
    }, 
    {
        "accumulated_operating_revenue_yoy": -11.213284481472702, 
        "accumulated_operating_revenue": 4243910, 
        "long_term_average": 669280, 
        "date": "2013-07-31", 
        "operating_revenue": 666103, 
        "short_term_average": 637600
    }, 
    {
        "accumulated_operating_revenue_yoy": -11.136394146380896, 
        "accumulated_operating_revenue": 4924949, 
        "long_term_average": 662512, 
        "date": "2013-08-31", 
        "operating_revenue": 681039, 
        "short_term_average": 652680
    }, 
    {
        "accumulated_operating_revenue_yoy": -10.961051403163063, 
        "accumulated_operating_revenue": 5739870, 
        "long_term_average": 655062, 
        "date": "2013-09-30", 
        "operating_revenue": 814921, 
        "short_term_average": 720687
    }, 
    {
        "accumulated_operating_revenue_yoy": -9.492046225135624, 
        "accumulated_operating_revenue": 6406515, 
        "long_term_average": 657955, 
        "date": "2013-10-31", 
        "operating_revenue": 666645, 
        "short_term_average": 720868
    }, 
    {
        "accumulated_operating_revenue_yoy": -8.007935154542011, 
        "accumulated_operating_revenue": 7207122, 
        "long_term_average": 661663, 
        "date": "2013-11-30", 
        "operating_revenue": 800607, 
        "short_term_average": 760724
    }, 
    {
        "accumulated_operating_revenue_yoy": -6.099238644210554, 
        "accumulated_operating_revenue": 8044805, 
        "long_term_average": 670400, 
        "date": "2013-12-31", 
        "operating_revenue": 837683, 
        "short_term_average": 768311
    }, 
    {
        "accumulated_operating_revenue_yoy": 2.8306675882197103, 
        "accumulated_operating_revenue": 694797, 
        "long_term_average": 671994, 
        "date": "2014-01-31", 
        "operating_revenue": 694797, 
        "short_term_average": 777695
    }, 
    {
        "accumulated_operating_revenue_yoy": 13.22140599164818, 
        "accumulated_operating_revenue": 1258585, 
        "long_term_average": 682648, 
        "date": "2014-02-28", 
        "operating_revenue": 563788, 
        "short_term_average": 698756
    }, 
    {
        "accumulated_operating_revenue_yoy": 12.88544206668486, 
        "accumulated_operating_revenue": 1923551, 
        "long_term_average": 688697, 
        "date": "2014-03-31", 
        "operating_revenue": 664966, 
        "short_term_average": 641183
    }, 
    {
        "accumulated_operating_revenue_yoy": 17.381047982332866, 
        "accumulated_operating_revenue": 2736279, 
        "long_term_average": 704164, 
        "date": "2014-04-30", 
        "operating_revenue": 812728, 
        "short_term_average": 680494
    }, 
    {
        "accumulated_operating_revenue_yoy": 16.676452387468704, 
        "accumulated_operating_revenue": 3461683, 
        "long_term_average": 711631, 
        "date": "2014-05-31", 
        "operating_revenue": 725404, 
        "short_term_average": 734366
    }, 
    {
        "accumulated_operating_revenue_yoy": 12.99703980678667, 
        "accumulated_operating_revenue": 4042816, 
        "long_term_average": 709151, 
        "date": "2014-06-30", 
        "operating_revenue": 581133, 
        "short_term_average": 706421
    }, 
    {
        "accumulated_operating_revenue_yoy": 13.841575339722095, 
        "accumulated_operating_revenue": 4831334, 
        "long_term_average": 719352, 
        "date": "2014-07-31", 
        "operating_revenue": 788518, 
        "short_term_average": 698351
    }, 
    {
        "accumulated_operating_revenue_yoy": 12.03693682919356, 
        "accumulated_operating_revenue": 5517762, 
        "long_term_average": 719801, 
        "date": "2014-08-31", 
        "operating_revenue": 686428, 
        "short_term_average": 685359
    }, 
    {
        "accumulated_operating_revenue_yoy": 8.547109951967553, 
        "accumulated_operating_revenue": 6230463, 
        "long_term_average": 711283, 
        "date": "2014-09-30", 
        "operating_revenue": 712701, 
        "short_term_average": 729215
    }, 
    {
        "accumulated_operating_revenue_yoy": 6.93565846642051, 
        "accumulated_operating_revenue": 6850849, 
        "long_term_average": 707428, 
        "date": "2014-10-31", 
        "operating_revenue": 620386, 
        "short_term_average": 673171
    }, 
    {
        "accumulated_operating_revenue_yoy": 4.910212425986407, 
        "accumulated_operating_revenue": 7561007, 
        "long_term_average": 699890, 
        "date": "2014-11-30", 
        "operating_revenue": 710158, 
        "short_term_average": 681081
    }, 
    {
        "accumulated_operating_revenue_yoy": 3.1250602096632543, 
        "accumulated_operating_revenue": 8296210, 
        "long_term_average": 691350, 
        "date": "2014-12-31", 
        "operating_revenue": 735203, 
        "short_term_average": 688582
    }, 
    {
        "accumulated_operating_revenue_yoy": 3.9287734402998287, 
        "accumulated_operating_revenue": 722094, 
        "long_term_average": 693625, 
        "date": "2015-01-31", 
        "operating_revenue": 722094, 
        "short_term_average": 722485
    }, 
    {
        "accumulated_operating_revenue_yoy": -0.08843264459690843, 
        "accumulated_operating_revenue": 1257472, 
        "long_term_average": 691258, 
        "date": "2015-02-28", 
        "operating_revenue": 535378, 
        "short_term_average": 664225
    }, 
    {
        "accumulated_operating_revenue_yoy": -3.7181753954015253, 
        "accumulated_operating_revenue": 1852030, 
        "long_term_average": 685390, 
        "date": "2015-03-31", 
        "operating_revenue": 594558, 
        "short_term_average": 617343
    }, 
    {
        "accumulated_operating_revenue_yoy": -9.640098834950676, 
        "accumulated_operating_revenue": 2472499, 
        "long_term_average": 669369, 
        "date": "2015-04-30", 
        "operating_revenue": 620469, 
        "short_term_average": 583468
    }, 
    {
        "accumulated_operating_revenue_yoy": -12.21070791288515, 
        "accumulated_operating_revenue": 3038987, 
        "long_term_average": 656126, 
        "date": "2015-05-31", 
        "operating_revenue": 566488, 
        "short_term_average": 593838
    }, 
    {
        "accumulated_operating_revenue_yoy": -8.88269463660973, 
        "accumulated_operating_revenue": 3683705, 
        "long_term_average": 661424, 
        "date": "2015-06-30", 
        "operating_revenue": 644718, 
        "short_term_average": 610558
    }, 
    {
        "accumulated_operating_revenue_yoy": -8.811086130662876, 
        "accumulated_operating_revenue": 4405641, 
        "long_term_average": 655876, 
        "date": "2015-07-31", 
        "operating_revenue": 721936, 
        "short_term_average": 644380
    }, 
    {
        "accumulated_operating_revenue_yoy": -6.090875249784243, 
        "accumulated_operating_revenue": 5181682, 
        "long_term_average": 663344, 
        "date": "2015-08-31", 
        "operating_revenue": 776041, 
        "short_term_average": 714231
    }, 
    {
        "accumulated_operating_revenue_yoy": -4.6550633556446765, 
        "accumulated_operating_revenue": 5940431, 
        "long_term_average": 667181, 
        "date": "2015-09-30", 
        "operating_revenue": 758749, 
        "short_term_average": 752242
    }, 
    {
        "accumulated_operating_revenue_yoy": -3.131524282610812, 
        "accumulated_operating_revenue": 6636313, 
        "long_term_average": 673472, 
        "date": "2015-10-31", 
        "operating_revenue": 695882, 
        "short_term_average": 743557
    }
]