[
    {
        "date": "2012-01-31", 
        "operating_revenue": 68209, 
        "accumulated_operating_revenue": 68209, 
        "long_term_average": 68209, 
        "short_term_average": 68209
    }, 
    {
        "date": "2012-02-29", 
        "operating_revenue": 65053, 
        "accumulated_operating_revenue": 133262, 
        "long_term_average": 66631, 
        "short_term_average": 66631
    }, 
    {
        "date": "2012-03-31", 
        "operating_revenue": 5172, 
        "accumulated_operating_revenue": 138434, 
        "long_term_average": 46144, 
        "short_term_average": 46144
    }, 
    {
        "date": "2012-04-30", 
        "operating_revenue": 5955, 
        "accumulated_operating_revenue": 144389, 
        "long_term_average": 36097, 
        "short_term_average": 25393
    }, 
    {
        "date": "2012-05-31", 
        "operating_revenue": 26589, 
        "accumulated_operating_revenue": 170978, 
        "long_term_average": 34195, 
        "short_term_average": 12572
    }, 
    {
        "date": "2012-06-30", 
        "operating_revenue": 30775, 
        "accumulated_operating_revenue": 201753, 
        "long_term_average": 33625, 
        "short_term_average": 21106
    }, 
    {
        "date": "2012-07-31", 
        "operating_revenue": 27228, 
        "accumulated_operating_revenue": 228981, 
        "long_term_average": 32711, 
        "short_term_average": 28197
    }, 
    {
        "date": "2012-08-31", 
        "operating_revenue": 32246, 
        "accumulated_operating_revenue": 261227, 
        "long_term_average": 32653, 
        "short_term_average": 30083
    }, 
    {
        "date": "2012-09-30", 
        "operating_revenue": 31279, 
        "accumulated_operating_revenue": 292506, 
        "long_term_average": 32500, 
        "short_term_average": 30251
    }, 
    {
        "date": "2012-10-31", 
        "operating_revenue": 10768, 
        "accumulated_operating_revenue": 303274, 
        "long_term_average": 30327, 
        "short_term_average": 24764
    }, 
    {
        "date": "2012-11-30", 
        "operating_revenue": 17556, 
        "accumulated_operating_revenue": 320830, 
        "long_term_average": 29166, 
        "short_term_average": 19867
    }, 
    {
        "date": "2012-12-31", 
        "operating_revenue": 3707, 
        "accumulated_operating_revenue": 324537, 
        "long_term_average": 27044, 
        "short_term_average": 10677
    }, 
    {
        "accumulated_operating_revenue_yoy": -95.90083420076529, 
        "accumulated_operating_revenue": 2796, 
        "long_term_average": 21593, 
        "date": "2013-01-31", 
        "operating_revenue": 2796, 
        "short_term_average": 8019
    }, 
    {
        "accumulated_operating_revenue_yoy": -65.80795725713257, 
        "accumulated_operating_revenue": 45565, 
        "long_term_average": 19736, 
        "date": "2013-02-28", 
        "operating_revenue": 42769, 
        "short_term_average": 16424
    }, 
    {
        "accumulated_operating_revenue_yoy": -50.62484649724779, 
        "accumulated_operating_revenue": 68352, 
        "long_term_average": 21204, 
        "date": "2013-03-31", 
        "operating_revenue": 22787, 
        "short_term_average": 22784
    }, 
    {
        "accumulated_operating_revenue_yoy": -21.675473893440635, 
        "accumulated_operating_revenue": 113092, 
        "long_term_average": 24436, 
        "date": "2013-04-30", 
        "operating_revenue": 44740, 
        "short_term_average": 36765
    }, 
    {
        "accumulated_operating_revenue_yoy": -31.79005486085929, 
        "accumulated_operating_revenue": 116624, 
        "long_term_average": 22515, 
        "date": "2013-05-31", 
        "operating_revenue": 3532, 
        "short_term_average": 23686
    }, 
    {
        "accumulated_operating_revenue_yoy": -15.231495938102531, 
        "accumulated_operating_revenue": 171023, 
        "long_term_average": 24483, 
        "date": "2013-06-30", 
        "operating_revenue": 54399, 
        "short_term_average": 34223
    }, 
    {
        "accumulated_operating_revenue_yoy": -22.349015857210862, 
        "accumulated_operating_revenue": 177806, 
        "long_term_average": 22780, 
        "date": "2013-07-31", 
        "operating_revenue": 6783, 
        "short_term_average": 21571
    }, 
    {
        "accumulated_operating_revenue_yoy": -1.5032902418203324, 
        "accumulated_operating_revenue": 257300, 
        "long_term_average": 26717, 
        "date": "2013-08-31", 
        "operating_revenue": 79494, 
        "short_term_average": 46892
    }, 
    {
        "accumulated_operating_revenue_yoy": 0.9828858211455491, 
        "accumulated_operating_revenue": 295381, 
        "long_term_average": 27284, 
        "date": "2013-09-30", 
        "operating_revenue": 38081, 
        "short_term_average": 41452
    }, 
    {
        "accumulated_operating_revenue_yoy": -0.6950810158470557, 
        "accumulated_operating_revenue": 301166, 
        "long_term_average": 26869, 
        "date": "2013-10-31", 
        "operating_revenue": 5785, 
        "short_term_average": 41120
    }, 
    {
        "accumulated_operating_revenue_yoy": 26.54178225228314, 
        "accumulated_operating_revenue": 405984, 
        "long_term_average": 34140, 
        "date": "2013-11-30", 
        "operating_revenue": 104818, 
        "short_term_average": 49561
    }, 
    {
        "accumulated_operating_revenue_yoy": 29.409897792855666, 
        "accumulated_operating_revenue": 419983, 
        "long_term_average": 34998, 
        "date": "2013-12-31", 
        "operating_revenue": 13999, 
        "short_term_average": 41534
    }, 
    {
        "accumulated_operating_revenue_yoy": 3663.412017167382, 
        "accumulated_operating_revenue": 105225, 
        "long_term_average": 43534, 
        "date": "2014-01-31", 
        "operating_revenue": 105225, 
        "short_term_average": 74680
    }, 
    {
        "accumulated_operating_revenue_yoy": 224.59343794579172, 
        "accumulated_operating_revenue": 147901, 
        "long_term_average": 43526, 
        "date": "2014-02-28", 
        "operating_revenue": 42676, 
        "short_term_average": 53966
    }, 
    {
        "accumulated_operating_revenue_yoy": 177.57344335205994, 
        "accumulated_operating_revenue": 189727, 
        "long_term_average": 45113, 
        "date": "2014-03-31", 
        "operating_revenue": 41826, 
        "short_term_average": 63242
    }, 
    {
        "accumulated_operating_revenue_yoy": 100.9540904750115, 
        "accumulated_operating_revenue": 227263, 
        "long_term_average": 44512, 
        "date": "2014-04-30", 
        "operating_revenue": 37536, 
        "short_term_average": 40679
    }, 
    {
        "accumulated_operating_revenue_yoy": 158.8789614487584, 
        "accumulated_operating_revenue": 301915, 
        "long_term_average": 50439, 
        "date": "2014-05-31", 
        "operating_revenue": 74652, 
        "short_term_average": 51338
    }, 
    {
        "accumulated_operating_revenue_yoy": 111.10260023505609, 
        "accumulated_operating_revenue": 361034, 
        "long_term_average": 50832, 
        "date": "2014-06-30", 
        "operating_revenue": 59119, 
        "short_term_average": 57102
    }, 
    {
        "accumulated_operating_revenue_yoy": 142.4108297807723, 
        "accumulated_operating_revenue": 431021, 
        "long_term_average": 56099, 
        "date": "2014-07-31", 
        "operating_revenue": 69987, 
        "short_term_average": 67919
    }, 
    {
        "accumulated_operating_revenue_yoy": 78.5204041974349, 
        "accumulated_operating_revenue": 459333, 
        "long_term_average": 51834, 
        "date": "2014-08-31", 
        "operating_revenue": 28312, 
        "short_term_average": 52472
    }, 
    {
        "accumulated_operating_revenue_yoy": 68.57787061456222, 
        "accumulated_operating_revenue": 497947, 
        "long_term_average": 51879, 
        "date": "2014-09-30", 
        "operating_revenue": 38614, 
        "short_term_average": 45637
    }, 
    {
        "accumulated_operating_revenue_yoy": 67.49533479874886, 
        "accumulated_operating_revenue": 504439, 
        "long_term_average": 51938, 
        "date": "2014-10-31", 
        "operating_revenue": 6492, 
        "short_term_average": 24472
    }, 
    {
        "accumulated_operating_revenue_yoy": 36.78790297154568, 
        "accumulated_operating_revenue": 555337, 
        "long_term_average": 47444, 
        "date": "2014-11-30", 
        "operating_revenue": 50898, 
        "short_term_average": 32001
    }, 
    {
        "accumulated_operating_revenue_yoy": 76.32547031665567, 
        "accumulated_operating_revenue": 740537, 
        "long_term_average": 61711, 
        "date": "2014-12-31", 
        "operating_revenue": 185200, 
        "short_term_average": 80863
    }, 
    {
        "accumulated_operating_revenue_yoy": 17.760038013779994, 
        "accumulated_operating_revenue": 123913, 
        "long_term_average": 63268, 
        "date": "2015-01-31", 
        "operating_revenue": 123913, 
        "short_term_average": 120003
    }, 
    {
        "accumulated_operating_revenue_yoy": 15.251418178376074, 
        "accumulated_operating_revenue": 170458, 
        "long_term_average": 63591, 
        "date": "2015-02-28", 
        "operating_revenue": 46545, 
        "short_term_average": 118552
    }, 
    {
        "accumulated_operating_revenue_yoy": 63.193430560753086, 
        "accumulated_operating_revenue": 309622, 
        "long_term_average": 71702, 
        "date": "2015-03-31", 
        "operating_revenue": 139164, 
        "short_term_average": 103207
    }, 
    {
        "accumulated_operating_revenue_yoy": 68.11667539370686, 
        "accumulated_operating_revenue": 382067, 
        "long_term_average": 74611, 
        "date": "2015-04-30", 
        "operating_revenue": 72445, 
        "short_term_average": 86051
    }, 
    {
        "accumulated_operating_revenue_yoy": 31.41612705562824, 
        "accumulated_operating_revenue": 396765, 
        "long_term_average": 69615, 
        "date": "2015-05-31", 
        "operating_revenue": 14698, 
        "short_term_average": 75435
    }, 
    {
        "accumulated_operating_revenue_yoy": 25.213691785261222, 
        "accumulated_operating_revenue": 452064, 
        "long_term_average": 69297, 
        "date": "2015-06-30", 
        "operating_revenue": 55299, 
        "short_term_average": 47480
    }, 
    {
        "accumulated_operating_revenue_yoy": 9.184239283004771, 
        "accumulated_operating_revenue": 470607, 
        "long_term_average": 65010, 
        "date": "2015-07-31", 
        "operating_revenue": 18543, 
        "short_term_average": 29513
    }, 
    {
        "accumulated_operating_revenue_yoy": 24.081875240838347, 
        "accumulated_operating_revenue": 569949, 
        "long_term_average": 70929, 
        "date": "2015-08-31", 
        "operating_revenue": 99342, 
        "short_term_average": 57728
    }, 
    {
        "accumulated_operating_revenue_yoy": 24.435933944777254, 
        "accumulated_operating_revenue": 619625, 
        "long_term_average": 71851, 
        "date": "2015-09-30", 
        "operating_revenue": 49676, 
        "short_term_average": 55853
    }
]