[
    {
        "date": "2011-09-30", 
        "operating_revenue": 30761, 
        "accumulated_operating_revenue": 30761, 
        "long_term_average": 30761, 
        "short_term_average": 30761
    }, 
    {
        "date": "2011-10-31", 
        "operating_revenue": 63004, 
        "accumulated_operating_revenue": 93765, 
        "long_term_average": 46882, 
        "short_term_average": 46882
    }, 
    {
        "date": "2011-11-30", 
        "operating_revenue": 42648, 
        "accumulated_operating_revenue": 136413, 
        "long_term_average": 45471, 
        "short_term_average": 45471
    }, 
    {
        "date": "2011-12-31", 
        "operating_revenue": 15342, 
        "accumulated_operating_revenue": 151755, 
        "long_term_average": 37938, 
        "short_term_average": 40331
    }, 
    {
        "date": "2012-01-31", 
        "operating_revenue": 3334, 
        "accumulated_operating_revenue": 3334, 
        "long_term_average": 31017, 
        "short_term_average": 20441
    }, 
    {
        "date": "2012-02-29", 
        "operating_revenue": 5526, 
        "accumulated_operating_revenue": 8860, 
        "long_term_average": 26769, 
        "short_term_average": 8067
    }, 
    {
        "date": "2012-03-31", 
        "operating_revenue": 17227, 
        "accumulated_operating_revenue": 26087, 
        "long_term_average": 25406, 
        "short_term_average": 8695
    }, 
    {
        "date": "2012-04-30", 
        "operating_revenue": 34815, 
        "accumulated_operating_revenue": 60902, 
        "long_term_average": 26582, 
        "short_term_average": 19189
    }, 
    {
        "date": "2012-05-31", 
        "operating_revenue": 35780, 
        "accumulated_operating_revenue": 96682, 
        "long_term_average": 27604, 
        "short_term_average": 29274
    }, 
    {
        "date": "2012-06-30", 
        "operating_revenue": 39438, 
        "accumulated_operating_revenue": 136120, 
        "long_term_average": 28787, 
        "short_term_average": 36677
    }, 
    {
        "date": "2012-07-31", 
        "operating_revenue": 26178, 
        "accumulated_operating_revenue": 162298, 
        "long_term_average": 28550, 
        "short_term_average": 33798
    }, 
    {
        "date": "2012-08-31", 
        "operating_revenue": 39571, 
        "accumulated_operating_revenue": 201869, 
        "long_term_average": 29468, 
        "short_term_average": 35062
    }, 
    {
        "accumulated_operating_revenue_yoy": 658.1483046714995, 
        "accumulated_operating_revenue": 233214, 
        "long_term_average": 29517, 
        "date": "2012-09-30", 
        "operating_revenue": 31345, 
        "short_term_average": 32364
    }, 
    {
        "accumulated_operating_revenue_yoy": 181.83543966298726, 
        "accumulated_operating_revenue": 264263, 
        "long_term_average": 26854, 
        "date": "2012-10-31", 
        "operating_revenue": 31049, 
        "short_term_average": 33988
    }, 
    {
        "accumulated_operating_revenue_yoy": 118.98059569102652, 
        "accumulated_operating_revenue": 298718, 
        "long_term_average": 26171, 
        "date": "2012-11-30", 
        "operating_revenue": 34455, 
        "short_term_average": 32283
    }, 
    {
        "accumulated_operating_revenue_yoy": 125.95103950446442, 
        "accumulated_operating_revenue": 342892, 
        "long_term_average": 28574, 
        "date": "2012-12-31", 
        "operating_revenue": 44174, 
        "short_term_average": 36559
    }, 
    {
        "accumulated_operating_revenue_yoy": 1866.7366526694661, 
        "accumulated_operating_revenue": 65571, 
        "long_term_average": 33760, 
        "date": "2013-01-31", 
        "operating_revenue": 65571, 
        "short_term_average": 48066
    }, 
    {
        "accumulated_operating_revenue_yoy": 1327.844243792325, 
        "accumulated_operating_revenue": 126507, 
        "long_term_average": 38378, 
        "date": "2013-02-28", 
        "operating_revenue": 60936, 
        "short_term_average": 56893
    }, 
    {
        "accumulated_operating_revenue_yoy": 686.1731897113505, 
        "accumulated_operating_revenue": 205089, 
        "long_term_average": 43491, 
        "date": "2013-03-31", 
        "operating_revenue": 78582, 
        "short_term_average": 68363
    }, 
    {
        "accumulated_operating_revenue_yoy": 407.4792289251585, 
        "accumulated_operating_revenue": 309065, 
        "long_term_average": 49254, 
        "date": "2013-04-30", 
        "operating_revenue": 103976, 
        "short_term_average": 81164
    }, 
    {
        "accumulated_operating_revenue_yoy": 289.13551643532406, 
        "accumulated_operating_revenue": 376224, 
        "long_term_average": 51869, 
        "date": "2013-05-31", 
        "operating_revenue": 67159, 
        "short_term_average": 83239
    }, 
    {
        "accumulated_operating_revenue_yoy": 252.76961504554802, 
        "accumulated_operating_revenue": 480190, 
        "long_term_average": 57246, 
        "date": "2013-06-30", 
        "operating_revenue": 103966, 
        "short_term_average": 91700
    }, 
    {
        "accumulated_operating_revenue_yoy": 255.86328851865088, 
        "accumulated_operating_revenue": 577559, 
        "long_term_average": 63179, 
        "date": "2013-07-31", 
        "operating_revenue": 97369, 
        "short_term_average": 89498
    }, 
    {
        "accumulated_operating_revenue_yoy": 229.31059251296634, 
        "accumulated_operating_revenue": 664776, 
        "long_term_average": 67149, 
        "date": "2013-08-31", 
        "operating_revenue": 87217, 
        "short_term_average": 96184
    }, 
    {
        "accumulated_operating_revenue_yoy": 224.93075029800957, 
        "accumulated_operating_revenue": 757784, 
        "long_term_average": 72288, 
        "date": "2013-09-30", 
        "operating_revenue": 93008, 
        "short_term_average": 92531
    }, 
    {
        "accumulated_operating_revenue_yoy": 220.19162728039868, 
        "accumulated_operating_revenue": 846148, 
        "long_term_average": 77064, 
        "date": "2013-10-31", 
        "operating_revenue": 88364, 
        "short_term_average": 89529
    }, 
    {
        "accumulated_operating_revenue_yoy": 217.6738596268052, 
        "accumulated_operating_revenue": 948949, 
        "long_term_average": 82760, 
        "date": "2013-11-30", 
        "operating_revenue": 102801, 
        "short_term_average": 94724
    }, 
    {
        "accumulated_operating_revenue_yoy": 206.87709249559626, 
        "accumulated_operating_revenue": 1052257, 
        "long_term_average": 87688, 
        "date": "2013-12-31", 
        "operating_revenue": 103308, 
        "short_term_average": 98157
    }, 
    {
        "accumulated_operating_revenue_yoy": 40.42793308017264, 
        "accumulated_operating_revenue": 92080, 
        "long_term_average": 89897, 
        "date": "2014-01-31", 
        "operating_revenue": 92080, 
        "short_term_average": 99396
    }, 
    {
        "accumulated_operating_revenue_yoy": 25.75035373536642, 
        "accumulated_operating_revenue": 159083, 
        "long_term_average": 90402, 
        "date": "2014-02-28", 
        "operating_revenue": 67003, 
        "short_term_average": 87463
    }, 
    {
        "accumulated_operating_revenue_yoy": 22.479996489329025, 
        "accumulated_operating_revenue": 251193, 
        "long_term_average": 91530, 
        "date": "2014-03-31", 
        "operating_revenue": 92110, 
        "short_term_average": 83731
    }, 
    {
        "accumulated_operating_revenue_yoy": 12.417776195945837, 
        "accumulated_operating_revenue": 347444, 
        "long_term_average": 90886, 
        "date": "2014-04-30", 
        "operating_revenue": 96251, 
        "short_term_average": 85121
    }, 
    {
        "accumulated_operating_revenue_yoy": 23.510993450710217, 
        "accumulated_operating_revenue": 464678, 
        "long_term_average": 95059, 
        "date": "2014-05-31", 
        "operating_revenue": 117234, 
        "short_term_average": 101865
    }, 
    {
        "accumulated_operating_revenue_yoy": 27.213602948832754, 
        "accumulated_operating_revenue": 610867, 
        "long_term_average": 98577, 
        "date": "2014-06-30", 
        "operating_revenue": 146189, 
        "short_term_average": 119891
    }, 
    {
        "accumulated_operating_revenue_yoy": 32.36310056634907, 
        "accumulated_operating_revenue": 764475, 
        "long_term_average": 103264, 
        "date": "2014-07-31", 
        "operating_revenue": 153608, 
        "short_term_average": 139010
    }, 
    {
        "accumulated_operating_revenue_yoy": 37.55144590057402, 
        "accumulated_operating_revenue": 914409, 
        "long_term_average": 108490, 
        "date": "2014-08-31", 
        "operating_revenue": 149934, 
        "short_term_average": 149910
    }, 
    {
        "accumulated_operating_revenue_yoy": 36.82051877579891, 
        "accumulated_operating_revenue": 1036804, 
        "long_term_average": 110939, 
        "date": "2014-09-30", 
        "operating_revenue": 122395, 
        "short_term_average": 141979
    }, 
    {
        "accumulated_operating_revenue_yoy": 37.22705720512251, 
        "accumulated_operating_revenue": 1161144, 
        "long_term_average": 113937, 
        "date": "2014-10-31", 
        "operating_revenue": 124340, 
        "short_term_average": 132223
    }, 
    {
        "accumulated_operating_revenue_yoy": 33.97706304553775, 
        "accumulated_operating_revenue": 1271374, 
        "long_term_average": 114556, 
        "date": "2014-11-30", 
        "operating_revenue": 110230, 
        "short_term_average": 118988
    }, 
    {
        "accumulated_operating_revenue_yoy": 31.118633565754372, 
        "accumulated_operating_revenue": 1379705, 
        "long_term_average": 114975, 
        "date": "2014-12-31", 
        "operating_revenue": 108331, 
        "short_term_average": 114300
    }, 
    {
        "accumulated_operating_revenue_yoy": 23.57732406602954, 
        "accumulated_operating_revenue": 113790, 
        "long_term_average": 116784, 
        "date": "2015-01-31", 
        "operating_revenue": 113790, 
        "short_term_average": 110783
    }, 
    {
        "accumulated_operating_revenue_yoy": 26.171872544520784, 
        "accumulated_operating_revenue": 200718, 
        "long_term_average": 118445, 
        "date": "2015-02-28", 
        "operating_revenue": 86928, 
        "short_term_average": 103016
    }, 
    {
        "accumulated_operating_revenue_yoy": 10.189774396579523, 
        "accumulated_operating_revenue": 276789, 
        "long_term_average": 117108, 
        "date": "2015-03-31", 
        "operating_revenue": 76071, 
        "short_term_average": 92263
    }, 
    {
        "accumulated_operating_revenue_yoy": 10.285110694097465, 
        "accumulated_operating_revenue": 383179, 
        "long_term_average": 117953, 
        "date": "2015-04-30", 
        "operating_revenue": 106390, 
        "short_term_average": 89796
    }, 
    {
        "accumulated_operating_revenue_yoy": 3.830609583410448, 
        "accumulated_operating_revenue": 482478, 
        "long_term_average": 116458, 
        "date": "2015-05-31", 
        "operating_revenue": 99299, 
        "short_term_average": 93920
    }, 
    {
        "accumulated_operating_revenue_yoy": -3.57459152319572, 
        "accumulated_operating_revenue": 589031, 
        "long_term_average": 113155, 
        "date": "2015-06-30", 
        "operating_revenue": 106553, 
        "short_term_average": 104080
    }, 
    {
        "accumulated_operating_revenue_yoy": -8.898263514176396, 
        "accumulated_operating_revenue": 696450, 
        "long_term_average": 109306, 
        "date": "2015-07-31", 
        "operating_revenue": 107419, 
        "short_term_average": 104423
    }, 
    {
        "accumulated_operating_revenue_yoy": -11.883850662012295, 
        "accumulated_operating_revenue": 805742, 
        "long_term_average": 105919, 
        "date": "2015-08-31", 
        "operating_revenue": 109292, 
        "short_term_average": 107754
    }
]