[
    {
        "date": "2012-01-31", 
        "operating_revenue": 145556, 
        "accumulated_operating_revenue": 145556, 
        "long_term_average": 145556, 
        "short_term_average": 145556
    }, 
    {
        "date": "2012-02-29", 
        "operating_revenue": 175045, 
        "accumulated_operating_revenue": 320601, 
        "long_term_average": 160300, 
        "short_term_average": 160300
    }, 
    {
        "date": "2012-03-31", 
        "operating_revenue": 257194, 
        "accumulated_operating_revenue": 577795, 
        "long_term_average": 192598, 
        "short_term_average": 192598
    }, 
    {
        "date": "2012-04-30", 
        "operating_revenue": 217091, 
        "accumulated_operating_revenue": 794886, 
        "long_term_average": 198721, 
        "short_term_average": 216443
    }, 
    {
        "date": "2012-05-31", 
        "operating_revenue": 249583, 
        "accumulated_operating_revenue": 1044469, 
        "long_term_average": 208893, 
        "short_term_average": 241289
    }, 
    {
        "date": "2012-06-30", 
        "operating_revenue": 250306, 
        "accumulated_operating_revenue": 1294775, 
        "long_term_average": 215795, 
        "short_term_average": 238993
    }, 
    {
        "date": "2012-07-31", 
        "operating_revenue": 307780, 
        "accumulated_operating_revenue": 1602555, 
        "long_term_average": 228936, 
        "short_term_average": 269223
    }, 
    {
        "date": "2012-08-31", 
        "operating_revenue": 313060, 
        "accumulated_operating_revenue": 1915615, 
        "long_term_average": 239451, 
        "short_term_average": 290382
    }, 
    {
        "date": "2012-09-30", 
        "operating_revenue": 328867, 
        "accumulated_operating_revenue": 2244482, 
        "long_term_average": 249386, 
        "short_term_average": 316569
    }, 
    {
        "date": "2012-10-31", 
        "operating_revenue": 254345, 
        "accumulated_operating_revenue": 2498827, 
        "long_term_average": 249882, 
        "short_term_average": 298757
    }, 
    {
        "date": "2012-11-30", 
        "operating_revenue": 344899, 
        "accumulated_operating_revenue": 2843726, 
        "long_term_average": 258520, 
        "short_term_average": 309370
    }, 
    {
        "date": "2012-12-31", 
        "operating_revenue": 340036, 
        "accumulated_operating_revenue": 3183762, 
        "long_term_average": 265313, 
        "short_term_average": 313093
    }, 
    {
        "accumulated_operating_revenue_yoy": 77.67388496523675, 
        "accumulated_operating_revenue": 258615, 
        "long_term_average": 274735, 
        "date": "2013-01-31", 
        "operating_revenue": 258615, 
        "short_term_average": 314516
    }, 
    {
        "accumulated_operating_revenue_yoy": 41.68670715312803, 
        "accumulated_operating_revenue": 454249, 
        "long_term_average": 276450, 
        "date": "2013-02-28", 
        "operating_revenue": 195634, 
        "short_term_average": 264761
    }, 
    {
        "accumulated_operating_revenue_yoy": 32.471032113465846, 
        "accumulated_operating_revenue": 765411, 
        "long_term_average": 280948, 
        "date": "2013-03-31", 
        "operating_revenue": 311162, 
        "short_term_average": 255137
    }, 
    {
        "accumulated_operating_revenue_yoy": 34.38644031974396, 
        "accumulated_operating_revenue": 1068219, 
        "long_term_average": 288091, 
        "date": "2013-04-30", 
        "operating_revenue": 302808, 
        "short_term_average": 269868
    }, 
    {
        "accumulated_operating_revenue_yoy": 25.992729319874503, 
        "accumulated_operating_revenue": 1315955, 
        "long_term_average": 287937, 
        "date": "2013-05-31", 
        "operating_revenue": 247736, 
        "short_term_average": 287235
    }, 
    {
        "accumulated_operating_revenue_yoy": 20.82979668282134, 
        "accumulated_operating_revenue": 1564474, 
        "long_term_average": 287788, 
        "date": "2013-06-30", 
        "operating_revenue": 248519, 
        "short_term_average": 266354
    }, 
    {
        "accumulated_operating_revenue_yoy": 12.966107247489166, 
        "accumulated_operating_revenue": 1810344, 
        "long_term_average": 282629, 
        "date": "2013-07-31", 
        "operating_revenue": 245870, 
        "short_term_average": 247375
    }, 
    {
        "accumulated_operating_revenue_yoy": 7.19032791035777, 
        "accumulated_operating_revenue": 2053354, 
        "long_term_average": 276791, 
        "date": "2013-08-31", 
        "operating_revenue": 243010, 
        "short_term_average": 245799
    }, 
    {
        "accumulated_operating_revenue_yoy": 2.757919199173796, 
        "accumulated_operating_revenue": 2306383, 
        "long_term_average": 270471, 
        "date": "2013-09-30", 
        "operating_revenue": 253029, 
        "short_term_average": 247303
    }, 
    {
        "accumulated_operating_revenue_yoy": 1.3850498653968442, 
        "accumulated_operating_revenue": 2533437, 
        "long_term_average": 268197, 
        "date": "2013-10-31", 
        "operating_revenue": 227054, 
        "short_term_average": 241031
    }, 
    {
        "accumulated_operating_revenue_yoy": -2.6830995672578863, 
        "accumulated_operating_revenue": 2767426, 
        "long_term_average": 258955, 
        "date": "2013-11-30", 
        "operating_revenue": 233989, 
        "short_term_average": 238024
    }, 
    {
        "accumulated_operating_revenue_yoy": -6.055006624238872, 
        "accumulated_operating_revenue": 2990985, 
        "long_term_average": 249248, 
        "date": "2013-12-31", 
        "operating_revenue": 223559, 
        "short_term_average": 228200
    }, 
    {
        "accumulated_operating_revenue_yoy": -8.501440365021363, 
        "accumulated_operating_revenue": 236629, 
        "long_term_average": 247416, 
        "date": "2014-01-31", 
        "operating_revenue": 236629, 
        "short_term_average": 231392
    }, 
    {
        "accumulated_operating_revenue_yoy": -11.980873925974521, 
        "accumulated_operating_revenue": 399826, 
        "long_term_average": 244713, 
        "date": "2014-02-28", 
        "operating_revenue": 163197, 
        "short_term_average": 207795
    }, 
    {
        "accumulated_operating_revenue_yoy": -20.76727405276381, 
        "accumulated_operating_revenue": 606456, 
        "long_term_average": 236002, 
        "date": "2014-03-31", 
        "operating_revenue": 206630, 
        "short_term_average": 202152
    }, 
    {
        "accumulated_operating_revenue_yoy": -26.60755893688467, 
        "accumulated_operating_revenue": 783992, 
        "long_term_average": 225563, 
        "date": "2014-04-30", 
        "operating_revenue": 177536, 
        "short_term_average": 182454
    }, 
    {
        "accumulated_operating_revenue_yoy": -25.570099281510384, 
        "accumulated_operating_revenue": 979464, 
        "long_term_average": 221207, 
        "date": "2014-05-31", 
        "operating_revenue": 195472, 
        "short_term_average": 193212
    }, 
    {
        "accumulated_operating_revenue_yoy": -23.811645319768818, 
        "accumulated_operating_revenue": 1191947, 
        "long_term_average": 218204, 
        "date": "2014-06-30", 
        "operating_revenue": 212483, 
        "short_term_average": 195163
    }, 
    {
        "accumulated_operating_revenue_yoy": -24.249590133145965, 
        "accumulated_operating_revenue": 1371343, 
        "long_term_average": 212665, 
        "date": "2014-07-31", 
        "operating_revenue": 179396, 
        "short_term_average": 195783
    }, 
    {
        "accumulated_operating_revenue_yoy": -24.54666852379083, 
        "accumulated_operating_revenue": 1549324, 
        "long_term_average": 207246, 
        "date": "2014-08-31", 
        "operating_revenue": 177981, 
        "short_term_average": 189953
    }, 
    {
        "accumulated_operating_revenue_yoy": -24.327746085537395, 
        "accumulated_operating_revenue": 1745292, 
        "long_term_average": 202491, 
        "date": "2014-09-30", 
        "operating_revenue": 195968, 
        "short_term_average": 184448
    }, 
    {
        "accumulated_operating_revenue_yoy": -24.087159064938263, 
        "accumulated_operating_revenue": 1923204, 
        "long_term_average": 198396, 
        "date": "2014-10-31", 
        "operating_revenue": 177912, 
        "short_term_average": 183953
    }, 
    {
        "accumulated_operating_revenue_yoy": -24.552743235049466, 
        "accumulated_operating_revenue": 2087947, 
        "long_term_average": 192625, 
        "date": "2014-11-30", 
        "operating_revenue": 164743, 
        "short_term_average": 179541
    }, 
    {
        "accumulated_operating_revenue_yoy": -24.332318617445424, 
        "accumulated_operating_revenue": 2263209, 
        "long_term_average": 188600, 
        "date": "2014-12-31", 
        "operating_revenue": 175262, 
        "short_term_average": 172639
    }, 
    {
        "accumulated_operating_revenue_yoy": -25.321494829458775, 
        "accumulated_operating_revenue": 176711, 
        "long_term_average": 183607, 
        "date": "2015-01-31", 
        "operating_revenue": 176711, 
        "short_term_average": 172238
    }, 
    {
        "accumulated_operating_revenue_yoy": -14.902732688719594, 
        "accumulated_operating_revenue": 340241, 
        "long_term_average": 183635, 
        "date": "2015-02-28", 
        "operating_revenue": 163530, 
        "short_term_average": 171834
    }, 
    {
        "accumulated_operating_revenue_yoy": -18.11936892371417, 
        "accumulated_operating_revenue": 496570, 
        "long_term_average": 179443, 
        "date": "2015-03-31", 
        "operating_revenue": 156329, 
        "short_term_average": 165523
    }, 
    {
        "accumulated_operating_revenue_yoy": -16.06585271278278, 
        "accumulated_operating_revenue": 658037, 
        "long_term_average": 178104, 
        "date": "2015-04-30", 
        "operating_revenue": 161467, 
        "short_term_average": 160442
    }, 
    {
        "accumulated_operating_revenue_yoy": -16.936916517605546, 
        "accumulated_operating_revenue": 813573, 
        "long_term_average": 174776, 
        "date": "2015-05-31", 
        "operating_revenue": 155536, 
        "short_term_average": 157777
    }, 
    {
        "accumulated_operating_revenue_yoy": -21.062933167330428, 
        "accumulated_operating_revenue": 940888, 
        "long_term_average": 167679, 
        "date": "2015-06-30", 
        "operating_revenue": 127315, 
        "short_term_average": 148106
    }, 
    {
        "accumulated_operating_revenue_yoy": -19.19950005213867, 
        "accumulated_operating_revenue": 1108052, 
        "long_term_average": 166659, 
        "date": "2015-07-31", 
        "operating_revenue": 167164, 
        "short_term_average": 150005
    }, 
    {
        "accumulated_operating_revenue_yoy": -16.515525480790334, 
        "accumulated_operating_revenue": 1293445, 
        "long_term_average": 167277, 
        "date": "2015-08-31", 
        "operating_revenue": 185393, 
        "short_term_average": 159957
    }, 
    {
        "accumulated_operating_revenue_yoy": -16.96524134643372, 
        "accumulated_operating_revenue": 1449199, 
        "long_term_average": 163926, 
        "date": "2015-09-30", 
        "operating_revenue": 155754, 
        "short_term_average": 169437
    }, 
    {
        "accumulated_operating_revenue_yoy": -15.174105295122098, 
        "accumulated_operating_revenue": 1631375, 
        "long_term_average": 164281, 
        "date": "2015-10-31", 
        "operating_revenue": 182176, 
        "short_term_average": 174441
    }
]