[
    {
        "date": "2011-09-30", 
        "operating_revenue": 274944, 
        "accumulated_operating_revenue": 274944, 
        "long_term_average": 274944, 
        "short_term_average": 274944
    }, 
    {
        "date": "2011-10-31", 
        "operating_revenue": 226573, 
        "accumulated_operating_revenue": 501517, 
        "long_term_average": 250758, 
        "short_term_average": 250758
    }, 
    {
        "date": "2011-11-30", 
        "operating_revenue": 287765, 
        "accumulated_operating_revenue": 789282, 
        "long_term_average": 263094, 
        "short_term_average": 263094
    }, 
    {
        "date": "2011-12-31", 
        "operating_revenue": 254688, 
        "accumulated_operating_revenue": 1043970, 
        "long_term_average": 260992, 
        "short_term_average": 256342
    }, 
    {
        "date": "2012-01-31", 
        "operating_revenue": 298007, 
        "accumulated_operating_revenue": 298007, 
        "long_term_average": 268395, 
        "short_term_average": 280153
    }, 
    {
        "date": "2012-02-29", 
        "operating_revenue": 262277, 
        "accumulated_operating_revenue": 560284, 
        "long_term_average": 267375, 
        "short_term_average": 271657
    }, 
    {
        "date": "2012-03-31", 
        "operating_revenue": 315135, 
        "accumulated_operating_revenue": 875419, 
        "long_term_average": 274198, 
        "short_term_average": 291806
    }, 
    {
        "date": "2012-04-30", 
        "operating_revenue": 232736, 
        "accumulated_operating_revenue": 1108155, 
        "long_term_average": 269015, 
        "short_term_average": 270049
    }, 
    {
        "date": "2012-05-31", 
        "operating_revenue": 263163, 
        "accumulated_operating_revenue": 1371318, 
        "long_term_average": 268365, 
        "short_term_average": 270344
    }, 
    {
        "date": "2012-06-30", 
        "operating_revenue": 227606, 
        "accumulated_operating_revenue": 1598924, 
        "long_term_average": 264289, 
        "short_term_average": 241168
    }, 
    {
        "date": "2012-07-31", 
        "operating_revenue": 240647, 
        "accumulated_operating_revenue": 1839571, 
        "long_term_average": 262140, 
        "short_term_average": 243805
    }, 
    {
        "date": "2012-08-31", 
        "operating_revenue": 257442, 
        "accumulated_operating_revenue": 2097013, 
        "long_term_average": 261748, 
        "short_term_average": 241898
    }, 
    {
        "accumulated_operating_revenue_yoy": 759.2473376396648, 
        "accumulated_operating_revenue": 2362449, 
        "long_term_average": 260956, 
        "date": "2012-09-30", 
        "operating_revenue": 265436, 
        "short_term_average": 254508
    }, 
    {
        "accumulated_operating_revenue_yoy": 433.3352608186761, 
        "accumulated_operating_revenue": 2674767, 
        "long_term_average": 268101, 
        "date": "2012-10-31", 
        "operating_revenue": 312318, 
        "short_term_average": 278398
    }, 
    {
        "accumulated_operating_revenue_yoy": 273.0148413368099, 
        "accumulated_operating_revenue": 2944139, 
        "long_term_average": 266568, 
        "date": "2012-11-30", 
        "operating_revenue": 269372, 
        "short_term_average": 282375
    }, 
    {
        "accumulated_operating_revenue_yoy": 204.29102368842015, 
        "accumulated_operating_revenue": 3176707, 
        "long_term_average": 264725, 
        "date": "2012-12-31", 
        "operating_revenue": 232568, 
        "short_term_average": 271419
    }, 
    {
        "accumulated_operating_revenue_yoy": 11.2145016727795, 
        "accumulated_operating_revenue": 331427, 
        "long_term_average": 267510, 
        "date": "2013-01-31", 
        "operating_revenue": 331427, 
        "short_term_average": 277789
    }, 
    {
        "accumulated_operating_revenue_yoy": 10.92463821918884, 
        "accumulated_operating_revenue": 621493, 
        "long_term_average": 269826, 
        "date": "2013-02-28", 
        "operating_revenue": 290066, 
        "short_term_average": 284687
    }, 
    {
        "accumulated_operating_revenue_yoy": 7.610070149265666, 
        "accumulated_operating_revenue": 942039, 
        "long_term_average": 270277, 
        "date": "2013-03-31", 
        "operating_revenue": 320546, 
        "short_term_average": 314013
    }, 
    {
        "accumulated_operating_revenue_yoy": 9.169385149189418, 
        "accumulated_operating_revenue": 1209766, 
        "long_term_average": 273193, 
        "date": "2013-04-30", 
        "operating_revenue": 267727, 
        "short_term_average": 292779
    }, 
    {
        "accumulated_operating_revenue_yoy": 10.49690881327307, 
        "accumulated_operating_revenue": 1515264, 
        "long_term_average": 276721, 
        "date": "2013-05-31", 
        "operating_revenue": 305498, 
        "short_term_average": 297923
    }, 
    {
        "accumulated_operating_revenue_yoy": 10.711390910387236, 
        "accumulated_operating_revenue": 1770191, 
        "long_term_average": 278997, 
        "date": "2013-06-30", 
        "operating_revenue": 254927, 
        "short_term_average": 276050
    }, 
    {
        "accumulated_operating_revenue_yoy": 6.767882294295789, 
        "accumulated_operating_revenue": 1964071, 
        "long_term_average": 275100, 
        "date": "2013-07-31", 
        "operating_revenue": 193880, 
        "short_term_average": 251435
    }, 
    {
        "accumulated_operating_revenue_yoy": 5.09758403977467, 
        "accumulated_operating_revenue": 2203910, 
        "long_term_average": 273633, 
        "date": "2013-08-31", 
        "operating_revenue": 239839, 
        "short_term_average": 229548
    }, 
    {
        "accumulated_operating_revenue_yoy": 4.988298160087266, 
        "accumulated_operating_revenue": 2480295, 
        "long_term_average": 274546, 
        "date": "2013-09-30", 
        "operating_revenue": 276385, 
        "short_term_average": 236701
    }, 
    {
        "accumulated_operating_revenue_yoy": 0.21695347669535325, 
        "accumulated_operating_revenue": 2680570, 
        "long_term_average": 265209, 
        "date": "2013-10-31", 
        "operating_revenue": 200275, 
        "short_term_average": 238833
    }, 
    {
        "accumulated_operating_revenue_yoy": -0.705231648369863, 
        "accumulated_operating_revenue": 2923376, 
        "long_term_average": 262995, 
        "date": "2013-11-30", 
        "operating_revenue": 242806, 
        "short_term_average": 239822
    }, 
    {
        "accumulated_operating_revenue_yoy": -1.7353504745637545, 
        "accumulated_operating_revenue": 3121580, 
        "long_term_average": 260131, 
        "date": "2013-12-31", 
        "operating_revenue": 198204, 
        "short_term_average": 213761
    }, 
    {
        "accumulated_operating_revenue_yoy": -0.7730209065646432, 
        "accumulated_operating_revenue": 328865, 
        "long_term_average": 259918, 
        "date": "2014-01-31", 
        "operating_revenue": 328865, 
        "short_term_average": 256625
    }, 
    {
        "accumulated_operating_revenue_yoy": -11.586293007322688, 
        "accumulated_operating_revenue": 549485, 
        "long_term_average": 254131, 
        "date": "2014-02-28", 
        "operating_revenue": 220620, 
        "short_term_average": 249229
    }, 
    {
        "accumulated_operating_revenue_yoy": -9.014913395305289, 
        "accumulated_operating_revenue": 857115, 
        "long_term_average": 253054, 
        "date": "2014-03-31", 
        "operating_revenue": 307630, 
        "short_term_average": 285705
    }, 
    {
        "accumulated_operating_revenue_yoy": -7.408953467034121, 
        "accumulated_operating_revenue": 1120135, 
        "long_term_average": 252662, 
        "date": "2014-04-30", 
        "operating_revenue": 263020, 
        "short_term_average": 263756
    }, 
    {
        "accumulated_operating_revenue_yoy": -8.609588824125696, 
        "accumulated_operating_revenue": 1384806, 
        "long_term_average": 249260, 
        "date": "2014-05-31", 
        "operating_revenue": 264671, 
        "short_term_average": 278440
    }, 
    {
        "accumulated_operating_revenue_yoy": -6.725375962254921, 
        "accumulated_operating_revenue": 1651139, 
        "long_term_average": 250210, 
        "date": "2014-06-30", 
        "operating_revenue": 266333, 
        "short_term_average": 264674
    }, 
    {
        "accumulated_operating_revenue_yoy": -4.767037444165715, 
        "accumulated_operating_revenue": 1870443, 
        "long_term_average": 252329, 
        "date": "2014-07-31", 
        "operating_revenue": 219304, 
        "short_term_average": 250102
    }, 
    {
        "accumulated_operating_revenue_yoy": -4.345821744082109, 
        "accumulated_operating_revenue": 2108132, 
        "long_term_average": 252150, 
        "date": "2014-08-31", 
        "operating_revenue": 237689, 
        "short_term_average": 241108
    }, 
    {
        "accumulated_operating_revenue_yoy": -3.6246494872585724, 
        "accumulated_operating_revenue": 2390393, 
        "long_term_average": 252639, 
        "date": "2014-09-30", 
        "operating_revenue": 282261, 
        "short_term_average": 246418
    }, 
    {
        "accumulated_operating_revenue_yoy": -2.8242873717157173, 
        "accumulated_operating_revenue": 2604863, 
        "long_term_average": 253822, 
        "date": "2014-10-31", 
        "operating_revenue": 214470, 
        "short_term_average": 244806
    }, 
    {
        "accumulated_operating_revenue_yoy": -3.9333975513242225, 
        "accumulated_operating_revenue": 2808388, 
        "long_term_average": 250549, 
        "date": "2014-11-30", 
        "operating_revenue": 203525, 
        "short_term_average": 233418
    }, 
    {
        "accumulated_operating_revenue_yoy": -4.065825639579956, 
        "accumulated_operating_revenue": 2994662, 
        "long_term_average": 249555, 
        "date": "2014-12-31", 
        "operating_revenue": 186274, 
        "short_term_average": 201423
    }, 
    {
        "accumulated_operating_revenue_yoy": -21.75208672251532, 
        "accumulated_operating_revenue": 257330, 
        "long_term_average": 243593, 
        "date": "2015-01-31", 
        "operating_revenue": 257330, 
        "short_term_average": 215709
    }, 
    {
        "accumulated_operating_revenue_yoy": -20.195455744924793, 
        "accumulated_operating_revenue": 438514, 
        "long_term_average": 240307, 
        "date": "2015-02-28", 
        "operating_revenue": 181184, 
        "short_term_average": 208262
    }, 
    {
        "accumulated_operating_revenue_yoy": -23.648635247312207, 
        "accumulated_operating_revenue": 654419, 
        "long_term_average": 232663, 
        "date": "2015-03-31", 
        "operating_revenue": 215905, 
        "short_term_average": 218139
    }, 
    {
        "accumulated_operating_revenue_yoy": -21.924321621947353, 
        "accumulated_operating_revenue": 874553, 
        "long_term_average": 229090, 
        "date": "2015-04-30", 
        "operating_revenue": 220134, 
        "short_term_average": 205741
    }, 
    {
        "accumulated_operating_revenue_yoy": -24.19595235722549, 
        "accumulated_operating_revenue": 1049739, 
        "long_term_average": 221632, 
        "date": "2015-05-31", 
        "operating_revenue": 175186, 
        "short_term_average": 203741
    }, 
    {
        "accumulated_operating_revenue_yoy": -23.889387871039325, 
        "accumulated_operating_revenue": 1256692, 
        "long_term_average": 216684, 
        "date": "2015-06-30", 
        "operating_revenue": 206953, 
        "short_term_average": 200757
    }, 
    {
        "accumulated_operating_revenue_yoy": -20.424092046643498, 
        "accumulated_operating_revenue": 1488422, 
        "long_term_average": 217720, 
        "date": "2015-07-31", 
        "operating_revenue": 231730, 
        "short_term_average": 204623
    }, 
    {
        "accumulated_operating_revenue_yoy": -18.32992431213985, 
        "accumulated_operating_revenue": 1721713, 
        "long_term_average": 217353, 
        "date": "2015-08-31", 
        "operating_revenue": 233291, 
        "short_term_average": 223991
    }
]