[
    {
        "date": "2012-01-31", 
        "operating_revenue": 66601, 
        "accumulated_operating_revenue": 66601, 
        "long_term_average": 66601, 
        "short_term_average": 66601
    }, 
    {
        "date": "2012-02-29", 
        "operating_revenue": 76635, 
        "accumulated_operating_revenue": 143236, 
        "long_term_average": 71618, 
        "short_term_average": 71618
    }, 
    {
        "date": "2012-03-31", 
        "operating_revenue": 88631, 
        "accumulated_operating_revenue": 231867, 
        "long_term_average": 77289, 
        "short_term_average": 77289
    }, 
    {
        "date": "2012-04-30", 
        "operating_revenue": 77148, 
        "accumulated_operating_revenue": 309015, 
        "long_term_average": 77253, 
        "short_term_average": 80804
    }, 
    {
        "date": "2012-05-31", 
        "operating_revenue": 58902, 
        "accumulated_operating_revenue": 367917, 
        "long_term_average": 73583, 
        "short_term_average": 74893
    }, 
    {
        "date": "2012-06-30", 
        "operating_revenue": 73551, 
        "accumulated_operating_revenue": 441468, 
        "long_term_average": 73578, 
        "short_term_average": 69867
    }, 
    {
        "date": "2012-07-31", 
        "operating_revenue": 93596, 
        "accumulated_operating_revenue": 535064, 
        "long_term_average": 76437, 
        "short_term_average": 75349
    }, 
    {
        "date": "2012-08-31", 
        "operating_revenue": 95003, 
        "accumulated_operating_revenue": 630067, 
        "long_term_average": 78758, 
        "short_term_average": 87383
    }, 
    {
        "date": "2012-09-30", 
        "operating_revenue": 79169, 
        "accumulated_operating_revenue": 709236, 
        "long_term_average": 78804, 
        "short_term_average": 89256
    }, 
    {
        "date": "2012-10-31", 
        "operating_revenue": 89374, 
        "accumulated_operating_revenue": 798610, 
        "long_term_average": 79861, 
        "short_term_average": 87848
    }, 
    {
        "date": "2012-11-30", 
        "operating_revenue": 101227, 
        "accumulated_operating_revenue": 899837, 
        "long_term_average": 81803, 
        "short_term_average": 89923
    }, 
    {
        "date": "2012-12-31", 
        "operating_revenue": 113875, 
        "accumulated_operating_revenue": 1013712, 
        "long_term_average": 84476, 
        "short_term_average": 101492
    }, 
    {
        "accumulated_operating_revenue_yoy": 39.83123376525878, 
        "accumulated_operating_revenue": 93129, 
        "long_term_average": 86686, 
        "date": "2013-01-31", 
        "operating_revenue": 93129, 
        "short_term_average": 102743
    }, 
    {
        "accumulated_operating_revenue_yoy": 8.462956240051383, 
        "accumulated_operating_revenue": 155358, 
        "long_term_average": 85486, 
        "date": "2013-02-28", 
        "operating_revenue": 62229, 
        "short_term_average": 89744
    }, 
    {
        "accumulated_operating_revenue_yoy": 4.329205967213963, 
        "accumulated_operating_revenue": 241905, 
        "long_term_average": 85312, 
        "date": "2013-03-31", 
        "operating_revenue": 86547, 
        "short_term_average": 80635
    }, 
    {
        "accumulated_operating_revenue_yoy": 6.4860929081112575, 
        "accumulated_operating_revenue": 329058, 
        "long_term_average": 86146, 
        "date": "2013-04-30", 
        "operating_revenue": 87153, 
        "short_term_average": 78643
    }, 
    {
        "accumulated_operating_revenue_yoy": 10.296072211939105, 
        "accumulated_operating_revenue": 405798, 
        "long_term_average": 87632, 
        "date": "2013-05-31", 
        "operating_revenue": 76740, 
        "short_term_average": 83480
    }, 
    {
        "accumulated_operating_revenue_yoy": 13.297453043029167, 
        "accumulated_operating_revenue": 500172, 
        "long_term_average": 89368, 
        "date": "2013-06-30", 
        "operating_revenue": 94374, 
        "short_term_average": 86089
    }, 
    {
        "accumulated_operating_revenue_yoy": 10.786373218904654, 
        "accumulated_operating_revenue": 592778, 
        "long_term_average": 89285, 
        "date": "2013-07-31", 
        "operating_revenue": 92606, 
        "short_term_average": 87906
    }, 
    {
        "accumulated_operating_revenue_yoy": 7.722035910466666, 
        "accumulated_operating_revenue": 678721, 
        "long_term_average": 88530, 
        "date": "2013-08-31", 
        "operating_revenue": 85943, 
        "short_term_average": 90974
    }, 
    {
        "accumulated_operating_revenue_yoy": 9.988212668279669, 
        "accumulated_operating_revenue": 780076, 
        "long_term_average": 90379, 
        "date": "2013-09-30", 
        "operating_revenue": 101355, 
        "short_term_average": 93301
    }, 
    {
        "accumulated_operating_revenue_yoy": 13.373110779980216, 
        "accumulated_operating_revenue": 905409, 
        "long_term_average": 93375, 
        "date": "2013-10-31", 
        "operating_revenue": 125333, 
        "short_term_average": 104210
    }, 
    {
        "accumulated_operating_revenue_yoy": 12.965459299850973, 
        "accumulated_operating_revenue": 1016505, 
        "long_term_average": 94198, 
        "date": "2013-11-30", 
        "operating_revenue": 111096, 
        "short_term_average": 112594
    }, 
    {
        "accumulated_operating_revenue_yoy": 11.415372413466548, 
        "accumulated_operating_revenue": 1129431, 
        "long_term_average": 94119, 
        "date": "2013-12-31", 
        "operating_revenue": 112926, 
        "short_term_average": 116451
    }, 
    {
        "accumulated_operating_revenue_yoy": 46.367941242792256, 
        "accumulated_operating_revenue": 136311, 
        "long_term_average": 97717, 
        "date": "2014-01-31", 
        "operating_revenue": 136311, 
        "short_term_average": 120111
    }, 
    {
        "accumulated_operating_revenue_yoy": 46.48875500457009, 
        "accumulated_operating_revenue": 227582, 
        "long_term_average": 100137, 
        "date": "2014-02-28", 
        "operating_revenue": 91271, 
        "short_term_average": 113502
    }, 
    {
        "accumulated_operating_revenue_yoy": 42.41293069593436, 
        "accumulated_operating_revenue": 344504, 
        "long_term_average": 102669, 
        "date": "2014-03-31", 
        "operating_revenue": 116922, 
        "short_term_average": 114834
    }, 
    {
        "accumulated_operating_revenue_yoy": 43.51998735785181, 
        "accumulated_operating_revenue": 472264, 
        "long_term_average": 106053, 
        "date": "2014-04-30", 
        "operating_revenue": 127760, 
        "short_term_average": 111984
    }, 
    {
        "accumulated_operating_revenue_yoy": 45.70229523063199, 
        "accumulated_operating_revenue": 591257, 
        "long_term_average": 109574, 
        "date": "2014-05-31", 
        "operating_revenue": 118993, 
        "short_term_average": 121225
    }, 
    {
        "accumulated_operating_revenue_yoy": 40.20277024703502, 
        "accumulated_operating_revenue": 701255, 
        "long_term_average": 110876, 
        "date": "2014-06-30", 
        "operating_revenue": 109998, 
        "short_term_average": 118917
    }, 
    {
        "accumulated_operating_revenue_yoy": 48.0704412107062, 
        "accumulated_operating_revenue": 877729, 
        "long_term_average": 117865, 
        "date": "2014-07-31", 
        "operating_revenue": 176474, 
        "short_term_average": 135155
    }, 
    {
        "accumulated_operating_revenue_yoy": 56.53928491972401, 
        "accumulated_operating_revenue": 1062465, 
        "long_term_average": 126097, 
        "date": "2014-08-31", 
        "operating_revenue": 184736, 
        "short_term_average": 157069
    }, 
    {
        "accumulated_operating_revenue_yoy": 53.9369240945754, 
        "accumulated_operating_revenue": 1200825, 
        "long_term_average": 129181, 
        "date": "2014-09-30", 
        "operating_revenue": 138360, 
        "short_term_average": 166523
    }, 
    {
        "accumulated_operating_revenue_yoy": 48.22593987910436, 
        "accumulated_operating_revenue": 1342051, 
        "long_term_average": 130506, 
        "date": "2014-10-31", 
        "operating_revenue": 141226, 
        "short_term_average": 154774
    }, 
    {
        "accumulated_operating_revenue_yoy": 45.03312821874954, 
        "accumulated_operating_revenue": 1474269, 
        "long_term_average": 132266, 
        "date": "2014-11-30", 
        "operating_revenue": 132218, 
        "short_term_average": 137268
    }, 
    {
        "accumulated_operating_revenue_yoy": 41.5061212238729, 
        "accumulated_operating_revenue": 1598214, 
        "long_term_average": 133184, 
        "date": "2014-12-31", 
        "operating_revenue": 123945, 
        "short_term_average": 132463
    }, 
    {
        "accumulated_operating_revenue_yoy": -15.525526186441299, 
        "accumulated_operating_revenue": 115148, 
        "long_term_average": 131420, 
        "date": "2015-01-31", 
        "operating_revenue": 115148, 
        "short_term_average": 123770
    }, 
    {
        "accumulated_operating_revenue_yoy": -5.466161647230449, 
        "accumulated_operating_revenue": 215142, 
        "long_term_average": 132147, 
        "date": "2015-02-28", 
        "operating_revenue": 99994, 
        "short_term_average": 113029
    }, 
    {
        "accumulated_operating_revenue_yoy": -0.9593502542786151, 
        "accumulated_operating_revenue": 341199, 
        "long_term_average": 132909, 
        "date": "2015-03-31", 
        "operating_revenue": 126057, 
        "short_term_average": 113733
    }, 
    {
        "accumulated_operating_revenue_yoy": -2.668211000626768, 
        "accumulated_operating_revenue": 459663, 
        "long_term_average": 132134, 
        "date": "2015-04-30", 
        "operating_revenue": 118464, 
        "short_term_average": 114838
    }, 
    {
        "accumulated_operating_revenue_yoy": -7.329469249412692, 
        "accumulated_operating_revenue": 547921, 
        "long_term_average": 129573, 
        "date": "2015-05-31", 
        "operating_revenue": 88258, 
        "short_term_average": 110926
    }, 
    {
        "accumulated_operating_revenue_yoy": -7.248860970688266, 
        "accumulated_operating_revenue": 650422, 
        "long_term_average": 128948, 
        "date": "2015-06-30", 
        "operating_revenue": 102501, 
        "short_term_average": 103074
    }, 
    {
        "accumulated_operating_revenue_yoy": -13.62778260716007, 
        "accumulated_operating_revenue": 758114, 
        "long_term_average": 123216, 
        "date": "2015-07-31", 
        "operating_revenue": 107692, 
        "short_term_average": 99483
    }, 
    {
        "accumulated_operating_revenue_yoy": -18.664144230633482, 
        "accumulated_operating_revenue": 864165, 
        "long_term_average": 116659, 
        "date": "2015-08-31", 
        "operating_revenue": 106051, 
        "short_term_average": 105414
    }, 
    {
        "accumulated_operating_revenue_yoy": -16.351008681531447, 
        "accumulated_operating_revenue": 1004478, 
        "long_term_average": 116822, 
        "date": "2015-09-30", 
        "operating_revenue": 140313, 
        "short_term_average": 118018
    }, 
    {
        "accumulated_operating_revenue_yoy": -15.594787381403538, 
        "accumulated_operating_revenue": 1132761, 
        "long_term_average": 115743, 
        "date": "2015-10-31", 
        "operating_revenue": 128283, 
        "short_term_average": 124882
    }
]