[
    {
        "date": "2012-01-31", 
        "operating_revenue": 237747, 
        "accumulated_operating_revenue": 237747, 
        "long_term_average": 237747, 
        "short_term_average": 237747
    }, 
    {
        "date": "2012-02-29", 
        "operating_revenue": 232547, 
        "accumulated_operating_revenue": 470294, 
        "long_term_average": 235147, 
        "short_term_average": 235147
    }, 
    {
        "date": "2012-03-31", 
        "operating_revenue": 316792, 
        "accumulated_operating_revenue": 787086, 
        "long_term_average": 262362, 
        "short_term_average": 262362
    }, 
    {
        "date": "2012-04-30", 
        "operating_revenue": 306768, 
        "accumulated_operating_revenue": 1093854, 
        "long_term_average": 273463, 
        "short_term_average": 285369
    }, 
    {
        "date": "2012-05-31", 
        "operating_revenue": 327629, 
        "accumulated_operating_revenue": 1421483, 
        "long_term_average": 284296, 
        "short_term_average": 317063
    }, 
    {
        "date": "2012-06-30", 
        "operating_revenue": 321691, 
        "accumulated_operating_revenue": 1743174, 
        "long_term_average": 290529, 
        "short_term_average": 318696
    }, 
    {
        "date": "2012-07-31", 
        "operating_revenue": 379487, 
        "accumulated_operating_revenue": 2122661, 
        "long_term_average": 303237, 
        "short_term_average": 342935
    }, 
    {
        "date": "2012-08-31", 
        "operating_revenue": 476763, 
        "accumulated_operating_revenue": 2599424, 
        "long_term_average": 324928, 
        "short_term_average": 392647
    }, 
    {
        "date": "2012-09-30", 
        "operating_revenue": 511229, 
        "accumulated_operating_revenue": 3110653, 
        "long_term_average": 345628, 
        "short_term_average": 455826
    }, 
    {
        "date": "2012-10-31", 
        "operating_revenue": 605272, 
        "accumulated_operating_revenue": 3715925, 
        "long_term_average": 371592, 
        "short_term_average": 531088
    }, 
    {
        "date": "2012-11-30", 
        "operating_revenue": 657597, 
        "accumulated_operating_revenue": 4373522, 
        "long_term_average": 397592, 
        "short_term_average": 591366
    }, 
    {
        "date": "2012-12-31", 
        "operating_revenue": 633144, 
        "accumulated_operating_revenue": 5006666, 
        "long_term_average": 417222, 
        "short_term_average": 632004
    }, 
    {
        "accumulated_operating_revenue_yoy": 175.36751252381734, 
        "accumulated_operating_revenue": 654678, 
        "long_term_average": 451966, 
        "date": "2013-01-31", 
        "operating_revenue": 654678, 
        "short_term_average": 648473
    }, 
    {
        "accumulated_operating_revenue_yoy": 146.50303852483765, 
        "accumulated_operating_revenue": 1159289, 
        "long_term_average": 474638, 
        "date": "2013-02-28", 
        "operating_revenue": 504611, 
        "short_term_average": 597477
    }, 
    {
        "accumulated_operating_revenue_yoy": 149.7135001766008, 
        "accumulated_operating_revenue": 1965460, 
        "long_term_average": 515420, 
        "date": "2013-03-31", 
        "operating_revenue": 806171, 
        "short_term_average": 655153
    }, 
    {
        "accumulated_operating_revenue_yoy": 165.71078041493655, 
        "accumulated_operating_revenue": 2906488, 
        "long_term_average": 568275, 
        "date": "2013-04-30", 
        "operating_revenue": 941028, 
        "short_term_average": 750603
    }, 
    {
        "accumulated_operating_revenue_yoy": 177.57510993800136, 
        "accumulated_operating_revenue": 3945683, 
        "long_term_average": 627572, 
        "date": "2013-05-31", 
        "operating_revenue": 1039195, 
        "short_term_average": 928798
    }, 
    {
        "accumulated_operating_revenue_yoy": 180.5448566809739, 
        "accumulated_operating_revenue": 4890385, 
        "long_term_average": 679489, 
        "date": "2013-06-30", 
        "operating_revenue": 944702, 
        "short_term_average": 974975
    }, 
    {
        "accumulated_operating_revenue_yoy": 166.14532419448983, 
        "accumulated_operating_revenue": 5649363, 
        "long_term_average": 711114, 
        "date": "2013-07-31", 
        "operating_revenue": 758978, 
        "short_term_average": 914291
    }, 
    {
        "accumulated_operating_revenue_yoy": 147.52398993007682, 
        "accumulated_operating_revenue": 6434198, 
        "long_term_average": 736786, 
        "date": "2013-08-31", 
        "operating_revenue": 784835, 
        "short_term_average": 829505
    }, 
    {
        "accumulated_operating_revenue_yoy": 131.64534906336388, 
        "accumulated_operating_revenue": 7205683, 
        "long_term_average": 758474, 
        "date": "2013-09-30", 
        "operating_revenue": 771485, 
        "short_term_average": 771766
    }, 
    {
        "accumulated_operating_revenue_yoy": 113.6664760456683, 
        "accumulated_operating_revenue": 7939686, 
        "long_term_average": 769202, 
        "date": "2013-10-31", 
        "operating_revenue": 734003, 
        "short_term_average": 763441
    }, 
    {
        "accumulated_operating_revenue_yoy": 96.52465450042322, 
        "accumulated_operating_revenue": 8595049, 
        "long_term_average": 769016, 
        "date": "2013-11-30", 
        "operating_revenue": 655363, 
        "short_term_average": 720283
    }, 
    {
        "accumulated_operating_revenue_yoy": 86.99957217038245, 
        "accumulated_operating_revenue": 9362444, 
        "long_term_average": 780203, 
        "date": "2013-12-31", 
        "operating_revenue": 767395, 
        "short_term_average": 718920
    }, 
    {
        "accumulated_operating_revenue_yoy": -45.34534534534534, 
        "accumulated_operating_revenue": 357812, 
        "long_term_average": 755464, 
        "date": "2014-01-31", 
        "operating_revenue": 357812, 
        "short_term_average": 593523
    }, 
    {
        "accumulated_operating_revenue_yoy": -41.51423846857858, 
        "accumulated_operating_revenue": 678019, 
        "long_term_average": 740097, 
        "date": "2014-02-28", 
        "operating_revenue": 320207, 
        "short_term_average": 481804
    }, 
    {
        "accumulated_operating_revenue_yoy": -39.16579324941744, 
        "accumulated_operating_revenue": 1195672, 
        "long_term_average": 716054, 
        "date": "2014-03-31", 
        "operating_revenue": 517653, 
        "short_term_average": 398557
    }, 
    {
        "accumulated_operating_revenue_yoy": -40.835227945203975, 
        "accumulated_operating_revenue": 1719617, 
        "long_term_average": 681297, 
        "date": "2014-04-30", 
        "operating_revenue": 523945, 
        "short_term_average": 453935
    }, 
    {
        "accumulated_operating_revenue_yoy": -46.483637940503584, 
        "accumulated_operating_revenue": 2111586, 
        "long_term_average": 627362, 
        "date": "2014-05-31", 
        "operating_revenue": 391969, 
        "short_term_average": 477855
    }, 
    {
        "accumulated_operating_revenue_yoy": -49.114129051189224, 
        "accumulated_operating_revenue": 2488515, 
        "long_term_average": 580047, 
        "date": "2014-06-30", 
        "operating_revenue": 376929, 
        "short_term_average": 430947
    }, 
    {
        "accumulated_operating_revenue_yoy": -50.129580981076984, 
        "accumulated_operating_revenue": 2817361, 
        "long_term_average": 544203, 
        "date": "2014-07-31", 
        "operating_revenue": 328846, 
        "short_term_average": 365914
    }, 
    {
        "accumulated_operating_revenue_yoy": -51.24940202337572, 
        "accumulated_operating_revenue": 3136710, 
        "long_term_average": 505413, 
        "date": "2014-08-31", 
        "operating_revenue": 319349, 
        "short_term_average": 341708
    }, 
    {
        "accumulated_operating_revenue_yoy": -49.59087153847872, 
        "accumulated_operating_revenue": 3632322, 
        "long_term_average": 482423, 
        "date": "2014-09-30", 
        "operating_revenue": 495612, 
        "short_term_average": 381269
    }, 
    {
        "accumulated_operating_revenue_yoy": -44.79587731807026, 
        "accumulated_operating_revenue": 4383034, 
        "long_term_average": 483816, 
        "date": "2014-10-31", 
        "operating_revenue": 750712, 
        "short_term_average": 521891
    }, 
    {
        "accumulated_operating_revenue_yoy": -41.84286791151511, 
        "accumulated_operating_revenue": 4998634, 
        "long_term_average": 480502, 
        "date": "2014-11-30", 
        "operating_revenue": 615600, 
        "short_term_average": 620641
    }, 
    {
        "accumulated_operating_revenue_yoy": -40.12782346148078, 
        "accumulated_operating_revenue": 5605499, 
        "long_term_average": 467124, 
        "date": "2014-12-31", 
        "operating_revenue": 606865, 
        "short_term_average": 657725
    }, 
    {
        "accumulated_operating_revenue_yoy": 143.4856852201715, 
        "accumulated_operating_revenue": 871221, 
        "long_term_average": 509909, 
        "date": "2015-01-31", 
        "operating_revenue": 871221, 
        "short_term_average": 697895
    }, 
    {
        "accumulated_operating_revenue_yoy": 103.90092313047275, 
        "accumulated_operating_revenue": 1382487, 
        "long_term_average": 525830, 
        "date": "2015-02-28", 
        "operating_revenue": 511266, 
        "short_term_average": 663117
    }, 
    {
        "accumulated_operating_revenue_yoy": 103.16926381148006, 
        "accumulated_operating_revenue": 2429238, 
        "long_term_average": 569922, 
        "date": "2015-03-31", 
        "operating_revenue": 1046751, 
        "short_term_average": 809746
    }, 
    {
        "accumulated_operating_revenue_yoy": 107.56238162334985, 
        "accumulated_operating_revenue": 3569278, 
        "long_term_average": 621263, 
        "date": "2015-04-30", 
        "operating_revenue": 1140040, 
        "short_term_average": 899352
    }, 
    {
        "accumulated_operating_revenue_yoy": 120.94653023840847, 
        "accumulated_operating_revenue": 4665476, 
        "long_term_average": 679949, 
        "date": "2015-05-31", 
        "operating_revenue": 1096198, 
        "short_term_average": 1094329
    }, 
    {
        "accumulated_operating_revenue_yoy": 126.30508556307677, 
        "accumulated_operating_revenue": 5631636, 
        "long_term_average": 729051, 
        "date": "2015-06-30", 
        "operating_revenue": 966160, 
        "short_term_average": 1067466
    }, 
    {
        "accumulated_operating_revenue_yoy": 132.34175528091714, 
        "accumulated_operating_revenue": 6545906, 
        "long_term_average": 777837, 
        "date": "2015-07-31", 
        "operating_revenue": 914270, 
        "short_term_average": 992209
    }, 
    {
        "accumulated_operating_revenue_yoy": 139.8675682482601, 
        "accumulated_operating_revenue": 7523950, 
        "long_term_average": 832728, 
        "date": "2015-08-31", 
        "operating_revenue": 978044, 
        "short_term_average": 952824
    }, 
    {
        "accumulated_operating_revenue_yoy": 134.87265170874167, 
        "accumulated_operating_revenue": 8531331, 
        "long_term_average": 875375, 
        "date": "2015-09-30", 
        "operating_revenue": 1007381, 
        "short_term_average": 966565
    }
]