[
    {
        "date": "2011-09-30", 
        "operating_revenue": 67895, 
        "accumulated_operating_revenue": 67895, 
        "long_term_average": 67895, 
        "short_term_average": 67895
    }, 
    {
        "date": "2011-10-31", 
        "operating_revenue": 69861, 
        "accumulated_operating_revenue": 137756, 
        "long_term_average": 68878, 
        "short_term_average": 68878
    }, 
    {
        "date": "2011-11-30", 
        "operating_revenue": 71439, 
        "accumulated_operating_revenue": 209195, 
        "long_term_average": 69731, 
        "short_term_average": 69731
    }, 
    {
        "date": "2011-12-31", 
        "operating_revenue": 101923, 
        "accumulated_operating_revenue": 311118, 
        "long_term_average": 77779, 
        "short_term_average": 81074
    }, 
    {
        "date": "2012-01-31", 
        "operating_revenue": 111988, 
        "accumulated_operating_revenue": 111988, 
        "long_term_average": 84621, 
        "short_term_average": 95116
    }, 
    {
        "date": "2012-02-29", 
        "operating_revenue": 90858, 
        "accumulated_operating_revenue": 202846, 
        "long_term_average": 85660, 
        "short_term_average": 101589
    }, 
    {
        "date": "2012-03-31", 
        "operating_revenue": 78782, 
        "accumulated_operating_revenue": 281628, 
        "long_term_average": 84678, 
        "short_term_average": 93876
    }, 
    {
        "date": "2012-04-30", 
        "operating_revenue": 79527, 
        "accumulated_operating_revenue": 361155, 
        "long_term_average": 84034, 
        "short_term_average": 83055
    }, 
    {
        "date": "2012-05-31", 
        "operating_revenue": 71312, 
        "accumulated_operating_revenue": 432467, 
        "long_term_average": 82620, 
        "short_term_average": 76540
    }, 
    {
        "date": "2012-06-30", 
        "operating_revenue": 55932, 
        "accumulated_operating_revenue": 488399, 
        "long_term_average": 79951, 
        "short_term_average": 68923
    }, 
    {
        "date": "2012-07-31", 
        "operating_revenue": 63387, 
        "accumulated_operating_revenue": 551786, 
        "long_term_average": 78445, 
        "short_term_average": 63543
    }, 
    {
        "date": "2012-08-31", 
        "operating_revenue": 61078, 
        "accumulated_operating_revenue": 612864, 
        "long_term_average": 76998, 
        "short_term_average": 60132
    }, 
    {
        "accumulated_operating_revenue_yoy": 886.8222991383755, 
        "accumulated_operating_revenue": 670003, 
        "long_term_average": 76102, 
        "date": "2012-09-30", 
        "operating_revenue": 57139, 
        "short_term_average": 60534
    }, 
    {
        "accumulated_operating_revenue_yoy": 442.3618571967827, 
        "accumulated_operating_revenue": 747136, 
        "long_term_average": 76708, 
        "date": "2012-10-31", 
        "operating_revenue": 77133, 
        "short_term_average": 65116
    }, 
    {
        "accumulated_operating_revenue_yoy": 293.3181959415856, 
        "accumulated_operating_revenue": 822802, 
        "long_term_average": 77060, 
        "date": "2012-11-30", 
        "operating_revenue": 75666, 
        "short_term_average": 69979
    }, 
    {
        "accumulated_operating_revenue_yoy": 194.9167197012066, 
        "accumulated_operating_revenue": 917539, 
        "long_term_average": 76461, 
        "date": "2012-12-31", 
        "operating_revenue": 94737, 
        "short_term_average": 82512
    }, 
    {
        "accumulated_operating_revenue_yoy": -31.145301282280247, 
        "accumulated_operating_revenue": 77109, 
        "long_term_average": 73555, 
        "date": "2013-01-31", 
        "operating_revenue": 77109, 
        "short_term_average": 82504
    }, 
    {
        "accumulated_operating_revenue_yoy": -19.601076678859826, 
        "accumulated_operating_revenue": 163086, 
        "long_term_average": 73148, 
        "date": "2013-02-28", 
        "operating_revenue": 85977, 
        "short_term_average": 85941
    }, 
    {
        "accumulated_operating_revenue_yoy": -18.860340591134403, 
        "accumulated_operating_revenue": 228512, 
        "long_term_average": 72035, 
        "date": "2013-03-31", 
        "operating_revenue": 65426, 
        "short_term_average": 76170
    }, 
    {
        "accumulated_operating_revenue_yoy": -19.03780925087566, 
        "accumulated_operating_revenue": 292399, 
        "long_term_average": 70731, 
        "date": "2013-04-30", 
        "operating_revenue": 63887, 
        "short_term_average": 71763
    }, 
    {
        "accumulated_operating_revenue_yoy": -17.781241112038607, 
        "accumulated_operating_revenue": 355569, 
        "long_term_average": 70053, 
        "date": "2013-05-31", 
        "operating_revenue": 63170, 
        "short_term_average": 64161
    }, 
    {
        "accumulated_operating_revenue_yoy": -16.606913609569222, 
        "accumulated_operating_revenue": 407291, 
        "long_term_average": 69702, 
        "date": "2013-06-30", 
        "operating_revenue": 51722, 
        "short_term_average": 59593
    }, 
    {
        "accumulated_operating_revenue_yoy": -15.474658653898432, 
        "accumulated_operating_revenue": 466399, 
        "long_term_average": 69346, 
        "date": "2013-07-31", 
        "operating_revenue": 59108, 
        "short_term_average": 58000
    }, 
    {
        "accumulated_operating_revenue_yoy": -13.29169277360067, 
        "accumulated_operating_revenue": 531404, 
        "long_term_average": 69673, 
        "date": "2013-08-31", 
        "operating_revenue": 65005, 
        "short_term_average": 58611
    }, 
    {
        "accumulated_operating_revenue_yoy": -10.646370240133253, 
        "accumulated_operating_revenue": 598672, 
        "long_term_average": 70517, 
        "date": "2013-09-30", 
        "operating_revenue": 67268, 
        "short_term_average": 63793
    }, 
    {
        "accumulated_operating_revenue_yoy": -12.418087202329964, 
        "accumulated_operating_revenue": 654356, 
        "long_term_average": 68729, 
        "date": "2013-10-31", 
        "operating_revenue": 55684, 
        "short_term_average": 62652
    }, 
    {
        "accumulated_operating_revenue_yoy": -13.388275672640562, 
        "accumulated_operating_revenue": 712643, 
        "long_term_average": 67281, 
        "date": "2013-11-30", 
        "operating_revenue": 58287, 
        "short_term_average": 60413
    }, 
    {
        "accumulated_operating_revenue_yoy": -13.547870989680003, 
        "accumulated_operating_revenue": 793232, 
        "long_term_average": 66102, 
        "date": "2013-12-31", 
        "operating_revenue": 80589, 
        "short_term_average": 64853
    }, 
    {
        "accumulated_operating_revenue_yoy": 15.819165078006458, 
        "accumulated_operating_revenue": 89307, 
        "long_term_average": 67119, 
        "date": "2014-01-31", 
        "operating_revenue": 89307, 
        "short_term_average": 76061
    }, 
    {
        "accumulated_operating_revenue_yoy": -15.453196473026502, 
        "accumulated_operating_revenue": 137884, 
        "long_term_average": 64002, 
        "date": "2014-02-28", 
        "operating_revenue": 48577, 
        "short_term_average": 72824
    }, 
    {
        "accumulated_operating_revenue_yoy": -15.864374737431733, 
        "accumulated_operating_revenue": 192260, 
        "long_term_average": 63081, 
        "date": "2014-03-31", 
        "operating_revenue": 54376, 
        "short_term_average": 64086
    }, 
    {
        "accumulated_operating_revenue_yoy": -13.651551475894241, 
        "accumulated_operating_revenue": 252482, 
        "long_term_average": 62776, 
        "date": "2014-04-30", 
        "operating_revenue": 60222, 
        "short_term_average": 54391
    }, 
    {
        "accumulated_operating_revenue_yoy": -14.036094260185786, 
        "accumulated_operating_revenue": 305661, 
        "long_term_average": 61943, 
        "date": "2014-05-31", 
        "operating_revenue": 53179, 
        "short_term_average": 55925
    }, 
    {
        "accumulated_operating_revenue_yoy": -9.955781001789875, 
        "accumulated_operating_revenue": 366742, 
        "long_term_average": 62723, 
        "date": "2014-06-30", 
        "operating_revenue": 61081, 
        "short_term_average": 58160
    }, 
    {
        "accumulated_operating_revenue_yoy": -8.151604098636575, 
        "accumulated_operating_revenue": 428380, 
        "long_term_average": 62934, 
        "date": "2014-07-31", 
        "operating_revenue": 61638, 
        "short_term_average": 58632
    }, 
    {
        "accumulated_operating_revenue_yoy": -6.169693867565919, 
        "accumulated_operating_revenue": 498618, 
        "long_term_average": 63370, 
        "date": "2014-08-31", 
        "operating_revenue": 70238, 
        "short_term_average": 64319
    }, 
    {
        "accumulated_operating_revenue_yoy": -8.365348638319482, 
        "accumulated_operating_revenue": 548591, 
        "long_term_average": 61929, 
        "date": "2014-09-30", 
        "operating_revenue": 49973, 
        "short_term_average": 60616
    }, 
    {
        "accumulated_operating_revenue_yoy": -7.759384799711472, 
        "accumulated_operating_revenue": 603582, 
        "long_term_average": 61871, 
        "date": "2014-10-31", 
        "operating_revenue": 54991, 
        "short_term_average": 58400
    }, 
    {
        "accumulated_operating_revenue_yoy": -5.355276063891738, 
        "accumulated_operating_revenue": 674479, 
        "long_term_average": 62922, 
        "date": "2014-11-30", 
        "operating_revenue": 70897, 
        "short_term_average": 58620
    }, 
    {
        "accumulated_operating_revenue_yoy": -7.255884785283498, 
        "accumulated_operating_revenue": 735676, 
        "long_term_average": 61306, 
        "date": "2014-12-31", 
        "operating_revenue": 61197, 
        "short_term_average": 62361
    }, 
    {
        "accumulated_operating_revenue_yoy": -45.144277604219155, 
        "accumulated_operating_revenue": 48990, 
        "long_term_average": 57946, 
        "date": "2015-01-31", 
        "operating_revenue": 48990, 
        "short_term_average": 60361
    }, 
    {
        "accumulated_operating_revenue_yoy": -22.57187200835485, 
        "accumulated_operating_revenue": 106761, 
        "long_term_average": 58712, 
        "date": "2015-02-28", 
        "operating_revenue": 57771, 
        "short_term_average": 55986
    }, 
    {
        "accumulated_operating_revenue_yoy": -19.25465515447831, 
        "accumulated_operating_revenue": 155241, 
        "long_term_average": 58221, 
        "date": "2015-03-31", 
        "operating_revenue": 48480, 
        "short_term_average": 51747
    }, 
    {
        "accumulated_operating_revenue_yoy": -20.66880015209005, 
        "accumulated_operating_revenue": 200297, 
        "long_term_average": 56957, 
        "date": "2015-04-30", 
        "operating_revenue": 45056, 
        "short_term_average": 50435
    }, 
    {
        "accumulated_operating_revenue_yoy": -19.09566480512725, 
        "accumulated_operating_revenue": 247293, 
        "long_term_average": 56442, 
        "date": "2015-05-31", 
        "operating_revenue": 46996, 
        "short_term_average": 46844
    }, 
    {
        "accumulated_operating_revenue_yoy": -19.587611999716422, 
        "accumulated_operating_revenue": 294906, 
        "long_term_average": 55320, 
        "date": "2015-06-30", 
        "operating_revenue": 47613, 
        "short_term_average": 46555
    }, 
    {
        "accumulated_operating_revenue_yoy": -18.1906251458985, 
        "accumulated_operating_revenue": 350455, 
        "long_term_average": 54812, 
        "date": "2015-07-31", 
        "operating_revenue": 55549, 
        "short_term_average": 50052
    }, 
    {
        "accumulated_operating_revenue_yoy": -17.63975628637554, 
        "accumulated_operating_revenue": 410663, 
        "long_term_average": 53976, 
        "date": "2015-08-31", 
        "operating_revenue": 60208, 
        "short_term_average": 54456
    }, 
    {
        "accumulated_operating_revenue_yoy": -16.205151014143507, 
        "accumulated_operating_revenue": 459691, 
        "long_term_average": 53898, 
        "date": "2015-09-30", 
        "operating_revenue": 49028, 
        "short_term_average": 54928
    }
]