[
    {
        "date": "2011-09-30", 
        "operating_revenue": 306519, 
        "accumulated_operating_revenue": 306519, 
        "long_term_average": 306519, 
        "short_term_average": 306519
    }, 
    {
        "date": "2011-10-31", 
        "operating_revenue": 303468, 
        "accumulated_operating_revenue": 609987, 
        "long_term_average": 304993, 
        "short_term_average": 304993
    }, 
    {
        "date": "2011-11-30", 
        "operating_revenue": 282569, 
        "accumulated_operating_revenue": 892556, 
        "long_term_average": 297518, 
        "short_term_average": 297518
    }, 
    {
        "date": "2011-12-31", 
        "operating_revenue": 256250, 
        "accumulated_operating_revenue": 1148806, 
        "long_term_average": 287201, 
        "short_term_average": 280762
    }, 
    {
        "date": "2012-01-31", 
        "operating_revenue": 255714, 
        "accumulated_operating_revenue": 255714, 
        "long_term_average": 280904, 
        "short_term_average": 264844
    }, 
    {
        "date": "2012-02-29", 
        "operating_revenue": 195104, 
        "accumulated_operating_revenue": 450818, 
        "long_term_average": 266604, 
        "short_term_average": 235689
    }, 
    {
        "date": "2012-03-31", 
        "operating_revenue": 310921, 
        "accumulated_operating_revenue": 761739, 
        "long_term_average": 272935, 
        "short_term_average": 253913
    }, 
    {
        "date": "2012-04-30", 
        "operating_revenue": 284050, 
        "accumulated_operating_revenue": 1045789, 
        "long_term_average": 274324, 
        "short_term_average": 263358
    }, 
    {
        "date": "2012-05-31", 
        "operating_revenue": 291643, 
        "accumulated_operating_revenue": 1337432, 
        "long_term_average": 276248, 
        "short_term_average": 295538
    }, 
    {
        "date": "2012-06-30", 
        "operating_revenue": 303495, 
        "accumulated_operating_revenue": 1640927, 
        "long_term_average": 278973, 
        "short_term_average": 293062
    }, 
    {
        "date": "2012-07-31", 
        "operating_revenue": 304241, 
        "accumulated_operating_revenue": 1945168, 
        "long_term_average": 281270, 
        "short_term_average": 299793
    }, 
    {
        "date": "2012-08-31", 
        "operating_revenue": 279366, 
        "accumulated_operating_revenue": 2224534, 
        "long_term_average": 281111, 
        "short_term_average": 295700
    }, 
    {
        "accumulated_operating_revenue_yoy": 713.8190454751581, 
        "accumulated_operating_revenue": 2494510, 
        "long_term_average": 278066, 
        "date": "2012-09-30", 
        "operating_revenue": 269976, 
        "short_term_average": 284527
    }, 
    {
        "accumulated_operating_revenue_yoy": 350.0359843734375, 
        "accumulated_operating_revenue": 2745161, 
        "long_term_average": 273665, 
        "date": "2012-10-31", 
        "operating_revenue": 250651, 
        "short_term_average": 266664
    }, 
    {
        "accumulated_operating_revenue_yoy": 236.25520415525747, 
        "accumulated_operating_revenue": 3001266, 
        "long_term_average": 271459, 
        "date": "2012-11-30", 
        "operating_revenue": 256105, 
        "short_term_average": 258910
    }, 
    {
        "accumulated_operating_revenue_yoy": 180.58122955485956, 
        "accumulated_operating_revenue": 3223334, 
        "long_term_average": 268611, 
        "date": "2012-12-31", 
        "operating_revenue": 222068, 
        "short_term_average": 242941
    }, 
    {
        "accumulated_operating_revenue_yoy": -6.055984420094324, 
        "accumulated_operating_revenue": 240228, 
        "long_term_average": 267320, 
        "date": "2013-01-31", 
        "operating_revenue": 240228, 
        "short_term_average": 239467
    }, 
    {
        "accumulated_operating_revenue_yoy": -8.597260978931631, 
        "accumulated_operating_revenue": 412060, 
        "long_term_average": 265381, 
        "date": "2013-02-28", 
        "operating_revenue": 171832, 
        "short_term_average": 211376
    }, 
    {
        "accumulated_operating_revenue_yoy": -21.40365663304623, 
        "accumulated_operating_revenue": 598699, 
        "long_term_average": 255024, 
        "date": "2013-03-31", 
        "operating_revenue": 186639, 
        "short_term_average": 199566
    }, 
    {
        "accumulated_operating_revenue_yoy": -22.34160045668868, 
        "accumulated_operating_revenue": 812143, 
        "long_term_average": 249140, 
        "date": "2013-04-30", 
        "operating_revenue": 213444, 
        "short_term_average": 190638
    }, 
    {
        "accumulated_operating_revenue_yoy": -24.22074542855263, 
        "accumulated_operating_revenue": 1013496, 
        "long_term_average": 241616, 
        "date": "2013-05-31", 
        "operating_revenue": 201353, 
        "short_term_average": 200478
    }, 
    {
        "accumulated_operating_revenue_yoy": -25.33805586720189, 
        "accumulated_operating_revenue": 1225148, 
        "long_term_average": 233962, 
        "date": "2013-06-30", 
        "operating_revenue": 211652, 
        "short_term_average": 208816
    }, 
    {
        "accumulated_operating_revenue_yoy": -22.5894627096477, 
        "accumulated_operating_revenue": 1505765, 
        "long_term_average": 231994, 
        "date": "2013-07-31", 
        "operating_revenue": 280617, 
        "short_term_average": 231207
    }, 
    {
        "accumulated_operating_revenue_yoy": -18.08581033151213, 
        "accumulated_operating_revenue": 1822209, 
        "long_term_average": 235084, 
        "date": "2013-08-31", 
        "operating_revenue": 316444, 
        "short_term_average": 269571
    }, 
    {
        "accumulated_operating_revenue_yoy": -14.363702691109678, 
        "accumulated_operating_revenue": 2136206, 
        "long_term_average": 238752, 
        "date": "2013-09-30", 
        "operating_revenue": 313997, 
        "short_term_average": 303686
    }, 
    {
        "accumulated_operating_revenue_yoy": -10.083598011191329, 
        "accumulated_operating_revenue": 2468350, 
        "long_term_average": 245543, 
        "date": "2013-10-31", 
        "operating_revenue": 332144, 
        "short_term_average": 320861
    }, 
    {
        "accumulated_operating_revenue_yoy": -6.717531868218278, 
        "accumulated_operating_revenue": 2799655, 
        "long_term_average": 251810, 
        "date": "2013-11-30", 
        "operating_revenue": 331305, 
        "short_term_average": 325815
    }, 
    {
        "accumulated_operating_revenue_yoy": -2.863122468847473, 
        "accumulated_operating_revenue": 3131046, 
        "long_term_average": 260920, 
        "date": "2013-12-31", 
        "operating_revenue": 331391, 
        "short_term_average": 331613
    }, 
    {
        "accumulated_operating_revenue_yoy": 14.092445510098738, 
        "accumulated_operating_revenue": 274082, 
        "long_term_average": 263741, 
        "date": "2014-01-31", 
        "operating_revenue": 274082, 
        "short_term_average": 312259
    }, 
    {
        "accumulated_operating_revenue_yoy": 25.452603989710237, 
        "accumulated_operating_revenue": 516940, 
        "long_term_average": 269660, 
        "date": "2014-02-28", 
        "operating_revenue": 242858, 
        "short_term_average": 282777
    }, 
    {
        "accumulated_operating_revenue_yoy": 33.57463433211013, 
        "accumulated_operating_revenue": 799710, 
        "long_term_average": 277671, 
        "date": "2014-03-31", 
        "operating_revenue": 282770, 
        "short_term_average": 266570
    }, 
    {
        "accumulated_operating_revenue_yoy": 40.0221389582869, 
        "accumulated_operating_revenue": 1137180, 
        "long_term_average": 288006, 
        "date": "2014-04-30", 
        "operating_revenue": 337470, 
        "short_term_average": 287699
    }, 
    {
        "accumulated_operating_revenue_yoy": 49.98105567264202, 
        "accumulated_operating_revenue": 1520052, 
        "long_term_average": 303133, 
        "date": "2014-05-31", 
        "operating_revenue": 382872, 
        "short_term_average": 334370
    }, 
    {
        "accumulated_operating_revenue_yoy": 50.25229604913039, 
        "accumulated_operating_revenue": 1840813, 
        "long_term_average": 312225, 
        "date": "2014-06-30", 
        "operating_revenue": 320761, 
        "short_term_average": 347034
    }, 
    {
        "accumulated_operating_revenue_yoy": 43.00485135462705, 
        "accumulated_operating_revenue": 2153317, 
        "long_term_average": 314883, 
        "date": "2014-07-31", 
        "operating_revenue": 312504, 
        "short_term_average": 338712
    }, 
    {
        "accumulated_operating_revenue_yoy": 34.36296275564438, 
        "accumulated_operating_revenue": 2448374, 
        "long_term_average": 313100, 
        "date": "2014-08-31", 
        "operating_revenue": 295057, 
        "short_term_average": 309440
    }, 
    {
        "accumulated_operating_revenue_yoy": 28.59546317162296, 
        "accumulated_operating_revenue": 2747064, 
        "long_term_average": 311825, 
        "date": "2014-09-30", 
        "operating_revenue": 298690, 
        "short_term_average": 302083
    }, 
    {
        "accumulated_operating_revenue_yoy": 25.763850345372415, 
        "accumulated_operating_revenue": 3104292, 
        "long_term_average": 313915, 
        "date": "2014-10-31", 
        "operating_revenue": 357228, 
        "short_term_average": 316991
    }, 
    {
        "accumulated_operating_revenue_yoy": 22.773127403197893, 
        "accumulated_operating_revenue": 3437224, 
        "long_term_average": 314051, 
        "date": "2014-11-30", 
        "operating_revenue": 332932, 
        "short_term_average": 329616
    }, 
    {
        "accumulated_operating_revenue_yoy": 19.21124761501428, 
        "accumulated_operating_revenue": 3732559, 
        "long_term_average": 311046, 
        "date": "2014-12-31", 
        "operating_revenue": 295335, 
        "short_term_average": 328498
    }, 
    {
        "accumulated_operating_revenue_yoy": 2.3073386796652096, 
        "accumulated_operating_revenue": 280406, 
        "long_term_average": 311573, 
        "date": "2015-01-31", 
        "operating_revenue": 280406, 
        "short_term_average": 302891
    }, 
    {
        "accumulated_operating_revenue_yoy": 3.4553333075405273, 
        "accumulated_operating_revenue": 534802, 
        "long_term_average": 312535, 
        "date": "2015-02-28", 
        "operating_revenue": 254396, 
        "short_term_average": 276712
    }, 
    {
        "accumulated_operating_revenue_yoy": 6.050818421677858, 
        "accumulated_operating_revenue": 848099, 
        "long_term_average": 315079, 
        "date": "2015-03-31", 
        "operating_revenue": 313297, 
        "short_term_average": 282699
    }, 
    {
        "accumulated_operating_revenue_yoy": 2.9201181870943915, 
        "accumulated_operating_revenue": 1170387, 
        "long_term_average": 313813, 
        "date": "2015-04-30", 
        "operating_revenue": 322288, 
        "short_term_average": 296660
    }, 
    {
        "accumulated_operating_revenue_yoy": -4.598197956385702, 
        "accumulated_operating_revenue": 1450157, 
        "long_term_average": 305222, 
        "date": "2015-05-31", 
        "operating_revenue": 279770, 
        "short_term_average": 305118
    }, 
    {
        "accumulated_operating_revenue_yoy": -7.9683813619308435, 
        "accumulated_operating_revenue": 1694130, 
        "long_term_average": 298823, 
        "date": "2015-06-30", 
        "operating_revenue": 243973, 
        "short_term_average": 282010
    }, 
    {
        "accumulated_operating_revenue_yoy": -9.63206996461738, 
        "accumulated_operating_revenue": 1945908, 
        "long_term_average": 293762, 
        "date": "2015-07-31", 
        "operating_revenue": 251778, 
        "short_term_average": 258507
    }, 
    {
        "accumulated_operating_revenue_yoy": -7.011387966054206, 
        "accumulated_operating_revenue": 2276709, 
        "long_term_average": 296741, 
        "date": "2015-08-31", 
        "operating_revenue": 330801, 
        "short_term_average": 275517
    }, 
    {
        "accumulated_operating_revenue_yoy": -3.160537941598739, 
        "accumulated_operating_revenue": 2660242, 
        "long_term_average": 303811, 
        "date": "2015-09-30", 
        "operating_revenue": 383533, 
        "short_term_average": 322037
    }
]