[
    {
        "date": "2011-09-30", 
        "operating_revenue": 357959, 
        "accumulated_operating_revenue": 357959, 
        "long_term_average": 357959, 
        "short_term_average": 357959
    }, 
    {
        "date": "2011-10-31", 
        "operating_revenue": 355392, 
        "accumulated_operating_revenue": 713351, 
        "long_term_average": 356675, 
        "short_term_average": 356675
    }, 
    {
        "date": "2011-11-30", 
        "operating_revenue": 378770, 
        "accumulated_operating_revenue": 1092121, 
        "long_term_average": 364040, 
        "short_term_average": 364040
    }, 
    {
        "date": "2011-12-31", 
        "operating_revenue": 358864, 
        "accumulated_operating_revenue": 1450985, 
        "long_term_average": 362746, 
        "short_term_average": 364342
    }, 
    {
        "date": "2012-01-31", 
        "operating_revenue": 216771, 
        "accumulated_operating_revenue": 216771, 
        "long_term_average": 333551, 
        "short_term_average": 318135
    }, 
    {
        "date": "2012-02-29", 
        "operating_revenue": 349315, 
        "accumulated_operating_revenue": 566086, 
        "long_term_average": 336178, 
        "short_term_average": 308316
    }, 
    {
        "date": "2012-03-31", 
        "operating_revenue": 382782, 
        "accumulated_operating_revenue": 948868, 
        "long_term_average": 342836, 
        "short_term_average": 316289
    }, 
    {
        "date": "2012-04-30", 
        "operating_revenue": 358643, 
        "accumulated_operating_revenue": 1307511, 
        "long_term_average": 344812, 
        "short_term_average": 363580
    }, 
    {
        "date": "2012-05-31", 
        "operating_revenue": 360023, 
        "accumulated_operating_revenue": 1667534, 
        "long_term_average": 346502, 
        "short_term_average": 367149
    }, 
    {
        "date": "2012-06-30", 
        "operating_revenue": 320304, 
        "accumulated_operating_revenue": 1987838, 
        "long_term_average": 343882, 
        "short_term_average": 346323
    }, 
    {
        "date": "2012-07-31", 
        "operating_revenue": 361838, 
        "accumulated_operating_revenue": 2349676, 
        "long_term_average": 345514, 
        "short_term_average": 347388
    }, 
    {
        "date": "2012-08-31", 
        "operating_revenue": 368780, 
        "accumulated_operating_revenue": 2718456, 
        "long_term_average": 347453, 
        "short_term_average": 350307
    }, 
    {
        "accumulated_operating_revenue_yoy": 757.157663307809, 
        "accumulated_operating_revenue": 3068273, 
        "long_term_average": 346774, 
        "date": "2012-09-30", 
        "operating_revenue": 349817, 
        "short_term_average": 360145
    }, 
    {
        "accumulated_operating_revenue_yoy": 379.2098139625514, 
        "accumulated_operating_revenue": 3418448, 
        "long_term_average": 346340, 
        "date": "2012-10-31", 
        "operating_revenue": 350175, 
        "short_term_average": 356257
    }, 
    {
        "accumulated_operating_revenue_yoy": 244.99281673001434, 
        "accumulated_operating_revenue": 3767739, 
        "long_term_average": 343883, 
        "date": "2012-11-30", 
        "operating_revenue": 349291, 
        "short_term_average": 349761
    }, 
    {
        "accumulated_operating_revenue_yoy": 181.62482727250799, 
        "accumulated_operating_revenue": 4086334, 
        "long_term_average": 340527, 
        "date": "2012-12-31", 
        "operating_revenue": 318595, 
        "short_term_average": 339353
    }, 
    {
        "accumulated_operating_revenue_yoy": 63.97350199057992, 
        "accumulated_operating_revenue": 355447, 
        "long_term_average": 352084, 
        "date": "2013-01-31", 
        "operating_revenue": 355447, 
        "short_term_average": 341111
    }, 
    {
        "accumulated_operating_revenue_yoy": -5.4364531184307685, 
        "accumulated_operating_revenue": 535311, 
        "long_term_average": 337963, 
        "date": "2013-02-28", 
        "operating_revenue": 179864, 
        "short_term_average": 284635
    }, 
    {
        "accumulated_operating_revenue_yoy": -2.5168938145242543, 
        "accumulated_operating_revenue": 924986, 
        "long_term_average": 338537, 
        "date": "2013-03-31", 
        "operating_revenue": 389675, 
        "short_term_average": 308328
    }, 
    {
        "accumulated_operating_revenue_yoy": 0.01881437326339893, 
        "accumulated_operating_revenue": 1307757, 
        "long_term_average": 340548, 
        "date": "2013-04-30", 
        "operating_revenue": 382771, 
        "short_term_average": 317436
    }, 
    {
        "accumulated_operating_revenue_yoy": 0.5199294287252914, 
        "accumulated_operating_revenue": 1676204, 
        "long_term_average": 341250, 
        "date": "2013-05-31", 
        "operating_revenue": 368447, 
        "short_term_average": 380297
    }, 
    {
        "accumulated_operating_revenue_yoy": 0.6036206169718056, 
        "accumulated_operating_revenue": 1999837, 
        "long_term_average": 341527, 
        "date": "2013-06-30", 
        "operating_revenue": 323633, 
        "short_term_average": 358283
    }, 
    {
        "accumulated_operating_revenue_yoy": 0.7786605472414069, 
        "accumulated_operating_revenue": 2367972, 
        "long_term_average": 342052, 
        "date": "2013-07-31", 
        "operating_revenue": 368135, 
        "short_term_average": 353405
    }, 
    {
        "accumulated_operating_revenue_yoy": 0.48244297498285793, 
        "accumulated_operating_revenue": 2731571, 
        "long_term_average": 341620, 
        "date": "2013-08-31", 
        "operating_revenue": 363599, 
        "short_term_average": 351789
    }, 
    {
        "accumulated_operating_revenue_yoy": 0.01795798483381368, 
        "accumulated_operating_revenue": 3068824, 
        "long_term_average": 340573, 
        "date": "2013-09-30", 
        "operating_revenue": 337253, 
        "short_term_average": 356329
    }, 
    {
        "accumulated_operating_revenue_yoy": 0.010267817442301302, 
        "accumulated_operating_revenue": 3418799, 
        "long_term_average": 340557, 
        "date": "2013-10-31", 
        "operating_revenue": 349975, 
        "short_term_average": 350275
    }, 
    {
        "accumulated_operating_revenue_yoy": 0.8060802513125246, 
        "accumulated_operating_revenue": 3798110, 
        "long_term_average": 343058, 
        "date": "2013-11-30", 
        "operating_revenue": 379311, 
        "short_term_average": 355513
    }, 
    {
        "accumulated_operating_revenue_yoy": 2.0871030121375296, 
        "accumulated_operating_revenue": 4171620, 
        "long_term_average": 347635, 
        "date": "2013-12-31", 
        "operating_revenue": 373510, 
        "short_term_average": 367598
    }, 
    {
        "accumulated_operating_revenue_yoy": -10.54362535061486, 
        "accumulated_operating_revenue": 317970, 
        "long_term_average": 344511, 
        "date": "2014-01-31", 
        "operating_revenue": 317970, 
        "short_term_average": 356930
    }, 
    {
        "accumulated_operating_revenue_yoy": 5.812322182805883, 
        "accumulated_operating_revenue": 566425, 
        "long_term_average": 350227, 
        "date": "2014-02-28", 
        "operating_revenue": 248455, 
        "short_term_average": 313311
    }, 
    {
        "accumulated_operating_revenue_yoy": 3.3726996949143015, 
        "accumulated_operating_revenue": 956183, 
        "long_term_average": 350234, 
        "date": "2014-03-31", 
        "operating_revenue": 389758, 
        "short_term_average": 318727
    }, 
    {
        "accumulated_operating_revenue_yoy": 2.3906582033206476, 
        "accumulated_operating_revenue": 1339021, 
        "long_term_average": 350240, 
        "date": "2014-04-30", 
        "operating_revenue": 382838, 
        "short_term_average": 340350
    }, 
    {
        "accumulated_operating_revenue_yoy": 3.0932392477287967, 
        "accumulated_operating_revenue": 1728053, 
        "long_term_average": 351955, 
        "date": "2014-05-31", 
        "operating_revenue": 389032, 
        "short_term_average": 387209
    }, 
    {
        "accumulated_operating_revenue_yoy": 4.404558971556182, 
        "accumulated_operating_revenue": 2087921, 
        "long_term_average": 354975, 
        "date": "2014-06-30", 
        "operating_revenue": 359868, 
        "short_term_average": 377246
    }, 
    {
        "accumulated_operating_revenue_yoy": 4.580586256932092, 
        "accumulated_operating_revenue": 2476439, 
        "long_term_average": 356673, 
        "date": "2014-07-31", 
        "operating_revenue": 388518, 
        "short_term_average": 379139
    }, 
    {
        "accumulated_operating_revenue_yoy": 2.744830721954509, 
        "accumulated_operating_revenue": 2806548, 
        "long_term_average": 353883, 
        "date": "2014-08-31", 
        "operating_revenue": 330109, 
        "short_term_average": 359498
    }, 
    {
        "accumulated_operating_revenue_yoy": 1.8228806865431189, 
        "accumulated_operating_revenue": 3124765, 
        "long_term_average": 352296, 
        "date": "2014-09-30", 
        "operating_revenue": 318217, 
        "short_term_average": 345614
    }, 
    {
        "accumulated_operating_revenue_yoy": 0.3897860037984099, 
        "accumulated_operating_revenue": 3432125, 
        "long_term_average": 348745, 
        "date": "2014-10-31", 
        "operating_revenue": 307360, 
        "short_term_average": 318562
    }, 
    {
        "accumulated_operating_revenue_yoy": -1.059000397566158, 
        "accumulated_operating_revenue": 3757888, 
        "long_term_average": 344283, 
        "date": "2014-11-30", 
        "operating_revenue": 325763, 
        "short_term_average": 317113
    }, 
    {
        "accumulated_operating_revenue_yoy": -1.5393060729404884, 
        "accumulated_operating_revenue": 4107406, 
        "long_term_average": 342283, 
        "date": "2014-12-31", 
        "operating_revenue": 349518, 
        "short_term_average": 327547
    }, 
    {
        "accumulated_operating_revenue_yoy": 4.975626631443218, 
        "accumulated_operating_revenue": 333791, 
        "long_term_average": 343602, 
        "date": "2015-01-31", 
        "operating_revenue": 333791, 
        "short_term_average": 336357
    }, 
    {
        "accumulated_operating_revenue_yoy": -12.028247340777684, 
        "accumulated_operating_revenue": 498294, 
        "long_term_average": 336606, 
        "date": "2015-02-28", 
        "operating_revenue": 164503, 
        "short_term_average": 282604
    }, 
    {
        "accumulated_operating_revenue_yoy": -11.267403833784956, 
        "accumulated_operating_revenue": 848446, 
        "long_term_average": 333305, 
        "date": "2015-03-31", 
        "operating_revenue": 350152, 
        "short_term_average": 282815
    }, 
    {
        "accumulated_operating_revenue_yoy": -11.02992410126503, 
        "accumulated_operating_revenue": 1191328, 
        "long_term_average": 329976, 
        "date": "2015-04-30", 
        "operating_revenue": 342882, 
        "short_term_average": 285845
    }, 
    {
        "accumulated_operating_revenue_yoy": -14.074799789126837, 
        "accumulated_operating_revenue": 1484833, 
        "long_term_average": 322015, 
        "date": "2015-05-31", 
        "operating_revenue": 293505, 
        "short_term_average": 328846
    }, 
    {
        "accumulated_operating_revenue_yoy": -15.689434609834377, 
        "accumulated_operating_revenue": 1760338, 
        "long_term_average": 314985, 
        "date": "2015-06-30", 
        "operating_revenue": 275505, 
        "short_term_average": 303964
    }, 
    {
        "accumulated_operating_revenue_yoy": -17.06066654579418, 
        "accumulated_operating_revenue": 2053942, 
        "long_term_average": 307075, 
        "date": "2015-07-31", 
        "operating_revenue": 293604, 
        "short_term_average": 287538
    }, 
    {
        "accumulated_operating_revenue_yoy": -16.50183784492551, 
        "accumulated_operating_revenue": 2343416, 
        "long_term_average": 303689, 
        "date": "2015-08-31", 
        "operating_revenue": 289474, 
        "short_term_average": 286194
    }
]