[
    {
        "date": "2012-01-31", 
        "operating_revenue": 89670, 
        "accumulated_operating_revenue": 89670, 
        "long_term_average": 89670, 
        "short_term_average": 89670
    }, 
    {
        "date": "2012-02-29", 
        "operating_revenue": 111888, 
        "accumulated_operating_revenue": 201558, 
        "long_term_average": 100779, 
        "short_term_average": 100779
    }, 
    {
        "date": "2012-03-31", 
        "operating_revenue": 102951, 
        "accumulated_operating_revenue": 304509, 
        "long_term_average": 101503, 
        "short_term_average": 101503
    }, 
    {
        "date": "2012-04-30", 
        "operating_revenue": 106656, 
        "accumulated_operating_revenue": 411165, 
        "long_term_average": 102791, 
        "short_term_average": 107165
    }, 
    {
        "date": "2012-05-31", 
        "operating_revenue": 91568, 
        "accumulated_operating_revenue": 502733, 
        "long_term_average": 100546, 
        "short_term_average": 100391
    }, 
    {
        "date": "2012-06-30", 
        "operating_revenue": 110103, 
        "accumulated_operating_revenue": 612836, 
        "long_term_average": 102139, 
        "short_term_average": 102775
    }, 
    {
        "date": "2012-07-31", 
        "operating_revenue": 98083, 
        "accumulated_operating_revenue": 710919, 
        "long_term_average": 101559, 
        "short_term_average": 99918
    }, 
    {
        "date": "2012-08-31", 
        "operating_revenue": 101330, 
        "accumulated_operating_revenue": 812249, 
        "long_term_average": 101531, 
        "short_term_average": 103172
    }, 
    {
        "date": "2012-09-30", 
        "operating_revenue": 104964, 
        "accumulated_operating_revenue": 917213, 
        "long_term_average": 101912, 
        "short_term_average": 101459
    }, 
    {
        "date": "2012-10-31", 
        "operating_revenue": 103176, 
        "accumulated_operating_revenue": 1020389, 
        "long_term_average": 102038, 
        "short_term_average": 103156
    }, 
    {
        "date": "2012-11-30", 
        "operating_revenue": 112193, 
        "accumulated_operating_revenue": 1132582, 
        "long_term_average": 102962, 
        "short_term_average": 106777
    }, 
    {
        "date": "2012-12-31", 
        "operating_revenue": 111446, 
        "accumulated_operating_revenue": 1244028, 
        "long_term_average": 103669, 
        "short_term_average": 108938
    }, 
    {
        "accumulated_operating_revenue_yoy": 20.139400022304006, 
        "accumulated_operating_revenue": 107729, 
        "long_term_average": 105173, 
        "date": "2013-01-31", 
        "operating_revenue": 107729, 
        "short_term_average": 110456
    }, 
    {
        "accumulated_operating_revenue_yoy": 0.7069925282052808, 
        "accumulated_operating_revenue": 202983, 
        "long_term_average": 103787, 
        "date": "2013-02-28", 
        "operating_revenue": 95254, 
        "short_term_average": 104809
    }, 
    {
        "accumulated_operating_revenue_yoy": 2.5726661609344883, 
        "accumulated_operating_revenue": 312343, 
        "long_term_average": 104321, 
        "date": "2013-03-31", 
        "operating_revenue": 109360, 
        "short_term_average": 104114
    }, 
    {
        "accumulated_operating_revenue_yoy": 1.898264686926173, 
        "accumulated_operating_revenue": 418970, 
        "long_term_average": 104319, 
        "date": "2013-04-30", 
        "operating_revenue": 106627, 
        "short_term_average": 103747
    }, 
    {
        "accumulated_operating_revenue_yoy": 5.436086351999968, 
        "accumulated_operating_revenue": 530062, 
        "long_term_average": 105946, 
        "date": "2013-05-31", 
        "operating_revenue": 111092, 
        "short_term_average": 109026
    }, 
    {
        "accumulated_operating_revenue_yoy": 6.070629010045102, 
        "accumulated_operating_revenue": 650039, 
        "long_term_average": 106769, 
        "date": "2013-06-30", 
        "operating_revenue": 119977, 
        "short_term_average": 112565
    }, 
    {
        "accumulated_operating_revenue_yoy": 8.968391617047793, 
        "accumulated_operating_revenue": 774677, 
        "long_term_average": 108982, 
        "date": "2013-07-31", 
        "operating_revenue": 124638, 
        "short_term_average": 118569
    }, 
    {
        "accumulated_operating_revenue_yoy": 11.34455074736934, 
        "accumulated_operating_revenue": 904395, 
        "long_term_average": 111347, 
        "date": "2013-08-31", 
        "operating_revenue": 129718, 
        "short_term_average": 124777
    }, 
    {
        "accumulated_operating_revenue_yoy": 13.19409995279177, 
        "accumulated_operating_revenue": 1038231, 
        "long_term_average": 113753, 
        "date": "2013-09-30", 
        "operating_revenue": 133836, 
        "short_term_average": 129397
    }, 
    {
        "accumulated_operating_revenue_yoy": 14.075906345521169, 
        "accumulated_operating_revenue": 1164018, 
        "long_term_average": 115638, 
        "date": "2013-10-31", 
        "operating_revenue": 125787, 
        "short_term_average": 129780
    }, 
    {
        "accumulated_operating_revenue_yoy": 13.429844373299241, 
        "accumulated_operating_revenue": 1284686, 
        "long_term_average": 116344, 
        "date": "2013-11-30", 
        "operating_revenue": 120668, 
        "short_term_average": 126763
    }, 
    {
        "accumulated_operating_revenue_yoy": 12.669489754249904, 
        "accumulated_operating_revenue": 1401640, 
        "long_term_average": 116803, 
        "date": "2013-12-31", 
        "operating_revenue": 116954, 
        "short_term_average": 121136
    }, 
    {
        "accumulated_operating_revenue_yoy": 10.147685395761586, 
        "accumulated_operating_revenue": 118661, 
        "long_term_average": 117714, 
        "date": "2014-01-31", 
        "operating_revenue": 118661, 
        "short_term_average": 118761
    }, 
    {
        "accumulated_operating_revenue_yoy": 12.719291763349641, 
        "accumulated_operating_revenue": 228801, 
        "long_term_average": 118954, 
        "date": "2014-02-28", 
        "operating_revenue": 110140, 
        "short_term_average": 115251
    }, 
    {
        "accumulated_operating_revenue_yoy": 14.332000396999453, 
        "accumulated_operating_revenue": 357108, 
        "long_term_average": 120533, 
        "date": "2014-03-31", 
        "operating_revenue": 128307, 
        "short_term_average": 119036
    }, 
    {
        "accumulated_operating_revenue_yoy": 13.937752106356063, 
        "accumulated_operating_revenue": 477365, 
        "long_term_average": 121669, 
        "date": "2014-04-30", 
        "operating_revenue": 120257, 
        "short_term_average": 119568
    }, 
    {
        "accumulated_operating_revenue_yoy": 14.829020001433795, 
        "accumulated_operating_revenue": 608665, 
        "long_term_average": 123353, 
        "date": "2014-05-31", 
        "operating_revenue": 131300, 
        "short_term_average": 126621
    }, 
    {
        "accumulated_operating_revenue_yoy": 14.40328964877492, 
        "accumulated_operating_revenue": 743666, 
        "long_term_average": 124605, 
        "date": "2014-06-30", 
        "operating_revenue": 135001, 
        "short_term_average": 128852
    }, 
    {
        "accumulated_operating_revenue_yoy": 13.54203106585067, 
        "accumulated_operating_revenue": 879584, 
        "long_term_average": 125545, 
        "date": "2014-07-31", 
        "operating_revenue": 135918, 
        "short_term_average": 134073
    }, 
    {
        "accumulated_operating_revenue_yoy": 12.308007010211245, 
        "accumulated_operating_revenue": 1015708, 
        "long_term_average": 126079, 
        "date": "2014-08-31", 
        "operating_revenue": 136124, 
        "short_term_average": 135681
    }, 
    {
        "accumulated_operating_revenue_yoy": 10.834583055216036, 
        "accumulated_operating_revenue": 1150719, 
        "long_term_average": 126177, 
        "date": "2014-09-30", 
        "operating_revenue": 135011, 
        "short_term_average": 135684
    }, 
    {
        "accumulated_operating_revenue_yoy": 10.129138896477546, 
        "accumulated_operating_revenue": 1281923, 
        "long_term_average": 126628, 
        "date": "2014-10-31", 
        "operating_revenue": 131204, 
        "short_term_average": 134113
    }, 
    {
        "accumulated_operating_revenue_yoy": 9.869493401500444, 
        "accumulated_operating_revenue": 1411478, 
        "long_term_average": 127369, 
        "date": "2014-11-30", 
        "operating_revenue": 129555, 
        "short_term_average": 131923
    }, 
    {
        "accumulated_operating_revenue_yoy": 9.512642333266745, 
        "accumulated_operating_revenue": 1534973, 
        "long_term_average": 127914, 
        "date": "2014-12-31", 
        "operating_revenue": 123495, 
        "short_term_average": 128084
    }, 
    {
        "accumulated_operating_revenue_yoy": 1.67957458642688, 
        "accumulated_operating_revenue": 120654, 
        "long_term_average": 128080, 
        "date": "2015-01-31", 
        "operating_revenue": 120654, 
        "short_term_average": 124568
    }, 
    {
        "accumulated_operating_revenue_yoy": -2.8439561015904653, 
        "accumulated_operating_revenue": 222294, 
        "long_term_average": 127372, 
        "date": "2015-02-28", 
        "operating_revenue": 101640, 
        "short_term_average": 115263
    }, 
    {
        "accumulated_operating_revenue_yoy": -2.941967135992473, 
        "accumulated_operating_revenue": 346602, 
        "long_term_average": 127038, 
        "date": "2015-03-31", 
        "operating_revenue": 124308, 
        "short_term_average": 115534
    }, 
    {
        "accumulated_operating_revenue_yoy": -2.80372461324144, 
        "accumulated_operating_revenue": 463981, 
        "long_term_average": 126799, 
        "date": "2015-04-30", 
        "operating_revenue": 117379, 
        "short_term_average": 114442
    }, 
    {
        "accumulated_operating_revenue_yoy": -4.4158938003663755, 
        "accumulated_operating_revenue": 581787, 
        "long_term_average": 125674, 
        "date": "2015-05-31", 
        "operating_revenue": 117806, 
        "short_term_average": 119831
    }, 
    {
        "accumulated_operating_revenue_yoy": -5.487813077376134, 
        "accumulated_operating_revenue": 702855, 
        "long_term_average": 124513, 
        "date": "2015-06-30", 
        "operating_revenue": 121068, 
        "short_term_average": 118751
    }, 
    {
        "accumulated_operating_revenue_yoy": -6.299796267326372, 
        "accumulated_operating_revenue": 824172, 
        "long_term_average": 123296, 
        "date": "2015-07-31", 
        "operating_revenue": 121317, 
        "short_term_average": 120063
    }, 
    {
        "accumulated_operating_revenue_yoy": -7.4824654329787705, 
        "accumulated_operating_revenue": 939708, 
        "long_term_average": 121581, 
        "date": "2015-08-31", 
        "operating_revenue": 115536, 
        "short_term_average": 119307
    }, 
    {
        "accumulated_operating_revenue_yoy": -9.230663611185703, 
        "accumulated_operating_revenue": 1044500, 
        "long_term_average": 119062, 
        "date": "2015-09-30", 
        "operating_revenue": 104792, 
        "short_term_average": 113881
    }
]