[
    {
        "date": "2011-09-30", 
        "operating_revenue": 303716, 
        "accumulated_operating_revenue": 303716, 
        "long_term_average": 303716, 
        "short_term_average": 303716
    }, 
    {
        "date": "2011-10-31", 
        "operating_revenue": 294785, 
        "accumulated_operating_revenue": 598501, 
        "long_term_average": 299250, 
        "short_term_average": 299250
    }, 
    {
        "date": "2011-11-30", 
        "operating_revenue": 304318, 
        "accumulated_operating_revenue": 902819, 
        "long_term_average": 300939, 
        "short_term_average": 300939
    }, 
    {
        "date": "2011-12-31", 
        "operating_revenue": 353904, 
        "accumulated_operating_revenue": 1256723, 
        "long_term_average": 314180, 
        "short_term_average": 317669
    }, 
    {
        "date": "2012-01-31", 
        "operating_revenue": 274333, 
        "accumulated_operating_revenue": 274333, 
        "long_term_average": 306211, 
        "short_term_average": 310851
    }, 
    {
        "date": "2012-02-29", 
        "operating_revenue": 260830, 
        "accumulated_operating_revenue": 535163, 
        "long_term_average": 298647, 
        "short_term_average": 296355
    }, 
    {
        "date": "2012-03-31", 
        "operating_revenue": 349610, 
        "accumulated_operating_revenue": 884773, 
        "long_term_average": 305928, 
        "short_term_average": 294924
    }, 
    {
        "date": "2012-04-30", 
        "operating_revenue": 327902, 
        "accumulated_operating_revenue": 1212675, 
        "long_term_average": 308674, 
        "short_term_average": 312780
    }, 
    {
        "date": "2012-05-31", 
        "operating_revenue": 334484, 
        "accumulated_operating_revenue": 1547159, 
        "long_term_average": 311542, 
        "short_term_average": 337332
    }, 
    {
        "date": "2012-06-30", 
        "operating_revenue": 301572, 
        "accumulated_operating_revenue": 1848731, 
        "long_term_average": 310545, 
        "short_term_average": 321319
    }, 
    {
        "date": "2012-07-31", 
        "operating_revenue": 351116, 
        "accumulated_operating_revenue": 2199847, 
        "long_term_average": 314233, 
        "short_term_average": 329057
    }, 
    {
        "date": "2012-08-31", 
        "operating_revenue": 361497, 
        "accumulated_operating_revenue": 2561344, 
        "long_term_average": 318172, 
        "short_term_average": 338061
    }, 
    {
        "accumulated_operating_revenue_yoy": 878.567806766848, 
        "accumulated_operating_revenue": 2972067, 
        "long_term_average": 327089, 
        "date": "2012-09-30", 
        "operating_revenue": 410723, 
        "short_term_average": 374445
    }, 
    {
        "accumulated_operating_revenue_yoy": 454.541596421727, 
        "accumulated_operating_revenue": 3318937, 
        "long_term_average": 331429, 
        "date": "2012-10-31", 
        "operating_revenue": 346870, 
        "short_term_average": 373030
    }, 
    {
        "accumulated_operating_revenue_yoy": 306.4216637000329, 
        "accumulated_operating_revenue": 3669252, 
        "long_term_average": 335263, 
        "date": "2012-11-30", 
        "operating_revenue": 350315, 
        "short_term_average": 369302
    }, 
    {
        "accumulated_operating_revenue_yoy": 218.38400347570627, 
        "accumulated_operating_revenue": 4001205, 
        "long_term_average": 333433, 
        "date": "2012-12-31", 
        "operating_revenue": 331953, 
        "short_term_average": 343046
    }, 
    {
        "accumulated_operating_revenue_yoy": 14.424804890406914, 
        "accumulated_operating_revenue": 313905, 
        "long_term_average": 336731, 
        "date": "2013-01-31", 
        "operating_revenue": 313905, 
        "short_term_average": 332057
    }, 
    {
        "accumulated_operating_revenue_yoy": 15.660088608517405, 
        "accumulated_operating_revenue": 618970, 
        "long_term_average": 340417, 
        "date": "2013-02-28", 
        "operating_revenue": 305065, 
        "short_term_average": 316974
    }, 
    {
        "accumulated_operating_revenue_yoy": 9.904235323636684, 
        "accumulated_operating_revenue": 972403, 
        "long_term_average": 340736, 
        "date": "2013-03-31", 
        "operating_revenue": 353433, 
        "short_term_average": 324134
    }, 
    {
        "accumulated_operating_revenue_yoy": 12.191395056383616, 
        "accumulated_operating_revenue": 1360517, 
        "long_term_average": 345753, 
        "date": "2013-04-30", 
        "operating_revenue": 388114, 
        "short_term_average": 348870
    }, 
    {
        "accumulated_operating_revenue_yoy": 13.51102246116915, 
        "accumulated_operating_revenue": 1756196, 
        "long_term_average": 350853, 
        "date": "2013-05-31", 
        "operating_revenue": 395679, 
        "short_term_average": 379075
    }, 
    {
        "accumulated_operating_revenue_yoy": 14.431250409064381, 
        "accumulated_operating_revenue": 2115526, 
        "long_term_average": 355666, 
        "date": "2013-06-30", 
        "operating_revenue": 359330, 
        "short_term_average": 381041
    }, 
    {
        "accumulated_operating_revenue_yoy": 14.355271071124493, 
        "accumulated_operating_revenue": 2515641, 
        "long_term_average": 359749, 
        "date": "2013-07-31", 
        "operating_revenue": 400115, 
        "short_term_average": 385041
    }, 
    {
        "accumulated_operating_revenue_yoy": 13.874903175832687, 
        "accumulated_operating_revenue": 2916728, 
        "long_term_average": 363049, 
        "date": "2013-08-31", 
        "operating_revenue": 401087, 
        "short_term_average": 386844
    }, 
    {
        "accumulated_operating_revenue_yoy": 11.039152212921175, 
        "accumulated_operating_revenue": 3300158, 
        "long_term_average": 360774, 
        "date": "2013-09-30", 
        "operating_revenue": 383430, 
        "short_term_average": 394877
    }, 
    {
        "accumulated_operating_revenue_yoy": 12.028248803758553, 
        "accumulated_operating_revenue": 3718147, 
        "long_term_average": 366701, 
        "date": "2013-10-31", 
        "operating_revenue": 417989, 
        "short_term_average": 400835
    }, 
    {
        "accumulated_operating_revenue_yoy": 11.81834880787692, 
        "accumulated_operating_revenue": 4102897, 
        "long_term_average": 369570, 
        "date": "2013-11-30", 
        "operating_revenue": 384750, 
        "short_term_average": 395389
    }, 
    {
        "accumulated_operating_revenue_yoy": 12.771402614962243, 
        "accumulated_operating_revenue": 4512215, 
        "long_term_average": 376017, 
        "date": "2013-12-31", 
        "operating_revenue": 409318, 
        "short_term_average": 404019
    }, 
    {
        "accumulated_operating_revenue_yoy": 22.438635893024962, 
        "accumulated_operating_revenue": 384341, 
        "long_term_average": 381887, 
        "date": "2014-01-31", 
        "operating_revenue": 384341, 
        "short_term_average": 392803
    }, 
    {
        "accumulated_operating_revenue_yoy": 9.69190752378952, 
        "accumulated_operating_revenue": 678960, 
        "long_term_average": 381017, 
        "date": "2014-02-28", 
        "operating_revenue": 294619, 
        "short_term_average": 362759
    }, 
    {
        "accumulated_operating_revenue_yoy": 24.224318518145253, 
        "accumulated_operating_revenue": 1207961, 
        "long_term_average": 395647, 
        "date": "2014-03-31", 
        "operating_revenue": 529001, 
        "short_term_average": 402653
    }, 
    {
        "accumulated_operating_revenue_yoy": 18.166623423301584, 
        "accumulated_operating_revenue": 1607677, 
        "long_term_average": 396614, 
        "date": "2014-04-30", 
        "operating_revenue": 399716, 
        "short_term_average": 407778
    }, 
    {
        "accumulated_operating_revenue_yoy": 14.502652323544751, 
        "accumulated_operating_revenue": 2010891, 
        "long_term_average": 397242, 
        "date": "2014-05-31", 
        "operating_revenue": 403214, 
        "short_term_average": 443977
    }, 
    {
        "accumulated_operating_revenue_yoy": 14.93212562738534, 
        "accumulated_operating_revenue": 2431419, 
        "long_term_average": 402342, 
        "date": "2014-06-30", 
        "operating_revenue": 420528, 
        "short_term_average": 407819
    }, 
    {
        "accumulated_operating_revenue_yoy": 13.439477254504917, 
        "accumulated_operating_revenue": 2853730, 
        "long_term_average": 404192, 
        "date": "2014-07-31", 
        "operating_revenue": 422311, 
        "short_term_average": 415351
    }, 
    {
        "accumulated_operating_revenue_yoy": 11.791432043029037, 
        "accumulated_operating_revenue": 3260652, 
        "long_term_average": 404678, 
        "date": "2014-08-31", 
        "operating_revenue": 406922, 
        "short_term_average": 416587
    }, 
    {
        "accumulated_operating_revenue_yoy": 12.212566792256613, 
        "accumulated_operating_revenue": 3703192, 
        "long_term_average": 409604, 
        "date": "2014-09-30", 
        "operating_revenue": 442540, 
        "short_term_average": 423924
    }, 
    {
        "accumulated_operating_revenue_yoy": 11.73390939088745, 
        "accumulated_operating_revenue": 4154431, 
        "long_term_average": 412374, 
        "date": "2014-10-31", 
        "operating_revenue": 451239, 
        "short_term_average": 433567
    }, 
    {
        "accumulated_operating_revenue_yoy": 12.527294738327576, 
        "accumulated_operating_revenue": 4616879, 
        "long_term_average": 418849, 
        "date": "2014-11-30", 
        "operating_revenue": 462448, 
        "short_term_average": 452075
    }, 
    {
        "accumulated_operating_revenue_yoy": 13.953457448282053, 
        "accumulated_operating_revenue": 5141825, 
        "long_term_average": 428485, 
        "date": "2014-12-31", 
        "operating_revenue": 524946, 
        "short_term_average": 479544
    }, 
    {
        "accumulated_operating_revenue_yoy": 34.49228679740127, 
        "accumulated_operating_revenue": 516909, 
        "long_term_average": 439532, 
        "date": "2015-01-31", 
        "operating_revenue": 516909, 
        "short_term_average": 501434
    }, 
    {
        "accumulated_operating_revenue_yoy": 30.61446918817014, 
        "accumulated_operating_revenue": 886820, 
        "long_term_average": 445807, 
        "date": "2015-02-28", 
        "operating_revenue": 369911, 
        "short_term_average": 470588
    }, 
    {
        "accumulated_operating_revenue_yoy": 18.36557637208486, 
        "accumulated_operating_revenue": 1429810, 
        "long_term_average": 446972, 
        "date": "2015-03-31", 
        "operating_revenue": 542990, 
        "short_term_average": 476603
    }, 
    {
        "accumulated_operating_revenue_yoy": 22.145555357201726, 
        "accumulated_operating_revenue": 1963706, 
        "long_term_average": 458154, 
        "date": "2015-04-30", 
        "operating_revenue": 533896, 
        "short_term_average": 482265
    }, 
    {
        "accumulated_operating_revenue_yoy": 23.322547069930692, 
        "accumulated_operating_revenue": 2479882, 
        "long_term_average": 467568, 
        "date": "2015-05-31", 
        "operating_revenue": 516176, 
        "short_term_average": 531020
    }, 
    {
        "accumulated_operating_revenue_yoy": 24.270436317228747, 
        "accumulated_operating_revenue": 3021535, 
        "long_term_average": 477661, 
        "date": "2015-06-30", 
        "operating_revenue": 541653, 
        "short_term_average": 530575
    }, 
    {
        "accumulated_operating_revenue_yoy": 25.179642082467506, 
        "accumulated_operating_revenue": 3572289, 
        "long_term_average": 488365, 
        "date": "2015-07-31", 
        "operating_revenue": 550754, 
        "short_term_average": 536194
    }, 
    {
        "accumulated_operating_revenue_yoy": 26.10370563924025, 
        "accumulated_operating_revenue": 4111803, 
        "long_term_average": 499414, 
        "date": "2015-08-31", 
        "operating_revenue": 539514, 
        "short_term_average": 543973
    }
]