[
    {
        "date": "2011-09-30", 
        "operating_revenue": 230797, 
        "accumulated_operating_revenue": 230797, 
        "long_term_average": 230797, 
        "short_term_average": 230797
    }, 
    {
        "date": "2011-10-31", 
        "operating_revenue": 219803, 
        "accumulated_operating_revenue": 450600, 
        "long_term_average": 225300, 
        "short_term_average": 225300
    }, 
    {
        "date": "2011-11-30", 
        "operating_revenue": 213608, 
        "accumulated_operating_revenue": 664208, 
        "long_term_average": 221402, 
        "short_term_average": 221402
    }, 
    {
        "date": "2011-12-31", 
        "operating_revenue": 203554, 
        "accumulated_operating_revenue": 867762, 
        "long_term_average": 216940, 
        "short_term_average": 212321
    }, 
    {
        "date": "2012-01-31", 
        "operating_revenue": 180691, 
        "accumulated_operating_revenue": 180691, 
        "long_term_average": 209690, 
        "short_term_average": 199284
    }, 
    {
        "date": "2012-02-29", 
        "operating_revenue": 200270, 
        "accumulated_operating_revenue": 380961, 
        "long_term_average": 208120, 
        "short_term_average": 194838
    }, 
    {
        "date": "2012-03-31", 
        "operating_revenue": 200650, 
        "accumulated_operating_revenue": 581611, 
        "long_term_average": 207053, 
        "short_term_average": 193870
    }, 
    {
        "date": "2012-04-30", 
        "operating_revenue": 209906, 
        "accumulated_operating_revenue": 791517, 
        "long_term_average": 207409, 
        "short_term_average": 203608
    }, 
    {
        "date": "2012-05-31", 
        "operating_revenue": 200984, 
        "accumulated_operating_revenue": 992501, 
        "long_term_average": 206695, 
        "short_term_average": 203846
    }, 
    {
        "date": "2012-06-30", 
        "operating_revenue": 208083, 
        "accumulated_operating_revenue": 1200584, 
        "long_term_average": 206834, 
        "short_term_average": 206324
    }, 
    {
        "date": "2012-07-31", 
        "operating_revenue": 209873, 
        "accumulated_operating_revenue": 1410457, 
        "long_term_average": 207110, 
        "short_term_average": 206313
    }, 
    {
        "date": "2012-08-31", 
        "operating_revenue": 212183, 
        "accumulated_operating_revenue": 1622640, 
        "long_term_average": 207533, 
        "short_term_average": 210046
    }, 
    {
        "accumulated_operating_revenue_yoy": 672.8228703146054, 
        "accumulated_operating_revenue": 1783652, 
        "long_term_average": 201718, 
        "date": "2012-09-30", 
        "operating_revenue": 161012, 
        "short_term_average": 194356
    }, 
    {
        "accumulated_operating_revenue_yoy": 332.4227696404793, 
        "accumulated_operating_revenue": 1948497, 
        "long_term_average": 197138, 
        "date": "2012-10-31", 
        "operating_revenue": 164845, 
        "short_term_average": 179346
    }, 
    {
        "accumulated_operating_revenue_yoy": 220.53242357815623, 
        "accumulated_operating_revenue": 2129002, 
        "long_term_average": 194379, 
        "date": "2012-11-30", 
        "operating_revenue": 180505, 
        "short_term_average": 168787
    }, 
    {
        "accumulated_operating_revenue_yoy": 166.92883532581516, 
        "accumulated_operating_revenue": 2316307, 
        "long_term_average": 193025, 
        "date": "2012-12-31", 
        "operating_revenue": 187305, 
        "short_term_average": 177551
    }, 
    {
        "accumulated_operating_revenue_yoy": -2.110232385674992, 
        "accumulated_operating_revenue": 176878, 
        "long_term_average": 192707, 
        "date": "2013-01-31", 
        "operating_revenue": 176878, 
        "short_term_average": 181562
    }, 
    {
        "accumulated_operating_revenue_yoy": -14.070994143757499, 
        "accumulated_operating_revenue": 327356, 
        "long_term_average": 188558, 
        "date": "2013-02-28", 
        "operating_revenue": 150478, 
        "short_term_average": 171553
    }, 
    {
        "accumulated_operating_revenue_yoy": -14.037905060255051, 
        "accumulated_operating_revenue": 499965, 
        "long_term_average": 186221, 
        "date": "2013-03-31", 
        "operating_revenue": 172609, 
        "short_term_average": 166655
    }, 
    {
        "accumulated_operating_revenue_yoy": -14.683323289329225, 
        "accumulated_operating_revenue": 675296, 
        "long_term_average": 183340, 
        "date": "2013-04-30", 
        "operating_revenue": 175331, 
        "short_term_average": 166139
    }, 
    {
        "accumulated_operating_revenue_yoy": -16.339227869795597, 
        "accumulated_operating_revenue": 830334, 
        "long_term_average": 179511, 
        "date": "2013-05-31", 
        "operating_revenue": 155038, 
        "short_term_average": 167659
    }, 
    {
        "accumulated_operating_revenue_yoy": -15.6725393641761, 
        "accumulated_operating_revenue": 1012422, 
        "long_term_average": 177345, 
        "date": "2013-06-30", 
        "operating_revenue": 182088, 
        "short_term_average": 170819
    }, 
    {
        "accumulated_operating_revenue_yoy": -15.26767565406106, 
        "accumulated_operating_revenue": 1195113, 
        "long_term_average": 175080, 
        "date": "2013-07-31", 
        "operating_revenue": 182691, 
        "short_term_average": 173272
    }, 
    {
        "accumulated_operating_revenue_yoy": -16.789491199526697, 
        "accumulated_operating_revenue": 1350207, 
        "long_term_average": 170322, 
        "date": "2013-08-31", 
        "operating_revenue": 155094, 
        "short_term_average": 173291
    }, 
    {
        "accumulated_operating_revenue_yoy": -13.525620468566737, 
        "accumulated_operating_revenue": 1542402, 
        "long_term_average": 172921, 
        "date": "2013-09-30", 
        "operating_revenue": 192195, 
        "short_term_average": 176660
    }, 
    {
        "accumulated_operating_revenue_yoy": -11.577333709007506, 
        "accumulated_operating_revenue": 1722913, 
        "long_term_average": 174226, 
        "date": "2013-10-31", 
        "operating_revenue": 180511, 
        "short_term_average": 175933
    }, 
    {
        "accumulated_operating_revenue_yoy": -9.486557551378533, 
        "accumulated_operating_revenue": 1927033, 
        "long_term_average": 176194, 
        "date": "2013-11-30", 
        "operating_revenue": 204120, 
        "short_term_average": 192275
    }, 
    {
        "accumulated_operating_revenue_yoy": -7.134589672267104, 
        "accumulated_operating_revenue": 2151048, 
        "long_term_average": 179254, 
        "date": "2013-12-31", 
        "operating_revenue": 224015, 
        "short_term_average": 202882
    }, 
    {
        "accumulated_operating_revenue_yoy": 3.895340291048067, 
        "accumulated_operating_revenue": 183768, 
        "long_term_average": 179828, 
        "date": "2014-01-31", 
        "operating_revenue": 183768, 
        "short_term_average": 203967
    }, 
    {
        "accumulated_operating_revenue_yoy": 2.19394176370679, 
        "accumulated_operating_revenue": 334538, 
        "long_term_average": 179852, 
        "date": "2014-02-28", 
        "operating_revenue": 150770, 
        "short_term_average": 186184
    }, 
    {
        "accumulated_operating_revenue_yoy": 7.122498574900243, 
        "accumulated_operating_revenue": 535575, 
        "long_term_average": 182221, 
        "date": "2014-03-31", 
        "operating_revenue": 201037, 
        "short_term_average": 178525
    }, 
    {
        "accumulated_operating_revenue_yoy": 5.826630099985784, 
        "accumulated_operating_revenue": 714643, 
        "long_term_average": 182532, 
        "date": "2014-04-30", 
        "operating_revenue": 179068, 
        "short_term_average": 176958
    }, 
    {
        "accumulated_operating_revenue_yoy": 10.405210433391863, 
        "accumulated_operating_revenue": 916732, 
        "long_term_average": 186453, 
        "date": "2014-05-31", 
        "operating_revenue": 202089, 
        "short_term_average": 194064
    }, 
    {
        "accumulated_operating_revenue_yoy": 10.836884224167392, 
        "accumulated_operating_revenue": 1122137, 
        "long_term_average": 188396, 
        "date": "2014-06-30", 
        "operating_revenue": 205405, 
        "short_term_average": 195520
    }, 
    {
        "accumulated_operating_revenue_yoy": 13.301252684892559, 
        "accumulated_operating_revenue": 1354078, 
        "long_term_average": 192501, 
        "date": "2014-07-31", 
        "operating_revenue": 231941, 
        "short_term_average": 213145
    }, 
    {
        "accumulated_operating_revenue_yoy": 19.982417510796495, 
        "accumulated_operating_revenue": 1620011, 
        "long_term_average": 201737, 
        "date": "2014-08-31", 
        "operating_revenue": 265933, 
        "short_term_average": 234426
    }, 
    {
        "accumulated_operating_revenue_yoy": 23.716709392233675, 
        "accumulated_operating_revenue": 1908209, 
        "long_term_average": 209737, 
        "date": "2014-09-30", 
        "operating_revenue": 288198, 
        "short_term_average": 262024
    }, 
    {
        "accumulated_operating_revenue_yoy": 24.234827875812652, 
        "accumulated_operating_revenue": 2140458, 
        "long_term_average": 214049, 
        "date": "2014-10-31", 
        "operating_revenue": 232249, 
        "short_term_average": 262126
    }, 
    {
        "accumulated_operating_revenue_yoy": 22.1685876681925, 
        "accumulated_operating_revenue": 2354229, 
        "long_term_average": 214853, 
        "date": "2014-11-30", 
        "operating_revenue": 213771, 
        "short_term_average": 244739
    }, 
    {
        "accumulated_operating_revenue_yoy": 22.80916092992811, 
        "accumulated_operating_revenue": 2641684, 
        "long_term_average": 220140, 
        "date": "2014-12-31", 
        "operating_revenue": 287455, 
        "short_term_average": 244491
    }, 
    {
        "accumulated_operating_revenue_yoy": 38.67811588524662, 
        "accumulated_operating_revenue": 254846, 
        "long_term_average": 226063, 
        "date": "2015-01-31", 
        "operating_revenue": 254846, 
        "short_term_average": 252024
    }, 
    {
        "accumulated_operating_revenue_yoy": 35.69818675307439, 
        "accumulated_operating_revenue": 453962, 
        "long_term_average": 230092, 
        "date": "2015-02-28", 
        "operating_revenue": 199116, 
        "short_term_average": 247139
    }, 
    {
        "accumulated_operating_revenue_yoy": 29.45581851281333, 
        "accumulated_operating_revenue": 693333, 
        "long_term_average": 233286, 
        "date": "2015-03-31", 
        "operating_revenue": 239371, 
        "short_term_average": 231111
    }, 
    {
        "accumulated_operating_revenue_yoy": 27.881753546875853, 
        "accumulated_operating_revenue": 913898, 
        "long_term_average": 236744, 
        "date": "2015-04-30", 
        "operating_revenue": 220565, 
        "short_term_average": 219684
    }, 
    {
        "accumulated_operating_revenue_yoy": 19.778517603836235, 
        "accumulated_operating_revenue": 1098048, 
        "long_term_average": 235250, 
        "date": "2015-05-31", 
        "operating_revenue": 184150, 
        "short_term_average": 214695
    }, 
    {
        "accumulated_operating_revenue_yoy": 16.590844076970992, 
        "accumulated_operating_revenue": 1308309, 
        "long_term_average": 235654, 
        "date": "2015-06-30", 
        "operating_revenue": 210261, 
        "short_term_average": 204992
    }, 
    {
        "accumulated_operating_revenue_yoy": 11.867410887703663, 
        "accumulated_operating_revenue": 1514772, 
        "long_term_average": 233531, 
        "date": "2015-07-31", 
        "operating_revenue": 206463, 
        "short_term_average": 200291
    }, 
    {
        "accumulated_operating_revenue_yoy": 5.044904016083842, 
        "accumulated_operating_revenue": 1701739, 
        "long_term_average": 226951, 
        "date": "2015-08-31", 
        "operating_revenue": 186967, 
        "short_term_average": 201230
    }
]