[
    {
        "date": "2012-01-31", 
        "operating_revenue": 126831, 
        "accumulated_operating_revenue": 126831, 
        "long_term_average": 126831, 
        "short_term_average": 126831
    }, 
    {
        "date": "2012-02-29", 
        "operating_revenue": 121725, 
        "accumulated_operating_revenue": 248556, 
        "long_term_average": 124278, 
        "short_term_average": 124278
    }, 
    {
        "date": "2012-03-31", 
        "operating_revenue": 100016, 
        "accumulated_operating_revenue": 348572, 
        "long_term_average": 116190, 
        "short_term_average": 116190
    }, 
    {
        "date": "2012-04-30", 
        "operating_revenue": 121590, 
        "accumulated_operating_revenue": 470162, 
        "long_term_average": 117540, 
        "short_term_average": 114443
    }, 
    {
        "date": "2012-05-31", 
        "operating_revenue": 94348, 
        "accumulated_operating_revenue": 564510, 
        "long_term_average": 112902, 
        "short_term_average": 105318
    }, 
    {
        "date": "2012-06-30", 
        "operating_revenue": 51724, 
        "accumulated_operating_revenue": 616234, 
        "long_term_average": 102705, 
        "short_term_average": 89220
    }, 
    {
        "date": "2012-07-31", 
        "operating_revenue": 52321, 
        "accumulated_operating_revenue": 668555, 
        "long_term_average": 95507, 
        "short_term_average": 66131
    }, 
    {
        "date": "2012-08-31", 
        "operating_revenue": 54249, 
        "accumulated_operating_revenue": 722804, 
        "long_term_average": 90350, 
        "short_term_average": 52764
    }, 
    {
        "date": "2012-09-30", 
        "operating_revenue": 37153, 
        "accumulated_operating_revenue": 759957, 
        "long_term_average": 84439, 
        "short_term_average": 47907
    }, 
    {
        "date": "2012-10-31", 
        "operating_revenue": 39846, 
        "accumulated_operating_revenue": 799803, 
        "long_term_average": 79980, 
        "short_term_average": 43749
    }, 
    {
        "date": "2012-11-30", 
        "operating_revenue": 87750, 
        "accumulated_operating_revenue": 887553, 
        "long_term_average": 80686, 
        "short_term_average": 54916
    }, 
    {
        "date": "2012-12-31", 
        "operating_revenue": 70209, 
        "accumulated_operating_revenue": 957762, 
        "long_term_average": 79813, 
        "short_term_average": 65935
    }, 
    {
        "accumulated_operating_revenue_yoy": -35.87924087959568, 
        "accumulated_operating_revenue": 81325, 
        "long_term_average": 76021, 
        "date": "2013-01-31", 
        "operating_revenue": 81325, 
        "short_term_average": 79761
    }, 
    {
        "accumulated_operating_revenue_yoy": -35.3880010943208, 
        "accumulated_operating_revenue": 160597, 
        "long_term_average": 72483, 
        "date": "2013-02-28", 
        "operating_revenue": 79272, 
        "short_term_average": 76935
    }, 
    {
        "accumulated_operating_revenue_yoy": -29.401099342460096, 
        "accumulated_operating_revenue": 246088, 
        "long_term_average": 71273, 
        "date": "2013-03-31", 
        "operating_revenue": 85491, 
        "short_term_average": 82029
    }, 
    {
        "accumulated_operating_revenue_yoy": -28.878344060132466, 
        "accumulated_operating_revenue": 334387, 
        "long_term_average": 68498, 
        "date": "2013-04-30", 
        "operating_revenue": 88299, 
        "short_term_average": 84354
    }, 
    {
        "accumulated_operating_revenue_yoy": -25.27005721776408, 
        "accumulated_operating_revenue": 421858, 
        "long_term_average": 67925, 
        "date": "2013-05-31", 
        "operating_revenue": 87471, 
        "short_term_average": 87087
    }, 
    {
        "accumulated_operating_revenue_yoy": -18.94978206330712, 
        "accumulated_operating_revenue": 499459, 
        "long_term_average": 70082, 
        "date": "2013-06-30", 
        "operating_revenue": 77601, 
        "short_term_average": 84457
    }, 
    {
        "accumulated_operating_revenue_yoy": -14.560208210244483, 
        "accumulated_operating_revenue": 571212, 
        "long_term_average": 71701, 
        "date": "2013-07-31", 
        "operating_revenue": 71753, 
        "short_term_average": 78941
    }, 
    {
        "accumulated_operating_revenue_yoy": -11.8554960957604, 
        "accumulated_operating_revenue": 637112, 
        "long_term_average": 72672, 
        "date": "2013-08-31", 
        "operating_revenue": 65900, 
        "short_term_average": 71751
    }, 
    {
        "accumulated_operating_revenue_yoy": -6.513658009597911, 
        "accumulated_operating_revenue": 710456, 
        "long_term_average": 75688, 
        "date": "2013-09-30", 
        "operating_revenue": 73344, 
        "short_term_average": 70332
    }, 
    {
        "accumulated_operating_revenue_yoy": -2.100642283162229, 
        "accumulated_operating_revenue": 783002, 
        "long_term_average": 78413, 
        "date": "2013-10-31", 
        "operating_revenue": 72546, 
        "short_term_average": 70596
    }, 
    {
        "accumulated_operating_revenue_yoy": -5.457814913588259, 
        "accumulated_operating_revenue": 839112, 
        "long_term_average": 75776, 
        "date": "2013-11-30", 
        "operating_revenue": 56110, 
        "short_term_average": 67333
    }, 
    {
        "accumulated_operating_revenue_yoy": -7.836811232853255, 
        "accumulated_operating_revenue": 882704, 
        "long_term_average": 73558, 
        "date": "2013-12-31", 
        "operating_revenue": 43592, 
        "short_term_average": 57416
    }, 
    {
        "accumulated_operating_revenue_yoy": -58.60313556716876, 
        "accumulated_operating_revenue": 33666, 
        "long_term_average": 69587, 
        "date": "2014-01-31", 
        "operating_revenue": 33666, 
        "short_term_average": 44456
    }, 
    {
        "accumulated_operating_revenue_yoy": -59.39338841945989, 
        "accumulated_operating_revenue": 65213, 
        "long_term_average": 65610, 
        "date": "2014-02-28", 
        "operating_revenue": 31547, 
        "short_term_average": 36268
    }, 
    {
        "accumulated_operating_revenue_yoy": -56.82967068690875, 
        "accumulated_operating_revenue": 106237, 
        "long_term_average": 61904, 
        "date": "2014-03-31", 
        "operating_revenue": 41024, 
        "short_term_average": 35412
    }, 
    {
        "accumulated_operating_revenue_yoy": -56.22018798577696, 
        "accumulated_operating_revenue": 146394, 
        "long_term_average": 57892, 
        "date": "2014-04-30", 
        "operating_revenue": 40157, 
        "short_term_average": 37576
    }, 
    {
        "accumulated_operating_revenue_yoy": -57.555860028730045, 
        "accumulated_operating_revenue": 179054, 
        "long_term_average": 53325, 
        "date": "2014-05-31", 
        "operating_revenue": 32660, 
        "short_term_average": 37947
    }, 
    {
        "accumulated_operating_revenue_yoy": -57.98974490398612, 
        "accumulated_operating_revenue": 209824, 
        "long_term_average": 49422, 
        "date": "2014-06-30", 
        "operating_revenue": 30770, 
        "short_term_average": 34529
    }, 
    {
        "accumulated_operating_revenue_yoy": -56.887460347471695, 
        "accumulated_operating_revenue": 246264, 
        "long_term_average": 46479, 
        "date": "2014-07-31", 
        "operating_revenue": 36440, 
        "short_term_average": 33290
    }, 
    {
        "accumulated_operating_revenue_yoy": -58.528484787604064, 
        "accumulated_operating_revenue": 264220, 
        "long_term_average": 42484, 
        "date": "2014-08-31", 
        "operating_revenue": 17956, 
        "short_term_average": 28388
    }, 
    {
        "accumulated_operating_revenue_yoy": -59.82157938000383, 
        "accumulated_operating_revenue": 285450, 
        "long_term_average": 38141, 
        "date": "2014-09-30", 
        "operating_revenue": 21230, 
        "short_term_average": 25208
    }, 
    {
        "accumulated_operating_revenue_yoy": -60.28273235572834, 
        "accumulated_operating_revenue": 310987, 
        "long_term_average": 34224, 
        "date": "2014-10-31", 
        "operating_revenue": 25537, 
        "short_term_average": 21574
    }, 
    {
        "accumulated_operating_revenue_yoy": -60.85159072924711, 
        "accumulated_operating_revenue": 328499, 
        "long_term_average": 31007, 
        "date": "2014-11-30", 
        "operating_revenue": 17512, 
        "short_term_average": 21426
    }, 
    {
        "accumulated_operating_revenue_yoy": -62.09306857111784, 
        "accumulated_operating_revenue": 334606, 
        "long_term_average": 27883, 
        "date": "2014-12-31", 
        "operating_revenue": 6107, 
        "short_term_average": 16385
    }, 
    {
        "accumulated_operating_revenue_yoy": 27.897582130339217, 
        "accumulated_operating_revenue": 43058, 
        "long_term_average": 28666, 
        "date": "2015-01-31", 
        "operating_revenue": 43058, 
        "short_term_average": 22225
    }, 
    {
        "accumulated_operating_revenue_yoy": 1.835523591921856, 
        "accumulated_operating_revenue": 66410, 
        "long_term_average": 27983, 
        "date": "2015-02-28", 
        "operating_revenue": 23352, 
        "short_term_average": 24172
    }, 
    {
        "accumulated_operating_revenue_yoy": -14.573077176501595, 
        "accumulated_operating_revenue": 90755, 
        "long_term_average": 26593, 
        "date": "2015-03-31", 
        "operating_revenue": 24345, 
        "short_term_average": 30251
    }, 
    {
        "accumulated_operating_revenue_yoy": 2.5322076041367816, 
        "accumulated_operating_revenue": 150101, 
        "long_term_average": 28192, 
        "date": "2015-04-30", 
        "operating_revenue": 59346, 
        "short_term_average": 35681
    }, 
    {
        "accumulated_operating_revenue_yoy": -1.6190646397176272, 
        "accumulated_operating_revenue": 176155, 
        "long_term_average": 27642, 
        "date": "2015-05-31", 
        "operating_revenue": 26054, 
        "short_term_average": 36581
    }, 
    {
        "accumulated_operating_revenue_yoy": -0.8516661583041025, 
        "accumulated_operating_revenue": 208037, 
        "long_term_average": 27734, 
        "date": "2015-06-30", 
        "operating_revenue": 31882, 
        "short_term_average": 39094
    }, 
    {
        "accumulated_operating_revenue_yoy": -5.65409479258032, 
        "accumulated_operating_revenue": 232340, 
        "long_term_average": 26723, 
        "date": "2015-07-31", 
        "operating_revenue": 24303, 
        "short_term_average": 27413
    }, 
    {
        "accumulated_operating_revenue_yoy": -5.973809704034517, 
        "accumulated_operating_revenue": 248436, 
        "long_term_average": 26568, 
        "date": "2015-08-31", 
        "operating_revenue": 16096, 
        "short_term_average": 24093
    }
]