[
    {
        "date": "2011-09-30", 
        "operating_revenue": 103193, 
        "accumulated_operating_revenue": 103193, 
        "long_term_average": 103193, 
        "short_term_average": 103193
    }, 
    {
        "date": "2011-10-31", 
        "operating_revenue": 73329, 
        "accumulated_operating_revenue": 176522, 
        "long_term_average": 88261, 
        "short_term_average": 88261
    }, 
    {
        "date": "2011-11-30", 
        "operating_revenue": 76615, 
        "accumulated_operating_revenue": 253137, 
        "long_term_average": 84379, 
        "short_term_average": 84379
    }, 
    {
        "date": "2011-12-31", 
        "operating_revenue": 55623, 
        "accumulated_operating_revenue": 308760, 
        "long_term_average": 77190, 
        "short_term_average": 68522
    }, 
    {
        "date": "2012-01-31", 
        "operating_revenue": 47364, 
        "accumulated_operating_revenue": 47364, 
        "long_term_average": 71224, 
        "short_term_average": 59867
    }, 
    {
        "date": "2012-02-29", 
        "operating_revenue": 44911, 
        "accumulated_operating_revenue": 92275, 
        "long_term_average": 66839, 
        "short_term_average": 49299
    }, 
    {
        "date": "2012-03-31", 
        "operating_revenue": 52494, 
        "accumulated_operating_revenue": 144769, 
        "long_term_average": 64789, 
        "short_term_average": 48256
    }, 
    {
        "date": "2012-04-30", 
        "operating_revenue": 44022, 
        "accumulated_operating_revenue": 188791, 
        "long_term_average": 62193, 
        "short_term_average": 47142
    }, 
    {
        "date": "2012-05-31", 
        "operating_revenue": 55545, 
        "accumulated_operating_revenue": 244336, 
        "long_term_average": 61455, 
        "short_term_average": 50687
    }, 
    {
        "date": "2012-06-30", 
        "operating_revenue": 50239, 
        "accumulated_operating_revenue": 294575, 
        "long_term_average": 60333, 
        "short_term_average": 49935
    }, 
    {
        "date": "2012-07-31", 
        "operating_revenue": 65947, 
        "accumulated_operating_revenue": 360522, 
        "long_term_average": 60843, 
        "short_term_average": 57243
    }, 
    {
        "date": "2012-08-31", 
        "operating_revenue": 71474, 
        "accumulated_operating_revenue": 431996, 
        "long_term_average": 61729, 
        "short_term_average": 62553
    }, 
    {
        "accumulated_operating_revenue_yoy": 383.57349820239745, 
        "accumulated_operating_revenue": 499014, 
        "long_term_average": 58715, 
        "date": "2012-09-30", 
        "operating_revenue": 67018, 
        "short_term_average": 68146
    }, 
    {
        "accumulated_operating_revenue_yoy": 227.0935067583644, 
        "accumulated_operating_revenue": 577392, 
        "long_term_average": 59135, 
        "date": "2012-10-31", 
        "operating_revenue": 78378, 
        "short_term_average": 72290
    }, 
    {
        "accumulated_operating_revenue_yoy": 155.10533821606484, 
        "accumulated_operating_revenue": 645766, 
        "long_term_average": 58449, 
        "date": "2012-11-30", 
        "operating_revenue": 68374, 
        "short_term_average": 71256
    }, 
    {
        "accumulated_operating_revenue_yoy": 129.30787666796218, 
        "accumulated_operating_revenue": 708011, 
        "long_term_average": 59000, 
        "date": "2012-12-31", 
        "operating_revenue": 62245, 
        "short_term_average": 69665
    }, 
    {
        "accumulated_operating_revenue_yoy": 120.8343889874166, 
        "accumulated_operating_revenue": 104596, 
        "long_term_average": 63770, 
        "date": "2013-01-31", 
        "operating_revenue": 104596, 
        "short_term_average": 78405
    }, 
    {
        "accumulated_operating_revenue_yoy": 105.1248984015172, 
        "accumulated_operating_revenue": 189279, 
        "long_term_average": 67084, 
        "date": "2013-02-28", 
        "operating_revenue": 84683, 
        "short_term_average": 83841
    }, 
    {
        "accumulated_operating_revenue_yoy": 120.80141466750479, 
        "accumulated_operating_revenue": 319652, 
        "long_term_average": 73574, 
        "date": "2013-03-31", 
        "operating_revenue": 130373, 
        "short_term_average": 106550
    }, 
    {
        "accumulated_operating_revenue_yoy": 131.36537228999262, 
        "accumulated_operating_revenue": 436797, 
        "long_term_average": 79668, 
        "date": "2013-04-30", 
        "operating_revenue": 117145, 
        "short_term_average": 110733
    }, 
    {
        "accumulated_operating_revenue_yoy": 133.426511033986, 
        "accumulated_operating_revenue": 570345, 
        "long_term_average": 86168, 
        "date": "2013-05-31", 
        "operating_revenue": 133548, 
        "short_term_average": 127022
    }, 
    {
        "accumulated_operating_revenue_yoy": 139.51217856233558, 
        "accumulated_operating_revenue": 705543, 
        "long_term_average": 93248, 
        "date": "2013-06-30", 
        "operating_revenue": 135198, 
        "short_term_average": 128630
    }, 
    {
        "accumulated_operating_revenue_yoy": 140.86907317722634, 
        "accumulated_operating_revenue": 868386, 
        "long_term_average": 101322, 
        "date": "2013-07-31", 
        "operating_revenue": 162843, 
        "short_term_average": 143863
    }, 
    {
        "accumulated_operating_revenue_yoy": 148.6023018731655, 
        "accumulated_operating_revenue": 1073952, 
        "long_term_average": 112497, 
        "date": "2013-08-31", 
        "operating_revenue": 205566, 
        "short_term_average": 167869
    }, 
    {
        "accumulated_operating_revenue_yoy": 136.6891510057834, 
        "accumulated_operating_revenue": 1181112, 
        "long_term_average": 115842, 
        "date": "2013-09-30", 
        "operating_revenue": 107160, 
        "short_term_average": 158523
    }, 
    {
        "accumulated_operating_revenue_yoy": 130.9985243993682, 
        "accumulated_operating_revenue": 1333767, 
        "long_term_average": 122032, 
        "date": "2013-10-31", 
        "operating_revenue": 152655, 
        "short_term_average": 155127
    }, 
    {
        "accumulated_operating_revenue_yoy": 124.5671032541199, 
        "accumulated_operating_revenue": 1450178, 
        "long_term_average": 126035, 
        "date": "2013-11-30", 
        "operating_revenue": 116411, 
        "short_term_average": 125408
    }, 
    {
        "accumulated_operating_revenue_yoy": 116.74013539337666, 
        "accumulated_operating_revenue": 1534544, 
        "long_term_average": 127878, 
        "date": "2013-12-31", 
        "operating_revenue": 84366, 
        "short_term_average": 117810
    }, 
    {
        "accumulated_operating_revenue_yoy": -20.42334314887759, 
        "accumulated_operating_revenue": 83234, 
        "long_term_average": 126098, 
        "date": "2014-01-31", 
        "operating_revenue": 83234, 
        "short_term_average": 94670
    }, 
    {
        "accumulated_operating_revenue_yoy": -14.739088858246294, 
        "accumulated_operating_revenue": 161381, 
        "long_term_average": 125553, 
        "date": "2014-02-28", 
        "operating_revenue": 78147, 
        "short_term_average": 81915
    }, 
    {
        "accumulated_operating_revenue_yoy": -17.973295959355802, 
        "accumulated_operating_revenue": 262200, 
        "long_term_average": 123091, 
        "date": "2014-03-31", 
        "operating_revenue": 100819, 
        "short_term_average": 87400
    }, 
    {
        "accumulated_operating_revenue_yoy": -19.028290029464486, 
        "accumulated_operating_revenue": 353682, 
        "long_term_average": 120952, 
        "date": "2014-04-30", 
        "operating_revenue": 91482, 
        "short_term_average": 90149
    }, 
    {
        "accumulated_operating_revenue_yoy": -22.41608149453401, 
        "accumulated_operating_revenue": 442496, 
        "long_term_average": 117224, 
        "date": "2014-05-31", 
        "operating_revenue": 88814, 
        "short_term_average": 93705
    }, 
    {
        "accumulated_operating_revenue_yoy": -25.479807750909583, 
        "accumulated_operating_revenue": 525772, 
        "long_term_average": 112897, 
        "date": "2014-06-30", 
        "operating_revenue": 83276, 
        "short_term_average": 87857
    }, 
    {
        "accumulated_operating_revenue_yoy": -27.21347419235225, 
        "accumulated_operating_revenue": 632068, 
        "long_term_average": 108185, 
        "date": "2014-07-31", 
        "operating_revenue": 106296, 
        "short_term_average": 92795
    }, 
    {
        "accumulated_operating_revenue_yoy": -34.88712717141921, 
        "accumulated_operating_revenue": 699281, 
        "long_term_average": 96656, 
        "date": "2014-08-31", 
        "operating_revenue": 67213, 
        "short_term_average": 85595
    }, 
    {
        "accumulated_operating_revenue_yoy": -33.7858729739432, 
        "accumulated_operating_revenue": 782063, 
        "long_term_average": 94624, 
        "date": "2014-09-30", 
        "operating_revenue": 82782, 
        "short_term_average": 85430
    }, 
    {
        "accumulated_operating_revenue_yoy": -35.74552376839433, 
        "accumulated_operating_revenue": 857005, 
        "long_term_average": 88148, 
        "date": "2014-10-31", 
        "operating_revenue": 74942, 
        "short_term_average": 74979
    }, 
    {
        "accumulated_operating_revenue_yoy": -35.286357950541245, 
        "accumulated_operating_revenue": 938463, 
        "long_term_average": 85235, 
        "date": "2014-11-30", 
        "operating_revenue": 81458, 
        "short_term_average": 79727
    }, 
    {
        "accumulated_operating_revenue_yoy": -34.11932144011511, 
        "accumulated_operating_revenue": 1010968, 
        "long_term_average": 84247, 
        "date": "2014-12-31", 
        "operating_revenue": 72505, 
        "short_term_average": 76301
    }, 
    {
        "accumulated_operating_revenue_yoy": 1.4741571953768893, 
        "accumulated_operating_revenue": 84461, 
        "long_term_average": 84349, 
        "date": "2015-01-31", 
        "operating_revenue": 84461, 
        "short_term_average": 79474
    }, 
    {
        "accumulated_operating_revenue_yoy": -14.114424870337897, 
        "accumulated_operating_revenue": 138603, 
        "long_term_average": 82349, 
        "date": "2015-02-28", 
        "operating_revenue": 54142, 
        "short_term_average": 70369
    }, 
    {
        "accumulated_operating_revenue_yoy": -13.821128909229596, 
        "accumulated_operating_revenue": 225961, 
        "long_term_average": 81227, 
        "date": "2015-03-31", 
        "operating_revenue": 87358, 
        "short_term_average": 75320
    }, 
    {
        "accumulated_operating_revenue_yoy": -4.372289231569602, 
        "accumulated_operating_revenue": 338218, 
        "long_term_average": 82958, 
        "date": "2015-04-30", 
        "operating_revenue": 112257, 
        "short_term_average": 84585
    }, 
    {
        "accumulated_operating_revenue_yoy": -2.812228811107897, 
        "accumulated_operating_revenue": 430052, 
        "long_term_average": 83210, 
        "date": "2015-05-31", 
        "operating_revenue": 91834, 
        "short_term_average": 97149
    }, 
    {
        "accumulated_operating_revenue_yoy": 0.2567652898975221, 
        "accumulated_operating_revenue": 527122, 
        "long_term_average": 84359, 
        "date": "2015-06-30", 
        "operating_revenue": 97070, 
        "short_term_average": 100387
    }, 
    {
        "accumulated_operating_revenue_yoy": -4.681774745755204, 
        "accumulated_operating_revenue": 602476, 
        "long_term_average": 81781, 
        "date": "2015-07-31", 
        "operating_revenue": 75354, 
        "short_term_average": 88086
    }, 
    {
        "accumulated_operating_revenue_yoy": -4.371919156962652, 
        "accumulated_operating_revenue": 668709, 
        "long_term_average": 81699, 
        "date": "2015-08-31", 
        "operating_revenue": 66233, 
        "short_term_average": 79552
    }
]