[
    {
        "date": "2011-09-30", 
        "operating_revenue": 120516, 
        "accumulated_operating_revenue": 120516, 
        "long_term_average": 120516, 
        "short_term_average": 120516
    }, 
    {
        "date": "2011-10-31", 
        "operating_revenue": 103048, 
        "accumulated_operating_revenue": 223564, 
        "long_term_average": 111782, 
        "short_term_average": 111782
    }, 
    {
        "date": "2011-11-30", 
        "operating_revenue": 90293, 
        "accumulated_operating_revenue": 313857, 
        "long_term_average": 104619, 
        "short_term_average": 104619
    }, 
    {
        "date": "2011-12-31", 
        "operating_revenue": 111189, 
        "accumulated_operating_revenue": 425046, 
        "long_term_average": 106261, 
        "short_term_average": 101510
    }, 
    {
        "date": "2012-01-31", 
        "operating_revenue": 68243, 
        "accumulated_operating_revenue": 68243, 
        "long_term_average": 98657, 
        "short_term_average": 89908
    }, 
    {
        "date": "2012-02-29", 
        "operating_revenue": 69480, 
        "accumulated_operating_revenue": 137723, 
        "long_term_average": 93794, 
        "short_term_average": 82970
    }, 
    {
        "date": "2012-03-31", 
        "operating_revenue": 84485, 
        "accumulated_operating_revenue": 222208, 
        "long_term_average": 92464, 
        "short_term_average": 74069
    }, 
    {
        "date": "2012-04-30", 
        "operating_revenue": 106808, 
        "accumulated_operating_revenue": 329016, 
        "long_term_average": 94257, 
        "short_term_average": 86924
    }, 
    {
        "date": "2012-05-31", 
        "operating_revenue": 119250, 
        "accumulated_operating_revenue": 448266, 
        "long_term_average": 97034, 
        "short_term_average": 103514
    }, 
    {
        "date": "2012-06-30", 
        "operating_revenue": 114353, 
        "accumulated_operating_revenue": 562619, 
        "long_term_average": 98766, 
        "short_term_average": 113470
    }, 
    {
        "date": "2012-07-31", 
        "operating_revenue": 115673, 
        "accumulated_operating_revenue": 678292, 
        "long_term_average": 100303, 
        "short_term_average": 116425
    }, 
    {
        "date": "2012-08-31", 
        "operating_revenue": 133219, 
        "accumulated_operating_revenue": 811511, 
        "long_term_average": 103046, 
        "short_term_average": 121081
    }, 
    {
        "accumulated_operating_revenue_yoy": 667.0052109263501, 
        "accumulated_operating_revenue": 924364, 
        "long_term_average": 102407, 
        "date": "2012-09-30", 
        "operating_revenue": 112853, 
        "short_term_average": 120581
    }, 
    {
        "accumulated_operating_revenue_yoy": 368.14961263888637, 
        "accumulated_operating_revenue": 1046614, 
        "long_term_average": 104008, 
        "date": "2012-10-31", 
        "operating_revenue": 122250, 
        "short_term_average": 122774
    }, 
    {
        "accumulated_operating_revenue_yoy": 280.41369158565846, 
        "accumulated_operating_revenue": 1193955, 
        "long_term_average": 108762, 
        "date": "2012-11-30", 
        "operating_revenue": 147341, 
        "short_term_average": 127481
    }, 
    {
        "accumulated_operating_revenue_yoy": 205.6986773196313, 
        "accumulated_operating_revenue": 1299360, 
        "long_term_average": 108280, 
        "date": "2012-12-31", 
        "operating_revenue": 105405, 
        "short_term_average": 124998
    }, 
    {
        "accumulated_operating_revenue_yoy": 110.09334290696482, 
        "accumulated_operating_revenue": 143374, 
        "long_term_average": 114540, 
        "date": "2013-01-31", 
        "operating_revenue": 143374, 
        "short_term_average": 132040
    }, 
    {
        "accumulated_operating_revenue_yoy": 65.51338556377657, 
        "accumulated_operating_revenue": 227950, 
        "long_term_average": 115798, 
        "date": "2013-02-28", 
        "operating_revenue": 84576, 
        "short_term_average": 111118
    }, 
    {
        "accumulated_operating_revenue_yoy": 55.260836693548384, 
        "accumulated_operating_revenue": 345002, 
        "long_term_average": 118512, 
        "date": "2013-03-31", 
        "operating_revenue": 117052, 
        "short_term_average": 115000
    }, 
    {
        "accumulated_operating_revenue_yoy": 38.68991173681523, 
        "accumulated_operating_revenue": 456312, 
        "long_term_average": 118888, 
        "date": "2013-04-30", 
        "operating_revenue": 111310, 
        "short_term_average": 104312
    }, 
    {
        "accumulated_operating_revenue_yoy": 29.614782294441245, 
        "accumulated_operating_revenue": 581019, 
        "long_term_average": 119342, 
        "date": "2013-05-31", 
        "operating_revenue": 124707, 
        "short_term_average": 117689
    }, 
    {
        "accumulated_operating_revenue_yoy": 20.706552747063288, 
        "accumulated_operating_revenue": 679118, 
        "long_term_average": 117988, 
        "date": "2013-06-30", 
        "operating_revenue": 98099, 
        "short_term_average": 111372
    }, 
    {
        "accumulated_operating_revenue_yoy": 14.449381682225354, 
        "accumulated_operating_revenue": 776301, 
        "long_term_average": 116447, 
        "date": "2013-07-31", 
        "operating_revenue": 97183, 
        "short_term_average": 106663
    }, 
    {
        "accumulated_operating_revenue_yoy": 5.616682953157751, 
        "accumulated_operating_revenue": 857091, 
        "long_term_average": 112078, 
        "date": "2013-08-31", 
        "operating_revenue": 80790, 
        "short_term_average": 92024
    }, 
    {
        "accumulated_operating_revenue_yoy": -0.2351887351735896, 
        "accumulated_operating_revenue": 922190, 
        "long_term_average": 108098, 
        "date": "2013-09-30", 
        "operating_revenue": 65099, 
        "short_term_average": 81024
    }, 
    {
        "accumulated_operating_revenue_yoy": -6.325636767709968, 
        "accumulated_operating_revenue": 980409, 
        "long_term_average": 102762, 
        "date": "2013-10-31", 
        "operating_revenue": 58219, 
        "short_term_average": 68036
    }, 
    {
        "accumulated_operating_revenue_yoy": -12.854337056254215, 
        "accumulated_operating_revenue": 1040480, 
        "long_term_average": 95490, 
        "date": "2013-11-30", 
        "operating_revenue": 60071, 
        "short_term_average": 61129
    }, 
    {
        "accumulated_operating_revenue_yoy": -15.906446250461768, 
        "accumulated_operating_revenue": 1092678, 
        "long_term_average": 91056, 
        "date": "2013-12-31", 
        "operating_revenue": 52198, 
        "short_term_average": 56829
    }, 
    {
        "accumulated_operating_revenue_yoy": -63.856068743286784, 
        "accumulated_operating_revenue": 51821, 
        "long_term_average": 83427, 
        "date": "2014-01-31", 
        "operating_revenue": 51821, 
        "short_term_average": 54696
    }, 
    {
        "accumulated_operating_revenue_yoy": -60.070190831322655, 
        "accumulated_operating_revenue": 91020, 
        "long_term_average": 79645, 
        "date": "2014-02-28", 
        "operating_revenue": 39199, 
        "short_term_average": 47739
    }, 
    {
        "accumulated_operating_revenue_yoy": -56.19242786998336, 
        "accumulated_operating_revenue": 151137, 
        "long_term_average": 74901, 
        "date": "2014-03-31", 
        "operating_revenue": 60117, 
        "short_term_average": 50379
    }, 
    {
        "accumulated_operating_revenue_yoy": -54.03715002016164, 
        "accumulated_operating_revenue": 209734, 
        "long_term_average": 70508, 
        "date": "2014-04-30", 
        "operating_revenue": 58597, 
        "short_term_average": 52637
    }, 
    {
        "accumulated_operating_revenue_yoy": -52.35198848918882, 
        "accumulated_operating_revenue": 276844, 
        "long_term_average": 65708, 
        "date": "2014-05-31", 
        "operating_revenue": 67110, 
        "short_term_average": 61941
    }, 
    {
        "accumulated_operating_revenue_yoy": -48.349771321037, 
        "accumulated_operating_revenue": 350766, 
        "long_term_average": 63693, 
        "date": "2014-06-30", 
        "operating_revenue": 73922, 
        "short_term_average": 66543
    }, 
    {
        "accumulated_operating_revenue_yoy": -44.430188805630806, 
        "accumulated_operating_revenue": 431389, 
        "long_term_average": 62313, 
        "date": "2014-07-31", 
        "operating_revenue": 80623, 
        "short_term_average": 73885
    }, 
    {
        "accumulated_operating_revenue_yoy": -38.042168217843845, 
        "accumulated_operating_revenue": 531035, 
        "long_term_average": 63885, 
        "date": "2014-08-31", 
        "operating_revenue": 99646, 
        "short_term_average": 84730
    }, 
    {
        "accumulated_operating_revenue_yoy": -32.59317494225702, 
        "accumulated_operating_revenue": 621619, 
        "long_term_average": 66008, 
        "date": "2014-09-30", 
        "operating_revenue": 90584, 
        "short_term_average": 90284
    }, 
    {
        "accumulated_operating_revenue_yoy": -28.30981763733299, 
        "accumulated_operating_revenue": 702857, 
        "long_term_average": 67927, 
        "date": "2014-10-31", 
        "operating_revenue": 81238, 
        "short_term_average": 90489
    }, 
    {
        "accumulated_operating_revenue_yoy": -24.19085422112871, 
        "accumulated_operating_revenue": 788779, 
        "long_term_average": 70081, 
        "date": "2014-11-30", 
        "operating_revenue": 85922, 
        "short_term_average": 85914
    }, 
    {
        "accumulated_operating_revenue_yoy": -21.05414403877446, 
        "accumulated_operating_revenue": 862624, 
        "long_term_average": 71885, 
        "date": "2014-12-31", 
        "operating_revenue": 73845, 
        "short_term_average": 80335
    }, 
    {
        "accumulated_operating_revenue_yoy": 74.51226336813261, 
        "accumulated_operating_revenue": 90434, 
        "long_term_average": 75103, 
        "date": "2015-01-31", 
        "operating_revenue": 90434, 
        "short_term_average": 83400
    }, 
    {
        "accumulated_operating_revenue_yoy": 77.22588442100637, 
        "accumulated_operating_revenue": 161311, 
        "long_term_average": 77742, 
        "date": "2015-02-28", 
        "operating_revenue": 70877, 
        "short_term_average": 78385
    }, 
    {
        "accumulated_operating_revenue_yoy": 45.96028768600674, 
        "accumulated_operating_revenue": 220600, 
        "long_term_average": 77673, 
        "date": "2015-03-31", 
        "operating_revenue": 59289, 
        "short_term_average": 73533
    }, 
    {
        "accumulated_operating_revenue_yoy": 33.30790429782486, 
        "accumulated_operating_revenue": 279592, 
        "long_term_average": 77706, 
        "date": "2015-04-30", 
        "operating_revenue": 58992, 
        "short_term_average": 63052
    }, 
    {
        "accumulated_operating_revenue_yoy": 19.0786146710783, 
        "accumulated_operating_revenue": 329662, 
        "long_term_average": 76286, 
        "date": "2015-05-31", 
        "operating_revenue": 50070, 
        "short_term_average": 56117
    }, 
    {
        "accumulated_operating_revenue_yoy": 6.304487892213043, 
        "accumulated_operating_revenue": 372880, 
        "long_term_average": 73728, 
        "date": "2015-06-30", 
        "operating_revenue": 43218, 
        "short_term_average": 50760
    }, 
    {
        "accumulated_operating_revenue_yoy": -1.880900996548359, 
        "accumulated_operating_revenue": 423275, 
        "long_term_average": 71209, 
        "date": "2015-07-31", 
        "operating_revenue": 50395, 
        "short_term_average": 47894
    }, 
    {
        "accumulated_operating_revenue_yoy": -9.430075230446205, 
        "accumulated_operating_revenue": 480958, 
        "long_term_average": 67712, 
        "date": "2015-08-31", 
        "operating_revenue": 57683, 
        "short_term_average": 50432
    }
]