[
    {
        "date": "2012-01-31", 
        "operating_revenue": 316584, 
        "accumulated_operating_revenue": 316584, 
        "long_term_average": 316584, 
        "short_term_average": 316584
    }, 
    {
        "date": "2012-02-29", 
        "operating_revenue": 360151, 
        "accumulated_operating_revenue": 676735, 
        "long_term_average": 338367, 
        "short_term_average": 338367
    }, 
    {
        "date": "2012-03-31", 
        "operating_revenue": 395636, 
        "accumulated_operating_revenue": 1072371, 
        "long_term_average": 357457, 
        "short_term_average": 357457
    }, 
    {
        "date": "2012-04-30", 
        "operating_revenue": 372211, 
        "accumulated_operating_revenue": 1444582, 
        "long_term_average": 361145, 
        "short_term_average": 375999
    }, 
    {
        "date": "2012-05-31", 
        "operating_revenue": 447706, 
        "accumulated_operating_revenue": 1892288, 
        "long_term_average": 378457, 
        "short_term_average": 405184
    }, 
    {
        "date": "2012-06-30", 
        "operating_revenue": 435643, 
        "accumulated_operating_revenue": 2327931, 
        "long_term_average": 387988, 
        "short_term_average": 418520
    }, 
    {
        "date": "2012-07-31", 
        "operating_revenue": 456633, 
        "accumulated_operating_revenue": 2784564, 
        "long_term_average": 397794, 
        "short_term_average": 446660
    }, 
    {
        "date": "2012-08-31", 
        "operating_revenue": 542413, 
        "accumulated_operating_revenue": 3326977, 
        "long_term_average": 415872, 
        "short_term_average": 478229
    }, 
    {
        "date": "2012-09-30", 
        "operating_revenue": 395794, 
        "accumulated_operating_revenue": 3722771, 
        "long_term_average": 413641, 
        "short_term_average": 464946
    }, 
    {
        "date": "2012-10-31", 
        "operating_revenue": 382350, 
        "accumulated_operating_revenue": 4105121, 
        "long_term_average": 410512, 
        "short_term_average": 440185
    }, 
    {
        "date": "2012-11-30", 
        "operating_revenue": 381556, 
        "accumulated_operating_revenue": 4486677, 
        "long_term_average": 407879, 
        "short_term_average": 386566
    }, 
    {
        "date": "2012-12-31", 
        "operating_revenue": 387445, 
        "accumulated_operating_revenue": 4874122, 
        "long_term_average": 406176, 
        "short_term_average": 383783
    }, 
    {
        "accumulated_operating_revenue_yoy": 4.370088191443662, 
        "accumulated_operating_revenue": 330419, 
        "long_term_average": 407329, 
        "date": "2013-01-31", 
        "operating_revenue": 330419, 
        "short_term_average": 366473
    }, 
    {
        "accumulated_operating_revenue_yoy": -5.920190325607512, 
        "accumulated_operating_revenue": 636671, 
        "long_term_average": 402838, 
        "date": "2013-02-28", 
        "operating_revenue": 306252, 
        "short_term_average": 341372
    }, 
    {
        "accumulated_operating_revenue_yoy": -6.973705928265497, 
        "accumulated_operating_revenue": 997587, 
        "long_term_average": 399944, 
        "date": "2013-03-31", 
        "operating_revenue": 360916, 
        "short_term_average": 332529
    }, 
    {
        "accumulated_operating_revenue_yoy": -3.9310333369791404, 
        "accumulated_operating_revenue": 1387795, 
        "long_term_average": 401444, 
        "date": "2013-04-30", 
        "operating_revenue": 390208, 
        "short_term_average": 352458
    }, 
    {
        "accumulated_operating_revenue_yoy": -8.586906432847432, 
        "accumulated_operating_revenue": 1729799, 
        "long_term_average": 392636, 
        "date": "2013-05-31", 
        "operating_revenue": 342004, 
        "short_term_average": 364376
    }, 
    {
        "accumulated_operating_revenue_yoy": -5.487061257399811, 
        "accumulated_operating_revenue": 2200196, 
        "long_term_average": 395532, 
        "date": "2013-06-30", 
        "operating_revenue": 470397, 
        "short_term_average": 400869
    }, 
    {
        "accumulated_operating_revenue_yoy": -4.724761219350677, 
        "accumulated_operating_revenue": 2653000, 
        "long_term_average": 395213, 
        "date": "2013-07-31", 
        "operating_revenue": 452804, 
        "short_term_average": 421735
    }, 
    {
        "accumulated_operating_revenue_yoy": -5.453359010296735, 
        "accumulated_operating_revenue": 3145545, 
        "long_term_average": 391057, 
        "date": "2013-08-31", 
        "operating_revenue": 492545, 
        "short_term_average": 471915
    }, 
    {
        "accumulated_operating_revenue_yoy": -3.2855633612704085, 
        "accumulated_operating_revenue": 3600457, 
        "long_term_average": 395984, 
        "date": "2013-09-30", 
        "operating_revenue": 454912, 
        "short_term_average": 466753
    }, 
    {
        "accumulated_operating_revenue_yoy": 0.838416212335763, 
        "accumulated_operating_revenue": 4139539, 
        "long_term_average": 409045, 
        "date": "2013-10-31", 
        "operating_revenue": 539082, 
        "short_term_average": 495513
    }, 
    {
        "accumulated_operating_revenue_yoy": 2.530001602522312, 
        "accumulated_operating_revenue": 4600190, 
        "long_term_average": 415636, 
        "date": "2013-11-30", 
        "operating_revenue": 460651, 
        "short_term_average": 484881
    }, 
    {
        "accumulated_operating_revenue_yoy": 2.0763124107275117, 
        "accumulated_operating_revenue": 4975324, 
        "long_term_average": 414610, 
        "date": "2013-12-31", 
        "operating_revenue": 375134, 
        "short_term_average": 458289
    }, 
    {
        "accumulated_operating_revenue_yoy": 25.368698531258794, 
        "accumulated_operating_revenue": 414242, 
        "long_term_average": 421595, 
        "date": "2014-01-31", 
        "operating_revenue": 414242, 
        "short_term_average": 416675
    }, 
    {
        "accumulated_operating_revenue_yoy": 35.0359919016258, 
        "accumulated_operating_revenue": 859735, 
        "long_term_average": 433199, 
        "date": "2014-02-28", 
        "operating_revenue": 445493, 
        "short_term_average": 411623
    }, 
    {
        "accumulated_operating_revenue_yoy": 34.45784678429049, 
        "accumulated_operating_revenue": 1341334, 
        "long_term_average": 443255, 
        "date": "2014-03-31", 
        "operating_revenue": 481599, 
        "short_term_average": 447111
    }, 
    {
        "accumulated_operating_revenue_yoy": 29.764338392918262, 
        "accumulated_operating_revenue": 1800863, 
        "long_term_average": 449032, 
        "date": "2014-04-30", 
        "operating_revenue": 459529, 
        "short_term_average": 462207
    }, 
    {
        "accumulated_operating_revenue_yoy": 33.42174437608069, 
        "accumulated_operating_revenue": 2307928, 
        "long_term_average": 462787, 
        "date": "2014-05-31", 
        "operating_revenue": 507065, 
        "short_term_average": 482731
    }, 
    {
        "accumulated_operating_revenue_yoy": 30.795256422609622, 
        "accumulated_operating_revenue": 2877752, 
        "long_term_average": 471073, 
        "date": "2014-06-30", 
        "operating_revenue": 569824, 
        "short_term_average": 512139
    }, 
    {
        "accumulated_operating_revenue_yoy": 28.618243497926876, 
        "accumulated_operating_revenue": 3412242, 
        "long_term_average": 477880, 
        "date": "2014-07-31", 
        "operating_revenue": 534490, 
        "short_term_average": 537126
    }, 
    {
        "accumulated_operating_revenue_yoy": 25.94749081637681, 
        "accumulated_operating_revenue": 3961735, 
        "long_term_average": 482626, 
        "date": "2014-08-31", 
        "operating_revenue": 549493, 
        "short_term_average": 551269
    }, 
    {
        "accumulated_operating_revenue_yoy": 25.269597720511587, 
        "accumulated_operating_revenue": 4510278, 
        "long_term_average": 490428, 
        "date": "2014-09-30", 
        "operating_revenue": 548543, 
        "short_term_average": 544175
    }, 
    {
        "accumulated_operating_revenue_yoy": 21.523193766262377, 
        "accumulated_operating_revenue": 5030500, 
        "long_term_average": 488857, 
        "date": "2014-10-31", 
        "operating_revenue": 520222, 
        "short_term_average": 539419
    }, 
    {
        "accumulated_operating_revenue_yoy": 21.574174110199795, 
        "accumulated_operating_revenue": 5592643, 
        "long_term_average": 497314, 
        "date": "2014-11-30", 
        "operating_revenue": 562143, 
        "short_term_average": 543636
    }, 
    {
        "accumulated_operating_revenue_yoy": 24.28941311158831, 
        "accumulated_operating_revenue": 6183801, 
        "long_term_average": 515316, 
        "date": "2014-12-31", 
        "operating_revenue": 591158, 
        "short_term_average": 557841
    }, 
    {
        "accumulated_operating_revenue_yoy": 30.683272096986787, 
        "accumulated_operating_revenue": 541345, 
        "long_term_average": 525908, 
        "date": "2015-01-31", 
        "operating_revenue": 541345, 
        "short_term_average": 564882
    }, 
    {
        "accumulated_operating_revenue_yoy": 25.078890588378975, 
        "accumulated_operating_revenue": 1075347, 
        "long_term_average": 533284, 
        "date": "2015-02-28", 
        "operating_revenue": 534002, 
        "short_term_average": 555501
    }, 
    {
        "accumulated_operating_revenue_yoy": 29.649363991369786, 
        "accumulated_operating_revenue": 1739031, 
        "long_term_average": 548458, 
        "date": "2015-03-31", 
        "operating_revenue": 663684, 
        "short_term_average": 579677
    }, 
    {
        "accumulated_operating_revenue_yoy": 29.819425464346814, 
        "accumulated_operating_revenue": 2337870, 
        "long_term_average": 560067, 
        "date": "2015-04-30", 
        "operating_revenue": 598839, 
        "short_term_average": 598841
    }, 
    {
        "accumulated_operating_revenue_yoy": 30.932464097666823, 
        "accumulated_operating_revenue": 3021827, 
        "long_term_average": 574808, 
        "date": "2015-05-31", 
        "operating_revenue": 683957, 
        "short_term_average": 648826
    }, 
    {
        "accumulated_operating_revenue_yoy": 28.163997453567923, 
        "accumulated_operating_revenue": 3688242, 
        "long_term_average": 582857, 
        "date": "2015-06-30", 
        "operating_revenue": 666415, 
        "short_term_average": 649737
    }, 
    {
        "accumulated_operating_revenue_yoy": 28.965794336978444, 
        "accumulated_operating_revenue": 4400625, 
        "long_term_average": 597682, 
        "date": "2015-07-31", 
        "operating_revenue": 712383, 
        "short_term_average": 687585
    }, 
    {
        "accumulated_operating_revenue_yoy": 28.84690672142382, 
        "accumulated_operating_revenue": 5104573, 
        "long_term_average": 610553, 
        "date": "2015-08-31", 
        "operating_revenue": 703948, 
        "short_term_average": 694248
    }, 
    {
        "accumulated_operating_revenue_yoy": 28.74581123380865, 
        "accumulated_operating_revenue": 5806794, 
        "long_term_average": 623359, 
        "date": "2015-09-30", 
        "operating_revenue": 702221, 
        "short_term_average": 706184
    }
]