[
    {
        "date": "2012-01-31", 
        "operating_revenue": 75901, 
        "accumulated_operating_revenue": 75901, 
        "long_term_average": 75901, 
        "short_term_average": 75901
    }, 
    {
        "date": "2012-02-29", 
        "operating_revenue": 82922, 
        "accumulated_operating_revenue": 158823, 
        "long_term_average": 79411, 
        "short_term_average": 79411
    }, 
    {
        "date": "2012-03-31", 
        "operating_revenue": 94510, 
        "accumulated_operating_revenue": 253333, 
        "long_term_average": 84444, 
        "short_term_average": 84444
    }, 
    {
        "date": "2012-04-30", 
        "operating_revenue": 92885, 
        "accumulated_operating_revenue": 346218, 
        "long_term_average": 86554, 
        "short_term_average": 90105
    }, 
    {
        "date": "2012-05-31", 
        "operating_revenue": 95113, 
        "accumulated_operating_revenue": 441331, 
        "long_term_average": 88266, 
        "short_term_average": 94169
    }, 
    {
        "date": "2012-06-30", 
        "operating_revenue": 93484, 
        "accumulated_operating_revenue": 534815, 
        "long_term_average": 89135, 
        "short_term_average": 93827
    }, 
    {
        "date": "2012-07-31", 
        "operating_revenue": 86190, 
        "accumulated_operating_revenue": 621005, 
        "long_term_average": 88715, 
        "short_term_average": 91595
    }, 
    {
        "date": "2012-08-31", 
        "operating_revenue": 80811, 
        "accumulated_operating_revenue": 701816, 
        "long_term_average": 87727, 
        "short_term_average": 86828
    }, 
    {
        "date": "2012-09-30", 
        "operating_revenue": 83458, 
        "accumulated_operating_revenue": 785274, 
        "long_term_average": 87252, 
        "short_term_average": 83486
    }, 
    {
        "date": "2012-10-31", 
        "operating_revenue": 84296, 
        "accumulated_operating_revenue": 869570, 
        "long_term_average": 86957, 
        "short_term_average": 82855
    }, 
    {
        "date": "2012-11-30", 
        "operating_revenue": 85872, 
        "accumulated_operating_revenue": 955442, 
        "long_term_average": 86858, 
        "short_term_average": 84542
    }, 
    {
        "date": "2012-12-31", 
        "operating_revenue": 89001, 
        "accumulated_operating_revenue": 1044443, 
        "long_term_average": 87036, 
        "short_term_average": 86389
    }, 
    {
        "accumulated_operating_revenue_yoy": 10.945837340746499, 
        "accumulated_operating_revenue": 84209, 
        "long_term_average": 87729, 
        "date": "2013-01-31", 
        "operating_revenue": 84209, 
        "short_term_average": 86360
    }, 
    {
        "accumulated_operating_revenue_yoy": 2.3334151854580254, 
        "accumulated_operating_revenue": 162529, 
        "long_term_average": 87345, 
        "date": "2013-02-28", 
        "operating_revenue": 78320, 
        "short_term_average": 83843
    }, 
    {
        "accumulated_operating_revenue_yoy": -2.8823722136476495, 
        "accumulated_operating_revenue": 246031, 
        "long_term_average": 86428, 
        "date": "2013-03-31", 
        "operating_revenue": 83502, 
        "short_term_average": 82010
    }, 
    {
        "accumulated_operating_revenue_yoy": -2.514311791992329, 
        "accumulated_operating_revenue": 337513, 
        "long_term_average": 86311, 
        "date": "2013-04-30", 
        "operating_revenue": 91482, 
        "short_term_average": 84434
    }, 
    {
        "accumulated_operating_revenue_yoy": -0.05370119026309051, 
        "accumulated_operating_revenue": 441094, 
        "long_term_average": 87017, 
        "date": "2013-05-31", 
        "operating_revenue": 103581, 
        "short_term_average": 92855
    }, 
    {
        "accumulated_operating_revenue_yoy": 0.24120490262988137, 
        "accumulated_operating_revenue": 536105, 
        "long_term_average": 87144, 
        "date": "2013-06-30", 
        "operating_revenue": 95011, 
        "short_term_average": 96691
    }, 
    {
        "accumulated_operating_revenue_yoy": 2.082269869002665, 
        "accumulated_operating_revenue": 633936, 
        "long_term_average": 88114, 
        "date": "2013-07-31", 
        "operating_revenue": 97831, 
        "short_term_average": 98807
    }, 
    {
        "accumulated_operating_revenue_yoy": 3.5455162036773173, 
        "accumulated_operating_revenue": 726699, 
        "long_term_average": 89110, 
        "date": "2013-08-31", 
        "operating_revenue": 92763, 
        "short_term_average": 95201
    }, 
    {
        "accumulated_operating_revenue_yoy": 4.327534083644689, 
        "accumulated_operating_revenue": 819257, 
        "long_term_average": 89868, 
        "date": "2013-09-30", 
        "operating_revenue": 92558, 
        "short_term_average": 94384
    }, 
    {
        "accumulated_operating_revenue_yoy": 4.8034085812528025, 
        "accumulated_operating_revenue": 911339, 
        "long_term_average": 90517, 
        "date": "2013-10-31", 
        "operating_revenue": 92082, 
        "short_term_average": 92467
    }, 
    {
        "accumulated_operating_revenue_yoy": 3.8005446693781515, 
        "accumulated_operating_revenue": 991754, 
        "long_term_average": 90062, 
        "date": "2013-11-30", 
        "operating_revenue": 80415, 
        "short_term_average": 88351
    }, 
    {
        "accumulated_operating_revenue_yoy": 2.877706107465893, 
        "accumulated_operating_revenue": 1074499, 
        "long_term_average": 89541, 
        "date": "2013-12-31", 
        "operating_revenue": 82745, 
        "short_term_average": 85080
    }, 
    {
        "accumulated_operating_revenue_yoy": -9.453858851191677, 
        "accumulated_operating_revenue": 76248, 
        "long_term_average": 88878, 
        "date": "2014-01-31", 
        "operating_revenue": 76248, 
        "short_term_average": 79802
    }, 
    {
        "accumulated_operating_revenue_yoy": -5.603922992204468, 
        "accumulated_operating_revenue": 153421, 
        "long_term_average": 88782, 
        "date": "2014-02-28", 
        "operating_revenue": 77173, 
        "short_term_average": 78722
    }, 
    {
        "accumulated_operating_revenue_yoy": -3.497933187281278, 
        "accumulated_operating_revenue": 237425, 
        "long_term_average": 88824, 
        "date": "2014-03-31", 
        "operating_revenue": 84004, 
        "short_term_average": 79141
    }, 
    {
        "accumulated_operating_revenue_yoy": -3.34653776298987, 
        "accumulated_operating_revenue": 326218, 
        "long_term_average": 88600, 
        "date": "2014-04-30", 
        "operating_revenue": 88793, 
        "short_term_average": 83323
    }, 
    {
        "accumulated_operating_revenue_yoy": -4.6246378322987844, 
        "accumulated_operating_revenue": 420695, 
        "long_term_average": 87841, 
        "date": "2014-05-31", 
        "operating_revenue": 94477, 
        "short_term_average": 89091
    }, 
    {
        "accumulated_operating_revenue_yoy": -0.915119239701178, 
        "accumulated_operating_revenue": 531199, 
        "long_term_average": 89132, 
        "date": "2014-06-30", 
        "operating_revenue": 110504, 
        "short_term_average": 97924
    }, 
    {
        "accumulated_operating_revenue_yoy": 4.315735342368946, 
        "accumulated_operating_revenue": 661295, 
        "long_term_average": 91821, 
        "date": "2014-07-31", 
        "operating_revenue": 130096, 
        "short_term_average": 111692
    }, 
    {
        "accumulated_operating_revenue_yoy": 9.227479327754683, 
        "accumulated_operating_revenue": 793755, 
        "long_term_average": 95129, 
        "date": "2014-08-31", 
        "operating_revenue": 132460, 
        "short_term_average": 124353
    }, 
    {
        "accumulated_operating_revenue_yoy": 13.590240913413007, 
        "accumulated_operating_revenue": 930596, 
        "long_term_average": 98819, 
        "date": "2014-09-30", 
        "operating_revenue": 136841, 
        "short_term_average": 133132
    }, 
    {
        "accumulated_operating_revenue_yoy": 17.198430002446948, 
        "accumulated_operating_revenue": 1068075, 
        "long_term_average": 102602, 
        "date": "2014-10-31", 
        "operating_revenue": 137479, 
        "short_term_average": 135593
    }, 
    {
        "accumulated_operating_revenue_yoy": 21.1190476670626, 
        "accumulated_operating_revenue": 1201203, 
        "long_term_average": 106995, 
        "date": "2014-11-30", 
        "operating_revenue": 133128, 
        "short_term_average": 135816
    }, 
    {
        "accumulated_operating_revenue_yoy": 23.805792280867642, 
        "accumulated_operating_revenue": 1330292, 
        "long_term_average": 110857, 
        "date": "2014-12-31", 
        "operating_revenue": 129089, 
        "short_term_average": 133232
    }, 
    {
        "accumulated_operating_revenue_yoy": 55.65785332074283, 
        "accumulated_operating_revenue": 118686, 
        "long_term_average": 114394, 
        "date": "2015-01-31", 
        "operating_revenue": 118686, 
        "short_term_average": 126967
    }, 
    {
        "accumulated_operating_revenue_yoy": 45.985230183612416, 
        "accumulated_operating_revenue": 223972, 
        "long_term_average": 116736, 
        "date": "2015-02-28", 
        "operating_revenue": 105286, 
        "short_term_average": 117687
    }, 
    {
        "accumulated_operating_revenue_yoy": 42.20743392650311, 
        "accumulated_operating_revenue": 337636, 
        "long_term_average": 119208, 
        "date": "2015-03-31", 
        "operating_revenue": 113664, 
        "short_term_average": 112545
    }, 
    {
        "accumulated_operating_revenue_yoy": 38.63306132708802, 
        "accumulated_operating_revenue": 452246, 
        "long_term_average": 121360, 
        "date": "2015-04-30", 
        "operating_revenue": 114610, 
        "short_term_average": 111186
    }, 
    {
        "accumulated_operating_revenue_yoy": 36.4442173070752, 
        "accumulated_operating_revenue": 574014, 
        "long_term_average": 123634, 
        "date": "2015-05-31", 
        "operating_revenue": 121768, 
        "short_term_average": 116680
    }, 
    {
        "accumulated_operating_revenue_yoy": 33.8244236152553, 
        "accumulated_operating_revenue": 710874, 
        "long_term_average": 125830, 
        "date": "2015-06-30", 
        "operating_revenue": 136860, 
        "short_term_average": 124412
    }, 
    {
        "accumulated_operating_revenue_yoy": 28.31323388200425, 
        "accumulated_operating_revenue": 848529, 
        "long_term_average": 126460, 
        "date": "2015-07-31", 
        "operating_revenue": 137655, 
        "short_term_average": 132094
    }, 
    {
        "accumulated_operating_revenue_yoy": 23.684890173920163, 
        "accumulated_operating_revenue": 981755, 
        "long_term_average": 126524, 
        "date": "2015-08-31", 
        "operating_revenue": 133226, 
        "short_term_average": 135913
    }, 
    {
        "accumulated_operating_revenue_yoy": 20.594113879707198, 
        "accumulated_operating_revenue": 1122244, 
        "long_term_average": 126828, 
        "date": "2015-09-30", 
        "operating_revenue": 140489, 
        "short_term_average": 137123
    }
]