[
    {
        "date": "2011-09-30", 
        "operating_revenue": 777882, 
        "accumulated_operating_revenue": 777882, 
        "long_term_average": 777882, 
        "short_term_average": 777882
    }, 
    {
        "date": "2011-10-31", 
        "operating_revenue": 776372, 
        "accumulated_operating_revenue": 1554254, 
        "long_term_average": 777127, 
        "short_term_average": 777127
    }, 
    {
        "date": "2011-11-30", 
        "operating_revenue": 418140, 
        "accumulated_operating_revenue": 1972394, 
        "long_term_average": 657464, 
        "short_term_average": 657464
    }, 
    {
        "date": "2011-12-31", 
        "operating_revenue": 223627, 
        "accumulated_operating_revenue": 2196021, 
        "long_term_average": 549005, 
        "short_term_average": 472713
    }, 
    {
        "date": "2012-01-31", 
        "operating_revenue": 454919, 
        "accumulated_operating_revenue": 454919, 
        "long_term_average": 530188, 
        "short_term_average": 365562
    }, 
    {
        "date": "2012-02-29", 
        "operating_revenue": 541263, 
        "accumulated_operating_revenue": 996182, 
        "long_term_average": 532033, 
        "short_term_average": 406603
    }, 
    {
        "date": "2012-03-31", 
        "operating_revenue": 695749, 
        "accumulated_operating_revenue": 1691931, 
        "long_term_average": 555421, 
        "short_term_average": 563977
    }, 
    {
        "date": "2012-04-30", 
        "operating_revenue": 654044, 
        "accumulated_operating_revenue": 2345975, 
        "long_term_average": 567749, 
        "short_term_average": 630352
    }, 
    {
        "date": "2012-05-31", 
        "operating_revenue": 712832, 
        "accumulated_operating_revenue": 3058807, 
        "long_term_average": 583869, 
        "short_term_average": 687541
    }, 
    {
        "date": "2012-06-30", 
        "operating_revenue": 820961, 
        "accumulated_operating_revenue": 3879768, 
        "long_term_average": 607578, 
        "short_term_average": 729279
    }, 
    {
        "date": "2012-07-31", 
        "operating_revenue": 548846, 
        "accumulated_operating_revenue": 4428614, 
        "long_term_average": 602239, 
        "short_term_average": 694213
    }, 
    {
        "date": "2012-08-31", 
        "operating_revenue": 426186, 
        "accumulated_operating_revenue": 4854800, 
        "long_term_average": 587568, 
        "short_term_average": 598664
    }, 
    {
        "accumulated_operating_revenue_yoy": 563.6608123082935, 
        "accumulated_operating_revenue": 5162498, 
        "long_term_average": 548386, 
        "date": "2012-09-30", 
        "operating_revenue": 307698, 
        "short_term_average": 427576
    }, 
    {
        "accumulated_operating_revenue_yoy": 256.6660275604888, 
        "accumulated_operating_revenue": 5543496, 
        "long_term_average": 515438, 
        "date": "2012-10-31", 
        "operating_revenue": 380998, 
        "short_term_average": 371627
    }, 
    {
        "accumulated_operating_revenue_yoy": 202.92340171385638, 
        "accumulated_operating_revenue": 5974843, 
        "long_term_average": 516539, 
        "date": "2012-11-30", 
        "operating_revenue": 431347, 
        "short_term_average": 373347
    }, 
    {
        "accumulated_operating_revenue_yoy": 180.72336284580157, 
        "accumulated_operating_revenue": 6164744, 
        "long_term_average": 513728, 
        "date": "2012-12-31", 
        "operating_revenue": 189901, 
        "short_term_average": 334082
    }, 
    {
        "accumulated_operating_revenue_yoy": -27.462471341051923, 
        "accumulated_operating_revenue": 329987, 
        "long_term_average": 503317, 
        "date": "2013-01-31", 
        "operating_revenue": 329987, 
        "short_term_average": 317078
    }, 
    {
        "accumulated_operating_revenue_yoy": -30.309722520583588, 
        "accumulated_operating_revenue": 694242, 
        "long_term_average": 488567, 
        "date": "2013-02-28", 
        "operating_revenue": 364255, 
        "short_term_average": 294714
    }, 
    {
        "accumulated_operating_revenue_yoy": -34.51027258203792, 
        "accumulated_operating_revenue": 1108041, 
        "long_term_average": 465071, 
        "date": "2013-03-31", 
        "operating_revenue": 413799, 
        "short_term_average": 369347
    }, 
    {
        "accumulated_operating_revenue_yoy": -31.439422841249375, 
        "accumulated_operating_revenue": 1608414, 
        "long_term_average": 452265, 
        "date": "2013-04-30", 
        "operating_revenue": 500373, 
        "short_term_average": 426142
    }, 
    {
        "accumulated_operating_revenue_yoy": -29.70370474501987, 
        "accumulated_operating_revenue": 2150228, 
        "long_term_average": 438013, 
        "date": "2013-05-31", 
        "operating_revenue": 541814, 
        "short_term_average": 485328
    }, 
    {
        "accumulated_operating_revenue_yoy": -30.11958446999924, 
        "accumulated_operating_revenue": 2711198, 
        "long_term_average": 416347, 
        "date": "2013-06-30", 
        "operating_revenue": 560970, 
        "short_term_average": 534385
    }, 
    {
        "accumulated_operating_revenue_yoy": -24.534109317271724, 
        "accumulated_operating_revenue": 3342093, 
        "long_term_average": 423185, 
        "date": "2013-07-31", 
        "operating_revenue": 630895, 
        "short_term_average": 577893
    }, 
    {
        "accumulated_operating_revenue_yoy": -17.732759330971408, 
        "accumulated_operating_revenue": 3993910, 
        "long_term_average": 441987, 
        "date": "2013-08-31", 
        "operating_revenue": 651817, 
        "short_term_average": 614560
    }, 
    {
        "accumulated_operating_revenue_yoy": -9.062473244541692, 
        "accumulated_operating_revenue": 4694648, 
        "long_term_average": 474741, 
        "date": "2013-09-30", 
        "operating_revenue": 700738, 
        "short_term_average": 661150
    }, 
    {
        "accumulated_operating_revenue_yoy": -2.494544958632603, 
        "accumulated_operating_revenue": 5405211, 
        "long_term_average": 502204, 
        "date": "2013-10-31", 
        "operating_revenue": 710563, 
        "short_term_average": 687706
    }, 
    {
        "accumulated_operating_revenue_yoy": 4.4843521411357585, 
        "accumulated_operating_revenue": 6242776, 
        "long_term_average": 536056, 
        "date": "2013-11-30", 
        "operating_revenue": 837565, 
        "short_term_average": 749622
    }, 
    {
        "accumulated_operating_revenue_yoy": 13.884437050427398, 
        "accumulated_operating_revenue": 7020684, 
        "long_term_average": 585057, 
        "date": "2013-12-31", 
        "operating_revenue": 777908, 
        "short_term_average": 775345
    }, 
    {
        "accumulated_operating_revenue_yoy": 159.84538784861223, 
        "accumulated_operating_revenue": 857456, 
        "long_term_average": 629012, 
        "date": "2014-01-31", 
        "operating_revenue": 857456, 
        "short_term_average": 824309
    }, 
    {
        "accumulated_operating_revenue_yoy": 149.94670446328513, 
        "accumulated_operating_revenue": 1735235, 
        "long_term_average": 671806, 
        "date": "2014-02-28", 
        "operating_revenue": 877779, 
        "short_term_average": 837714
    }, 
    {
        "accumulated_operating_revenue_yoy": 139.67741265891786, 
        "accumulated_operating_revenue": 2655724, 
        "long_term_average": 714030, 
        "date": "2014-03-31", 
        "operating_revenue": 920489, 
        "short_term_average": 885241
    }, 
    {
        "accumulated_operating_revenue_yoy": 122.56508585476126, 
        "accumulated_operating_revenue": 3579768, 
        "long_term_average": 749336, 
        "date": "2014-04-30", 
        "operating_revenue": 924044, 
        "short_term_average": 907437
    }, 
    {
        "accumulated_operating_revenue_yoy": 109.79156628971441, 
        "accumulated_operating_revenue": 4510997, 
        "long_term_average": 781787, 
        "date": "2014-05-31", 
        "operating_revenue": 931229, 
        "short_term_average": 925254
    }, 
    {
        "accumulated_operating_revenue_yoy": 96.95876140363042, 
        "accumulated_operating_revenue": 5339942, 
        "long_term_average": 804119, 
        "date": "2014-06-30", 
        "operating_revenue": 828945, 
        "short_term_average": 894739
    }, 
    {
        "accumulated_operating_revenue_yoy": 77.04396616132465, 
        "accumulated_operating_revenue": 5916974, 
        "long_term_average": 799630, 
        "date": "2014-07-31", 
        "operating_revenue": 577032, 
        "short_term_average": 779068
    }, 
    {
        "accumulated_operating_revenue_yoy": 65.4647200362552, 
        "accumulated_operating_revenue": 6608512, 
        "long_term_average": 802940, 
        "date": "2014-08-31", 
        "operating_revenue": 691538, 
        "short_term_average": 699171
    }, 
    {
        "accumulated_operating_revenue_yoy": 55.724241732287496, 
        "accumulated_operating_revenue": 7310705, 
        "long_term_average": 803061, 
        "date": "2014-09-30", 
        "operating_revenue": 702193, 
        "short_term_average": 656921
    }, 
    {
        "accumulated_operating_revenue_yoy": 47.290697809946735, 
        "accumulated_operating_revenue": 7961373, 
        "long_term_average": 798070, 
        "date": "2014-10-31", 
        "operating_revenue": 650668, 
        "short_term_average": 681466
    }, 
    {
        "accumulated_operating_revenue_yoy": 41.96021129061815, 
        "accumulated_operating_revenue": 8862258, 
        "long_term_average": 803347, 
        "date": "2014-11-30", 
        "operating_revenue": 900885, 
        "short_term_average": 751248
    }, 
    {
        "accumulated_operating_revenue_yoy": 37.94692938750697, 
        "accumulated_operating_revenue": 9684818, 
        "long_term_average": 807068, 
        "date": "2014-12-31", 
        "operating_revenue": 822560, 
        "short_term_average": 791371
    }, 
    {
        "accumulated_operating_revenue_yoy": -3.6133632512921947, 
        "accumulated_operating_revenue": 826473, 
        "long_term_average": 804486, 
        "date": "2015-01-31", 
        "operating_revenue": 826473, 
        "short_term_average": 849972
    }, 
    {
        "accumulated_operating_revenue_yoy": -18.85807974136068, 
        "accumulated_operating_revenue": 1408003, 
        "long_term_average": 779798, 
        "date": "2015-02-28", 
        "operating_revenue": 581530, 
        "short_term_average": 743521
    }, 
    {
        "accumulated_operating_revenue_yoy": -28.043313235863366, 
        "accumulated_operating_revenue": 1910971, 
        "long_term_average": 745005, 
        "date": "2015-03-31", 
        "operating_revenue": 502968, 
        "short_term_average": 636990
    }, 
    {
        "accumulated_operating_revenue_yoy": -29.897412346274955, 
        "accumulated_operating_revenue": 2509510, 
        "long_term_average": 717880, 
        "date": "2015-04-30", 
        "operating_revenue": 598539, 
        "short_term_average": 561012
    }, 
    {
        "accumulated_operating_revenue_yoy": -28.67878209628603, 
        "accumulated_operating_revenue": 3217298, 
        "long_term_average": 699259, 
        "date": "2015-05-31", 
        "operating_revenue": 707788, 
        "short_term_average": 603098
    }, 
    {
        "accumulated_operating_revenue_yoy": -21.384651743408448, 
        "accumulated_operating_revenue": 4198014, 
        "long_term_average": 711907, 
        "date": "2015-06-30", 
        "operating_revenue": 980716, 
        "short_term_average": 762347
    }, 
    {
        "accumulated_operating_revenue_yoy": -14.213430716443911, 
        "accumulated_operating_revenue": 5075969, 
        "long_term_average": 736984, 
        "date": "2015-07-31", 
        "operating_revenue": 877955, 
        "short_term_average": 855486
    }, 
    {
        "accumulated_operating_revenue_yoy": -7.079021722287862, 
        "accumulated_operating_revenue": 6140694, 
        "long_term_average": 768083, 
        "date": "2015-08-31", 
        "operating_revenue": 1064725, 
        "short_term_average": 974465
    }, 
    {
        "accumulated_operating_revenue_yoy": -2.9783037340448013, 
        "accumulated_operating_revenue": 7092970, 
        "long_term_average": 788923, 
        "date": "2015-09-30", 
        "operating_revenue": 952276, 
        "short_term_average": 964985
    }
]