[
    {
        "date": "2012-01-31", 
        "operating_revenue": 16171, 
        "accumulated_operating_revenue": 16171, 
        "long_term_average": 16171, 
        "short_term_average": 16171
    }, 
    {
        "date": "2012-02-29", 
        "operating_revenue": 81446, 
        "accumulated_operating_revenue": 97617, 
        "long_term_average": 48808, 
        "short_term_average": 48808
    }, 
    {
        "date": "2012-03-31", 
        "operating_revenue": 75317, 
        "accumulated_operating_revenue": 172934, 
        "long_term_average": 57644, 
        "short_term_average": 57644
    }, 
    {
        "date": "2012-04-30", 
        "operating_revenue": 65366, 
        "accumulated_operating_revenue": 238300, 
        "long_term_average": 59575, 
        "short_term_average": 74043
    }, 
    {
        "date": "2012-05-31", 
        "operating_revenue": 34471, 
        "accumulated_operating_revenue": 272771, 
        "long_term_average": 54554, 
        "short_term_average": 58384
    }, 
    {
        "date": "2012-06-30", 
        "operating_revenue": 22373, 
        "accumulated_operating_revenue": 295144, 
        "long_term_average": 49190, 
        "short_term_average": 40736
    }, 
    {
        "date": "2012-07-31", 
        "operating_revenue": 3735, 
        "accumulated_operating_revenue": 298879, 
        "long_term_average": 42697, 
        "short_term_average": 20193
    }, 
    {
        "date": "2012-08-31", 
        "operating_revenue": 996, 
        "accumulated_operating_revenue": 299875, 
        "long_term_average": 37484, 
        "short_term_average": 9034
    }, 
    {
        "date": "2012-09-30", 
        "operating_revenue": 24366, 
        "accumulated_operating_revenue": 324241, 
        "long_term_average": 36026, 
        "short_term_average": 9699
    }, 
    {
        "date": "2012-10-31", 
        "operating_revenue": 7025, 
        "accumulated_operating_revenue": 331266, 
        "long_term_average": 33126, 
        "short_term_average": 10795
    }, 
    {
        "date": "2012-11-30", 
        "operating_revenue": 7259, 
        "accumulated_operating_revenue": 338525, 
        "long_term_average": 30775, 
        "short_term_average": 12883
    }, 
    {
        "date": "2012-12-31", 
        "operating_revenue": 9819, 
        "accumulated_operating_revenue": 348344, 
        "long_term_average": 29028, 
        "short_term_average": 8034
    }, 
    {
        "accumulated_operating_revenue_yoy": 35.73062890359285, 
        "accumulated_operating_revenue": 21949, 
        "long_term_average": 29510, 
        "date": "2013-01-31", 
        "operating_revenue": 21949, 
        "short_term_average": 13009
    }, 
    {
        "accumulated_operating_revenue_yoy": -59.596176895417805, 
        "accumulated_operating_revenue": 39441, 
        "long_term_average": 24180, 
        "date": "2013-02-28", 
        "operating_revenue": 17492, 
        "short_term_average": 16420
    }, 
    {
        "accumulated_operating_revenue_yoy": -65.79446494038189, 
        "accumulated_operating_revenue": 59153, 
        "long_term_average": 19546, 
        "date": "2013-03-31", 
        "operating_revenue": 19712, 
        "short_term_average": 19717
    }, 
    {
        "accumulated_operating_revenue_yoy": -61.50398657154847, 
        "accumulated_operating_revenue": 91736, 
        "long_term_average": 16815, 
        "date": "2013-04-30", 
        "operating_revenue": 32583, 
        "short_term_average": 23262
    }, 
    {
        "accumulated_operating_revenue_yoy": -50.88334170421342, 
        "accumulated_operating_revenue": 133976, 
        "long_term_average": 17462, 
        "date": "2013-05-31", 
        "operating_revenue": 42240, 
        "short_term_average": 31511
    }, 
    {
        "accumulated_operating_revenue_yoy": -34.78166589867996, 
        "accumulated_operating_revenue": 192488, 
        "long_term_average": 20474, 
        "date": "2013-06-30", 
        "operating_revenue": 58512, 
        "short_term_average": 44445
    }, 
    {
        "accumulated_operating_revenue_yoy": -33.928445959736216, 
        "accumulated_operating_revenue": 197474, 
        "long_term_average": 20578, 
        "date": "2013-07-31", 
        "operating_revenue": 4986, 
        "short_term_average": 35246
    }, 
    {
        "accumulated_operating_revenue_yoy": -5.4869528970404335, 
        "accumulated_operating_revenue": 283421, 
        "long_term_average": 27657, 
        "date": "2013-08-31", 
        "operating_revenue": 85947, 
        "short_term_average": 49815
    }, 
    {
        "accumulated_operating_revenue_yoy": 55.41063591587738, 
        "accumulated_operating_revenue": 503905, 
        "long_term_average": 44000, 
        "date": "2013-09-30", 
        "operating_revenue": 220484, 
        "short_term_average": 103805
    }, 
    {
        "accumulated_operating_revenue_yoy": 148.82300024753522, 
        "accumulated_operating_revenue": 824266, 
        "long_term_average": 70112, 
        "date": "2013-10-31", 
        "operating_revenue": 320361, 
        "short_term_average": 208930
    }, 
    {
        "accumulated_operating_revenue_yoy": 200.65076434532162, 
        "accumulated_operating_revenue": 1017778, 
        "long_term_average": 85633, 
        "date": "2013-11-30", 
        "operating_revenue": 193512, 
        "short_term_average": 244785
    }, 
    {
        "accumulated_operating_revenue_yoy": 286.55553131387364, 
        "accumulated_operating_revenue": 1346543, 
        "long_term_average": 112211, 
        "date": "2013-12-31", 
        "operating_revenue": 328765, 
        "short_term_average": 280879
    }, 
    {
        "accumulated_operating_revenue_yoy": 940.3708597202606, 
        "accumulated_operating_revenue": 228351, 
        "long_term_average": 129412, 
        "date": "2014-01-31", 
        "operating_revenue": 228351, 
        "short_term_average": 250209
    }, 
    {
        "accumulated_operating_revenue_yoy": 984.9572779594839, 
        "accumulated_operating_revenue": 427918, 
        "long_term_average": 144585, 
        "date": "2014-02-28", 
        "operating_revenue": 199567, 
        "short_term_average": 252227
    }, 
    {
        "accumulated_operating_revenue_yoy": 1015.7472993761938, 
        "accumulated_operating_revenue": 659998, 
        "long_term_average": 162282, 
        "date": "2014-03-31", 
        "operating_revenue": 232080, 
        "short_term_average": 219999
    }, 
    {
        "accumulated_operating_revenue_yoy": 934.0662335397226, 
        "accumulated_operating_revenue": 948611, 
        "long_term_average": 183618, 
        "date": "2014-04-30", 
        "operating_revenue": 288613, 
        "short_term_average": 240086
    }, 
    {
        "accumulated_operating_revenue_yoy": 768.6675225413506, 
        "accumulated_operating_revenue": 1163806, 
        "long_term_average": 198031, 
        "date": "2014-05-31", 
        "operating_revenue": 215195, 
        "short_term_average": 245296
    }, 
    {
        "accumulated_operating_revenue_yoy": 596.4522463738, 
        "accumulated_operating_revenue": 1340587, 
        "long_term_average": 207886, 
        "date": "2014-06-30", 
        "operating_revenue": 176781, 
        "short_term_average": 226863
    }, 
    {
        "accumulated_operating_revenue_yoy": 661.3285799649575, 
        "accumulated_operating_revenue": 1503426, 
        "long_term_average": 221041, 
        "date": "2014-07-31", 
        "operating_revenue": 162839, 
        "short_term_average": 184938
    }, 
    {
        "accumulated_operating_revenue_yoy": 467.8559457485507, 
        "accumulated_operating_revenue": 1609423, 
        "long_term_average": 222712, 
        "date": "2014-08-31", 
        "operating_revenue": 105997, 
        "short_term_average": 148539
    }, 
    {
        "accumulated_operating_revenue_yoy": 243.86164058701542, 
        "accumulated_operating_revenue": 1732736, 
        "long_term_average": 214614, 
        "date": "2014-09-30", 
        "operating_revenue": 123313, 
        "short_term_average": 130716
    }, 
    {
        "accumulated_operating_revenue_yoy": 122.57329551382685, 
        "accumulated_operating_revenue": 1834596, 
        "long_term_average": 196406, 
        "date": "2014-10-31", 
        "operating_revenue": 101860, 
        "short_term_average": 110390
    }, 
    {
        "accumulated_operating_revenue_yoy": 91.66458697279761, 
        "accumulated_operating_revenue": 1950720, 
        "long_term_average": 189957, 
        "date": "2014-11-30", 
        "operating_revenue": 116124, 
        "short_term_average": 113765
    }, 
    {
        "accumulated_operating_revenue_yoy": 50.61925241154571, 
        "accumulated_operating_revenue": 2028153, 
        "long_term_average": 169012, 
        "date": "2014-12-31", 
        "operating_revenue": 77433, 
        "short_term_average": 98472
    }, 
    {
        "accumulated_operating_revenue_yoy": -72.7314528948855, 
        "accumulated_operating_revenue": 62268, 
        "long_term_average": 155172, 
        "date": "2015-01-31", 
        "operating_revenue": 62268, 
        "short_term_average": 85275
    }, 
    {
        "accumulated_operating_revenue_yoy": -77.00470650919101, 
        "accumulated_operating_revenue": 98401, 
        "long_term_average": 141553, 
        "date": "2015-02-28", 
        "operating_revenue": 36133, 
        "short_term_average": 58611
    }, 
    {
        "accumulated_operating_revenue_yoy": -69.09854272285673, 
        "accumulated_operating_revenue": 203949, 
        "long_term_average": 131008, 
        "date": "2015-03-31", 
        "operating_revenue": 105548, 
        "short_term_average": 67983
    }, 
    {
        "accumulated_operating_revenue_yoy": -69.2809802964545, 
        "accumulated_operating_revenue": 291404, 
        "long_term_average": 114245, 
        "date": "2015-04-30", 
        "operating_revenue": 87455, 
        "short_term_average": 76378
    }, 
    {
        "accumulated_operating_revenue_yoy": -67.86577831700473, 
        "accumulated_operating_revenue": 373980, 
        "long_term_average": 103193, 
        "date": "2015-05-31", 
        "operating_revenue": 82576, 
        "short_term_average": 91859
    }, 
    {
        "accumulated_operating_revenue_yoy": -64.59409199104572, 
        "accumulated_operating_revenue": 474647, 
        "long_term_average": 96851, 
        "date": "2015-06-30", 
        "operating_revenue": 100667, 
        "short_term_average": 90232
    }, 
    {
        "accumulated_operating_revenue_yoy": -64.01931322193444, 
        "accumulated_operating_revenue": 540943, 
        "long_term_average": 88805, 
        "date": "2015-07-31", 
        "operating_revenue": 66296, 
        "short_term_average": 83179
    }, 
    {
        "accumulated_operating_revenue_yoy": -60.41842324858039, 
        "accumulated_operating_revenue": 637035, 
        "long_term_average": 87980, 
        "date": "2015-08-31", 
        "operating_revenue": 96092, 
        "short_term_average": 87685
    }, 
    {
        "accumulated_operating_revenue_yoy": -57.59717579596661, 
        "accumulated_operating_revenue": 734729, 
        "long_term_average": 85845, 
        "date": "2015-09-30", 
        "operating_revenue": 97694, 
        "short_term_average": 86694
    }
]