[
    {
        "date": "2012-01-31", 
        "operating_revenue": 22064, 
        "accumulated_operating_revenue": 22064, 
        "long_term_average": 22064, 
        "short_term_average": 22064
    }, 
    {
        "date": "2012-02-29", 
        "operating_revenue": 32695, 
        "accumulated_operating_revenue": 54759, 
        "long_term_average": 27379, 
        "short_term_average": 27379
    }, 
    {
        "date": "2012-03-31", 
        "operating_revenue": 39309, 
        "accumulated_operating_revenue": 94068, 
        "long_term_average": 31356, 
        "short_term_average": 31356
    }, 
    {
        "date": "2012-04-30", 
        "operating_revenue": 43889, 
        "accumulated_operating_revenue": 137957, 
        "long_term_average": 34489, 
        "short_term_average": 38631
    }, 
    {
        "date": "2012-05-31", 
        "operating_revenue": 37566, 
        "accumulated_operating_revenue": 175523, 
        "long_term_average": 35104, 
        "short_term_average": 40254
    }, 
    {
        "date": "2012-06-30", 
        "operating_revenue": 44643, 
        "accumulated_operating_revenue": 220166, 
        "long_term_average": 36694, 
        "short_term_average": 42032
    }, 
    {
        "date": "2012-07-31", 
        "operating_revenue": 48695, 
        "accumulated_operating_revenue": 268861, 
        "long_term_average": 38408, 
        "short_term_average": 43634
    }, 
    {
        "date": "2012-08-31", 
        "operating_revenue": 42124, 
        "accumulated_operating_revenue": 310985, 
        "long_term_average": 38873, 
        "short_term_average": 45154
    }, 
    {
        "date": "2012-09-30", 
        "operating_revenue": 43338, 
        "accumulated_operating_revenue": 354323, 
        "long_term_average": 39369, 
        "short_term_average": 44719
    }, 
    {
        "date": "2012-10-31", 
        "operating_revenue": 42832, 
        "accumulated_operating_revenue": 397155, 
        "long_term_average": 39715, 
        "short_term_average": 42764
    }, 
    {
        "date": "2012-11-30", 
        "operating_revenue": 40488, 
        "accumulated_operating_revenue": 437643, 
        "long_term_average": 39785, 
        "short_term_average": 42219
    }, 
    {
        "date": "2012-12-31", 
        "operating_revenue": 41784, 
        "accumulated_operating_revenue": 479427, 
        "long_term_average": 39952, 
        "short_term_average": 41701
    }, 
    {
        "accumulated_operating_revenue_yoy": 94.78335750543873, 
        "accumulated_operating_revenue": 42977, 
        "long_term_average": 41695, 
        "date": "2013-01-31", 
        "operating_revenue": 42977, 
        "short_term_average": 41749
    }, 
    {
        "accumulated_operating_revenue_yoy": 63.02342993845761, 
        "accumulated_operating_revenue": 89270, 
        "long_term_average": 42828, 
        "date": "2013-02-28", 
        "operating_revenue": 46293, 
        "short_term_average": 43684
    }, 
    {
        "accumulated_operating_revenue_yoy": 59.918356933282304, 
        "accumulated_operating_revenue": 150432, 
        "long_term_average": 44649, 
        "date": "2013-03-31", 
        "operating_revenue": 61162, 
        "short_term_average": 50144
    }, 
    {
        "accumulated_operating_revenue_yoy": 56.923534144697264, 
        "accumulated_operating_revenue": 216487, 
        "long_term_average": 46496, 
        "date": "2013-04-30", 
        "operating_revenue": 66055, 
        "short_term_average": 57836
    }, 
    {
        "accumulated_operating_revenue_yoy": 64.41036217475772, 
        "accumulated_operating_revenue": 288578, 
        "long_term_average": 49373, 
        "date": "2013-05-31", 
        "operating_revenue": 72091, 
        "short_term_average": 66436
    }, 
    {
        "accumulated_operating_revenue_yoy": 67.5385845225875, 
        "accumulated_operating_revenue": 368863, 
        "long_term_average": 52343, 
        "date": "2013-06-30", 
        "operating_revenue": 80285, 
        "short_term_average": 72810
    }, 
    {
        "accumulated_operating_revenue_yoy": 67.62416267141758, 
        "accumulated_operating_revenue": 450676, 
        "long_term_average": 55103, 
        "date": "2013-07-31", 
        "operating_revenue": 81813, 
        "short_term_average": 78063
    }, 
    {
        "accumulated_operating_revenue_yoy": 69.2994838979372, 
        "accumulated_operating_revenue": 526496, 
        "long_term_average": 57911, 
        "date": "2013-08-31", 
        "operating_revenue": 75820, 
        "short_term_average": 79306
    }, 
    {
        "accumulated_operating_revenue_yoy": 69.84389949283563, 
        "accumulated_operating_revenue": 601796, 
        "long_term_average": 60575, 
        "date": "2013-09-30", 
        "operating_revenue": 75300, 
        "short_term_average": 77644
    }, 
    {
        "accumulated_operating_revenue_yoy": 60.57786002945953, 
        "accumulated_operating_revenue": 637743, 
        "long_term_average": 60001, 
        "date": "2013-10-31", 
        "operating_revenue": 35947, 
        "short_term_average": 62355
    }, 
    {
        "accumulated_operating_revenue_yoy": 54.38770870321243, 
        "accumulated_operating_revenue": 675667, 
        "long_term_average": 59787, 
        "date": "2013-11-30", 
        "operating_revenue": 37924, 
        "short_term_average": 49723
    }, 
    {
        "accumulated_operating_revenue_yoy": 49.4999238674501, 
        "accumulated_operating_revenue": 716743, 
        "long_term_average": 59728, 
        "date": "2013-12-31", 
        "operating_revenue": 41076, 
        "short_term_average": 38315
    }, 
    {
        "accumulated_operating_revenue_yoy": 0.09074621309072295, 
        "accumulated_operating_revenue": 43016, 
        "long_term_average": 59731, 
        "date": "2014-01-31", 
        "operating_revenue": 43016, 
        "short_term_average": 40672
    }, 
    {
        "accumulated_operating_revenue_yoy": -2.5495687240954408, 
        "accumulated_operating_revenue": 86994, 
        "long_term_average": 59538, 
        "date": "2014-02-28", 
        "operating_revenue": 43978, 
        "short_term_average": 42690
    }, 
    {
        "accumulated_operating_revenue_yoy": -6.593676877260157, 
        "accumulated_operating_revenue": 140513, 
        "long_term_average": 58902, 
        "date": "2014-03-31", 
        "operating_revenue": 53519, 
        "short_term_average": 46837
    }, 
    {
        "accumulated_operating_revenue_yoy": -9.640763648625553, 
        "accumulated_operating_revenue": 195616, 
        "long_term_average": 57989, 
        "date": "2014-04-30", 
        "operating_revenue": 55103, 
        "short_term_average": 50866
    }, 
    {
        "accumulated_operating_revenue_yoy": -11.409740174233656, 
        "accumulated_operating_revenue": 255652, 
        "long_term_average": 56984, 
        "date": "2014-05-31", 
        "operating_revenue": 60036, 
        "short_term_average": 56219
    }, 
    {
        "accumulated_operating_revenue_yoy": -12.729929540235807, 
        "accumulated_operating_revenue": 321907, 
        "long_term_average": 55815, 
        "date": "2014-06-30", 
        "operating_revenue": 66255, 
        "short_term_average": 60464
    }, 
    {
        "accumulated_operating_revenue_yoy": -12.96674329229868, 
        "accumulated_operating_revenue": 392238, 
        "long_term_average": 54858, 
        "date": "2014-07-31", 
        "operating_revenue": 70331, 
        "short_term_average": 65540
    }, 
    {
        "accumulated_operating_revenue_yoy": -11.962294110496567, 
        "accumulated_operating_revenue": 463515, 
        "long_term_average": 54480, 
        "date": "2014-08-31", 
        "operating_revenue": 71277, 
        "short_term_average": 69287
    }, 
    {
        "accumulated_operating_revenue_yoy": -12.547441325631942, 
        "accumulated_operating_revenue": 526286, 
        "long_term_average": 53436, 
        "date": "2014-09-30", 
        "operating_revenue": 62771, 
        "short_term_average": 68126
    }, 
    {
        "accumulated_operating_revenue_yoy": -10.811251554309495, 
        "accumulated_operating_revenue": 568795, 
        "long_term_average": 53982, 
        "date": "2014-10-31", 
        "operating_revenue": 42509, 
        "short_term_average": 58852
    }, 
    {
        "accumulated_operating_revenue_yoy": -9.0763645405207, 
        "accumulated_operating_revenue": 614341, 
        "long_term_average": 54618, 
        "date": "2014-11-30", 
        "operating_revenue": 45546, 
        "short_term_average": 50275
    }, 
    {
        "accumulated_operating_revenue_yoy": -8.751951536324736, 
        "accumulated_operating_revenue": 654014, 
        "long_term_average": 54501, 
        "date": "2014-12-31", 
        "operating_revenue": 39673, 
        "short_term_average": 42576
    }, 
    {
        "accumulated_operating_revenue_yoy": -1.4692207550678817, 
        "accumulated_operating_revenue": 42384, 
        "long_term_average": 54448, 
        "date": "2015-01-31", 
        "operating_revenue": 42384, 
        "short_term_average": 42534
    }, 
    {
        "accumulated_operating_revenue_yoy": -0.32301078235280595, 
        "accumulated_operating_revenue": 86713, 
        "long_term_average": 54477, 
        "date": "2015-02-28", 
        "operating_revenue": 44329, 
        "short_term_average": 42128
    }, 
    {
        "accumulated_operating_revenue_yoy": 0.14447061837694733, 
        "accumulated_operating_revenue": 140716, 
        "long_term_average": 54518, 
        "date": "2015-03-31", 
        "operating_revenue": 54003, 
        "short_term_average": 46905
    }, 
    {
        "accumulated_operating_revenue_yoy": -0.49382463602159327, 
        "accumulated_operating_revenue": 194650, 
        "long_term_average": 54420, 
        "date": "2015-04-30", 
        "operating_revenue": 53934, 
        "short_term_average": 50755
    }, 
    {
        "accumulated_operating_revenue_yoy": -1.0807660413374431, 
        "accumulated_operating_revenue": 252889, 
        "long_term_average": 54270, 
        "date": "2015-05-31", 
        "operating_revenue": 58239, 
        "short_term_average": 55392
    }, 
    {
        "accumulated_operating_revenue_yoy": -1.2472546418686141, 
        "accumulated_operating_revenue": 317892, 
        "long_term_average": 54166, 
        "date": "2015-06-30", 
        "operating_revenue": 65003, 
        "short_term_average": 59058
    }, 
    {
        "accumulated_operating_revenue_yoy": -2.3503587107827393, 
        "accumulated_operating_revenue": 383019, 
        "long_term_average": 53732, 
        "date": "2015-07-31", 
        "operating_revenue": 65127, 
        "short_term_average": 62789
    }, 
    {
        "accumulated_operating_revenue_yoy": -5.2623971176768825, 
        "accumulated_operating_revenue": 439123, 
        "long_term_average": 52468, 
        "date": "2015-08-31", 
        "operating_revenue": 56104, 
        "short_term_average": 62078
    }, 
    {
        "accumulated_operating_revenue_yoy": -7.643372614890002, 
        "accumulated_operating_revenue": 486060, 
        "long_term_average": 51149, 
        "date": "2015-09-30", 
        "operating_revenue": 46937, 
        "short_term_average": 56056
    }
]