[
    {
        "date": "2012-01-31", 
        "operating_revenue": 42643, 
        "accumulated_operating_revenue": 42643, 
        "long_term_average": 42643, 
        "short_term_average": 42643
    }, 
    {
        "date": "2012-02-29", 
        "operating_revenue": 47920, 
        "accumulated_operating_revenue": 90563, 
        "long_term_average": 45281, 
        "short_term_average": 45281
    }, 
    {
        "date": "2012-03-31", 
        "operating_revenue": 65366, 
        "accumulated_operating_revenue": 155929, 
        "long_term_average": 51976, 
        "short_term_average": 51976
    }, 
    {
        "date": "2012-04-30", 
        "operating_revenue": 46513, 
        "accumulated_operating_revenue": 202442, 
        "long_term_average": 50610, 
        "short_term_average": 53266
    }, 
    {
        "date": "2012-05-31", 
        "operating_revenue": 80763, 
        "accumulated_operating_revenue": 283205, 
        "long_term_average": 56641, 
        "short_term_average": 64214
    }, 
    {
        "date": "2012-06-30", 
        "operating_revenue": 58592, 
        "accumulated_operating_revenue": 341797, 
        "long_term_average": 56966, 
        "short_term_average": 61956
    }, 
    {
        "date": "2012-07-31", 
        "operating_revenue": 77143, 
        "accumulated_operating_revenue": 418940, 
        "long_term_average": 59848, 
        "short_term_average": 72166
    }, 
    {
        "date": "2012-08-31", 
        "operating_revenue": 79219, 
        "accumulated_operating_revenue": 498159, 
        "long_term_average": 62269, 
        "short_term_average": 71651
    }, 
    {
        "date": "2012-09-30", 
        "operating_revenue": 83791, 
        "accumulated_operating_revenue": 581950, 
        "long_term_average": 64661, 
        "short_term_average": 80051
    }, 
    {
        "date": "2012-10-31", 
        "operating_revenue": 90335, 
        "accumulated_operating_revenue": 672285, 
        "long_term_average": 67228, 
        "short_term_average": 84448
    }, 
    {
        "date": "2012-11-30", 
        "operating_revenue": 81512, 
        "accumulated_operating_revenue": 753797, 
        "long_term_average": 68527, 
        "short_term_average": 85212
    }, 
    {
        "date": "2012-12-31", 
        "operating_revenue": 122080, 
        "accumulated_operating_revenue": 875877, 
        "long_term_average": 72989, 
        "short_term_average": 97975
    }, 
    {
        "accumulated_operating_revenue_yoy": 74.60544520788875, 
        "accumulated_operating_revenue": 74457, 
        "long_term_average": 75640, 
        "date": "2013-01-31", 
        "operating_revenue": 74457, 
        "short_term_average": 92683
    }, 
    {
        "accumulated_operating_revenue_yoy": 46.15461060256396, 
        "accumulated_operating_revenue": 132362, 
        "long_term_average": 76473, 
        "date": "2013-02-28", 
        "operating_revenue": 57905, 
        "short_term_average": 84814
    }, 
    {
        "accumulated_operating_revenue_yoy": 44.27720308601992, 
        "accumulated_operating_revenue": 224970, 
        "long_term_average": 78743, 
        "date": "2013-03-31", 
        "operating_revenue": 92608, 
        "short_term_average": 74990
    }, 
    {
        "accumulated_operating_revenue_yoy": 55.12245482656761, 
        "accumulated_operating_revenue": 314033, 
        "long_term_average": 82289, 
        "date": "2013-04-30", 
        "operating_revenue": 89063, 
        "short_term_average": 79858
    }, 
    {
        "accumulated_operating_revenue_yoy": 40.85344538408574, 
        "accumulated_operating_revenue": 398904, 
        "long_term_average": 82631, 
        "date": "2013-05-31", 
        "operating_revenue": 84871, 
        "short_term_average": 88847
    }, 
    {
        "accumulated_operating_revenue_yoy": 37.94123412434866, 
        "accumulated_operating_revenue": 471479, 
        "long_term_average": 83796, 
        "date": "2013-06-30", 
        "operating_revenue": 72575, 
        "short_term_average": 82169
    }, 
    {
        "accumulated_operating_revenue_yoy": 27.551439346923186, 
        "accumulated_operating_revenue": 534364, 
        "long_term_average": 82608, 
        "date": "2013-07-31", 
        "operating_revenue": 62885, 
        "short_term_average": 73443
    }, 
    {
        "accumulated_operating_revenue_yoy": 22.797942022526943, 
        "accumulated_operating_revenue": 611729, 
        "long_term_average": 82453, 
        "date": "2013-08-31", 
        "operating_revenue": 77365, 
        "short_term_average": 70941
    }, 
    {
        "accumulated_operating_revenue_yoy": 16.98066844230604, 
        "accumulated_operating_revenue": 680769, 
        "long_term_average": 81224, 
        "date": "2013-09-30", 
        "operating_revenue": 69040, 
        "short_term_average": 69763
    }, 
    {
        "accumulated_operating_revenue_yoy": 12.749801051637327, 
        "accumulated_operating_revenue": 758000, 
        "long_term_average": 80132, 
        "date": "2013-10-31", 
        "operating_revenue": 77231, 
        "short_term_average": 74545
    }, 
    {
        "accumulated_operating_revenue_yoy": 14.44234986342477, 
        "accumulated_operating_revenue": 862663, 
        "long_term_average": 82061, 
        "date": "2013-11-30", 
        "operating_revenue": 104663, 
        "short_term_average": 83644
    }, 
    {
        "accumulated_operating_revenue_yoy": 10.470419933392474, 
        "accumulated_operating_revenue": 967585, 
        "long_term_average": 80632, 
        "date": "2013-12-31", 
        "operating_revenue": 104922, 
        "short_term_average": 95605
    }, 
    {
        "accumulated_operating_revenue_yoy": -35.456706555461544, 
        "accumulated_operating_revenue": 48057, 
        "long_term_average": 78432, 
        "date": "2014-01-31", 
        "operating_revenue": 48057, 
        "short_term_average": 85880
    }, 
    {
        "accumulated_operating_revenue_yoy": -14.221604387966336, 
        "accumulated_operating_revenue": 113538, 
        "long_term_average": 79063, 
        "date": "2014-02-28", 
        "operating_revenue": 65481, 
        "short_term_average": 72820
    }, 
    {
        "accumulated_operating_revenue_yoy": -18.816731119704848, 
        "accumulated_operating_revenue": 182638, 
        "long_term_average": 77104, 
        "date": "2014-03-31", 
        "operating_revenue": 69100, 
        "short_term_average": 60879
    }, 
    {
        "accumulated_operating_revenue_yoy": -18.492324055115226, 
        "accumulated_operating_revenue": 255961, 
        "long_term_average": 75792, 
        "date": "2014-04-30", 
        "operating_revenue": 73323, 
        "short_term_average": 69301
    }, 
    {
        "accumulated_operating_revenue_yoy": -19.161502516896295, 
        "accumulated_operating_revenue": 322468, 
        "long_term_average": 74262, 
        "date": "2014-05-31", 
        "operating_revenue": 66507, 
        "short_term_average": 69643
    }, 
    {
        "accumulated_operating_revenue_yoy": -11.908271630337724, 
        "accumulated_operating_revenue": 415334, 
        "long_term_average": 75953, 
        "date": "2014-06-30", 
        "operating_revenue": 92866, 
        "short_term_average": 77565
    }, 
    {
        "accumulated_operating_revenue_yoy": -9.209265594239133, 
        "accumulated_operating_revenue": 485153, 
        "long_term_average": 76531, 
        "date": "2014-07-31", 
        "operating_revenue": 69819, 
        "short_term_average": 76397
    }, 
    {
        "accumulated_operating_revenue_yoy": -7.646686686424871, 
        "accumulated_operating_revenue": 564952, 
        "long_term_average": 76734, 
        "date": "2014-08-31", 
        "operating_revenue": 79799, 
        "short_term_average": 80828
    }, 
    {
        "accumulated_operating_revenue_yoy": -2.919345622377047, 
        "accumulated_operating_revenue": 660895, 
        "long_term_average": 78975, 
        "date": "2014-09-30", 
        "operating_revenue": 95943, 
        "short_term_average": 81853
    }, 
    {
        "accumulated_operating_revenue_yoy": -3.285488126649076, 
        "accumulated_operating_revenue": 733096, 
        "long_term_average": 78556, 
        "date": "2014-10-31", 
        "operating_revenue": 72201, 
        "short_term_average": 82647
    }, 
    {
        "accumulated_operating_revenue_yoy": -1.8855567005887581, 
        "accumulated_operating_revenue": 846397, 
        "long_term_average": 79276, 
        "date": "2014-11-30", 
        "operating_revenue": 113301, 
        "short_term_average": 93815
    }, 
    {
        "accumulated_operating_revenue_yoy": 4.644036441242888, 
        "accumulated_operating_revenue": 1012520, 
        "long_term_average": 84376, 
        "date": "2014-12-31", 
        "operating_revenue": 166123, 
        "short_term_average": 117208
    }, 
    {
        "accumulated_operating_revenue_yoy": 99.34660923486693, 
        "accumulated_operating_revenue": 95800, 
        "long_term_average": 88355, 
        "date": "2015-01-31", 
        "operating_revenue": 95800, 
        "short_term_average": 125074
    }, 
    {
        "accumulated_operating_revenue_yoy": 52.15522556324754, 
        "accumulated_operating_revenue": 172754, 
        "long_term_average": 89311, 
        "date": "2015-02-28", 
        "operating_revenue": 76954, 
        "short_term_average": 112959
    }, 
    {
        "accumulated_operating_revenue_yoy": 55.597958803753876, 
        "accumulated_operating_revenue": 284181, 
        "long_term_average": 92838, 
        "date": "2015-03-31", 
        "operating_revenue": 111427, 
        "short_term_average": 94727
    }, 
    {
        "accumulated_operating_revenue_yoy": 58.424916295841946, 
        "accumulated_operating_revenue": 405506, 
        "long_term_average": 96838, 
        "date": "2015-04-30", 
        "operating_revenue": 121325, 
        "short_term_average": 103235
    }, 
    {
        "accumulated_operating_revenue_yoy": 71.96310951784362, 
        "accumulated_operating_revenue": 554526, 
        "long_term_average": 103714, 
        "date": "2015-05-31", 
        "operating_revenue": 149020, 
        "short_term_average": 127257
    }, 
    {
        "accumulated_operating_revenue_yoy": 62.928390163097646, 
        "accumulated_operating_revenue": 676697, 
        "long_term_average": 106156, 
        "date": "2015-06-30", 
        "operating_revenue": 122171, 
        "short_term_average": 130838
    }, 
    {
        "accumulated_operating_revenue_yoy": 62.49059575020664, 
        "accumulated_operating_revenue": 788328, 
        "long_term_average": 109641, 
        "date": "2015-07-31", 
        "operating_revenue": 111631, 
        "short_term_average": 127607
    }, 
    {
        "accumulated_operating_revenue_yoy": 57.53710049703338, 
        "accumulated_operating_revenue": 890009, 
        "long_term_average": 111464, 
        "date": "2015-08-31", 
        "operating_revenue": 101681, 
        "short_term_average": 111827
    }, 
    {
        "accumulated_operating_revenue_yoy": 51.475499133750446, 
        "accumulated_operating_revenue": 1001094, 
        "long_term_average": 112726, 
        "date": "2015-09-30", 
        "operating_revenue": 111085, 
        "short_term_average": 108132
    }, 
    {
        "accumulated_operating_revenue_yoy": 51.550274452459156, 
        "accumulated_operating_revenue": 1111009, 
        "long_term_average": 115869, 
        "date": "2015-10-31", 
        "operating_revenue": 109915, 
        "short_term_average": 107560
    }
]