[
    {
        "date": "2012-01-31", 
        "operating_revenue": 23915, 
        "accumulated_operating_revenue": 23915, 
        "long_term_average": 23915, 
        "short_term_average": 23915
    }, 
    {
        "date": "2012-02-29", 
        "operating_revenue": 26270, 
        "accumulated_operating_revenue": 50185, 
        "long_term_average": 25092, 
        "short_term_average": 25092
    }, 
    {
        "date": "2012-03-31", 
        "operating_revenue": 38203, 
        "accumulated_operating_revenue": 88388, 
        "long_term_average": 29462, 
        "short_term_average": 29462
    }, 
    {
        "date": "2012-04-30", 
        "operating_revenue": 36065, 
        "accumulated_operating_revenue": 124453, 
        "long_term_average": 31113, 
        "short_term_average": 33512
    }, 
    {
        "date": "2012-05-31", 
        "operating_revenue": 36856, 
        "accumulated_operating_revenue": 161309, 
        "long_term_average": 32261, 
        "short_term_average": 37041
    }, 
    {
        "date": "2012-06-30", 
        "operating_revenue": 37039, 
        "accumulated_operating_revenue": 198348, 
        "long_term_average": 33058, 
        "short_term_average": 36653
    }, 
    {
        "date": "2012-07-31", 
        "operating_revenue": 37848, 
        "accumulated_operating_revenue": 236196, 
        "long_term_average": 33742, 
        "short_term_average": 37247
    }, 
    {
        "date": "2012-08-31", 
        "operating_revenue": 38165, 
        "accumulated_operating_revenue": 274361, 
        "long_term_average": 34295, 
        "short_term_average": 37684
    }, 
    {
        "date": "2012-09-30", 
        "operating_revenue": 35335, 
        "accumulated_operating_revenue": 309696, 
        "long_term_average": 34410, 
        "short_term_average": 37116
    }, 
    {
        "date": "2012-10-31", 
        "operating_revenue": 32084, 
        "accumulated_operating_revenue": 341780, 
        "long_term_average": 34178, 
        "short_term_average": 35194
    }, 
    {
        "date": "2012-11-30", 
        "operating_revenue": 28589, 
        "accumulated_operating_revenue": 370369, 
        "long_term_average": 33669, 
        "short_term_average": 32002
    }, 
    {
        "date": "2012-12-31", 
        "operating_revenue": 25129, 
        "accumulated_operating_revenue": 395498, 
        "long_term_average": 32958, 
        "short_term_average": 28600
    }, 
    {
        "accumulated_operating_revenue_yoy": 21.233535438009618, 
        "accumulated_operating_revenue": 28993, 
        "long_term_average": 33381, 
        "date": "2013-01-31", 
        "operating_revenue": 28993, 
        "short_term_average": 27570
    }, 
    {
        "accumulated_operating_revenue_yoy": -2.3552854438577264, 
        "accumulated_operating_revenue": 49003, 
        "long_term_average": 32859, 
        "date": "2013-02-28", 
        "operating_revenue": 20010, 
        "short_term_average": 24710
    }, 
    {
        "accumulated_operating_revenue_yoy": -12.625016970629495, 
        "accumulated_operating_revenue": 77229, 
        "long_term_average": 32028, 
        "date": "2013-03-31", 
        "operating_revenue": 28226, 
        "short_term_average": 25743
    }, 
    {
        "accumulated_operating_revenue_yoy": -13.394614834515842, 
        "accumulated_operating_revenue": 107783, 
        "long_term_average": 31569, 
        "date": "2013-04-30", 
        "operating_revenue": 30554, 
        "short_term_average": 26263
    }, 
    {
        "accumulated_operating_revenue_yoy": -11.588938000979486, 
        "accumulated_operating_revenue": 142615, 
        "long_term_average": 31400, 
        "date": "2013-05-31", 
        "operating_revenue": 34832, 
        "short_term_average": 31204
    }, 
    {
        "accumulated_operating_revenue_yoy": -10.340915965878153, 
        "accumulated_operating_revenue": 177837, 
        "long_term_average": 31248, 
        "date": "2013-06-30", 
        "operating_revenue": 35222, 
        "short_term_average": 33536
    }, 
    {
        "accumulated_operating_revenue_yoy": -9.757997595217532, 
        "accumulated_operating_revenue": 213148, 
        "long_term_average": 31037, 
        "date": "2013-07-31", 
        "operating_revenue": 35311, 
        "short_term_average": 35121
    }, 
    {
        "accumulated_operating_revenue_yoy": -9.161651984064791, 
        "accumulated_operating_revenue": 249225, 
        "long_term_average": 30863, 
        "date": "2013-08-31", 
        "operating_revenue": 36077, 
        "short_term_average": 35536
    }, 
    {
        "accumulated_operating_revenue_yoy": -7.564514879107254, 
        "accumulated_operating_revenue": 286269, 
        "long_term_average": 31005, 
        "date": "2013-09-30", 
        "operating_revenue": 37044, 
        "short_term_average": 36144
    }, 
    {
        "accumulated_operating_revenue_yoy": -5.496518228099948, 
        "accumulated_operating_revenue": 322994, 
        "long_term_average": 31392, 
        "date": "2013-10-31", 
        "operating_revenue": 36725, 
        "short_term_average": 36615
    }, 
    {
        "accumulated_operating_revenue_yoy": -3.682543625411414, 
        "accumulated_operating_revenue": 356730, 
        "long_term_average": 31821, 
        "date": "2013-11-30", 
        "operating_revenue": 33736, 
        "short_term_average": 35835
    }, 
    {
        "accumulated_operating_revenue_yoy": -2.4536154417974303, 
        "accumulated_operating_revenue": 385794, 
        "long_term_average": 32149, 
        "date": "2013-12-31", 
        "operating_revenue": 29064, 
        "short_term_average": 33175
    }, 
    {
        "accumulated_operating_revenue_yoy": 0.013796433621908737, 
        "accumulated_operating_revenue": 28997, 
        "long_term_average": 32149, 
        "date": "2014-01-31", 
        "operating_revenue": 28997, 
        "short_term_average": 30599
    }, 
    {
        "accumulated_operating_revenue_yoy": 11.57888292553517, 
        "accumulated_operating_revenue": 54677, 
        "long_term_average": 32622, 
        "date": "2014-02-28", 
        "operating_revenue": 25680, 
        "short_term_average": 27913
    }, 
    {
        "accumulated_operating_revenue_yoy": 12.938144997345557, 
        "accumulated_operating_revenue": 87221, 
        "long_term_average": 32982, 
        "date": "2014-03-31", 
        "operating_revenue": 32544, 
        "short_term_average": 29073
    }, 
    {
        "accumulated_operating_revenue_yoy": 11.174303925479899, 
        "accumulated_operating_revenue": 119827, 
        "long_term_average": 33153, 
        "date": "2014-04-30", 
        "operating_revenue": 32606, 
        "short_term_average": 30276
    }, 
    {
        "accumulated_operating_revenue_yoy": 7.315499772113733, 
        "accumulated_operating_revenue": 153048, 
        "long_term_average": 33018, 
        "date": "2014-05-31", 
        "operating_revenue": 33221, 
        "short_term_average": 32790
    }, 
    {
        "accumulated_operating_revenue_yoy": 5.221073229980263, 
        "accumulated_operating_revenue": 187122, 
        "long_term_average": 32923, 
        "date": "2014-06-30", 
        "operating_revenue": 34074, 
        "short_term_average": 33300
    }, 
    {
        "accumulated_operating_revenue_yoy": 4.482800683093437, 
        "accumulated_operating_revenue": 222703, 
        "long_term_average": 32945, 
        "date": "2014-07-31", 
        "operating_revenue": 35581, 
        "short_term_average": 34292
    }, 
    {
        "accumulated_operating_revenue_yoy": 3.8595646504162904, 
        "accumulated_operating_revenue": 258844, 
        "long_term_average": 32951, 
        "date": "2014-08-31", 
        "operating_revenue": 36141, 
        "short_term_average": 35265
    }, 
    {
        "accumulated_operating_revenue_yoy": 2.821472111894756, 
        "accumulated_operating_revenue": 294346, 
        "long_term_average": 32822, 
        "date": "2014-09-30", 
        "operating_revenue": 35502, 
        "short_term_average": 35741
    }, 
    {
        "accumulated_operating_revenue_yoy": 0.5099165928778863, 
        "accumulated_operating_revenue": 324641, 
        "long_term_average": 32286, 
        "date": "2014-10-31", 
        "operating_revenue": 30295, 
        "short_term_average": 33979
    }, 
    {
        "accumulated_operating_revenue_yoy": -1.2799596333361367, 
        "accumulated_operating_revenue": 352164, 
        "long_term_average": 31769, 
        "date": "2014-11-30", 
        "operating_revenue": 27523, 
        "short_term_average": 31106
    }, 
    {
        "accumulated_operating_revenue_yoy": -1.5715640989751005, 
        "accumulated_operating_revenue": 379731, 
        "long_term_average": 31644, 
        "date": "2014-12-31", 
        "operating_revenue": 27567, 
        "short_term_average": 28461
    }, 
    {
        "accumulated_operating_revenue_yoy": -4.783253440011036, 
        "accumulated_operating_revenue": 27610, 
        "long_term_average": 31528, 
        "date": "2015-01-31", 
        "operating_revenue": 27610, 
        "short_term_average": 27566
    }, 
    {
        "accumulated_operating_revenue_yoy": -2.5550048466448416, 
        "accumulated_operating_revenue": 53280, 
        "long_term_average": 31527, 
        "date": "2015-02-28", 
        "operating_revenue": 25670, 
        "short_term_average": 26949
    }, 
    {
        "accumulated_operating_revenue_yoy": -3.921074053266988, 
        "accumulated_operating_revenue": 83801, 
        "long_term_average": 31359, 
        "date": "2015-03-31", 
        "operating_revenue": 30521, 
        "short_term_average": 27933
    }, 
    {
        "accumulated_operating_revenue_yoy": -5.669840686990411, 
        "accumulated_operating_revenue": 113033, 
        "long_term_average": 31078, 
        "date": "2015-04-30", 
        "operating_revenue": 29232, 
        "short_term_average": 28474
    }, 
    {
        "accumulated_operating_revenue_yoy": -8.55025874235534, 
        "accumulated_operating_revenue": 139962, 
        "long_term_average": 30553, 
        "date": "2015-05-31", 
        "operating_revenue": 26929, 
        "short_term_average": 28894
    }, 
    {
        "accumulated_operating_revenue_yoy": -10.963970030247646, 
        "accumulated_operating_revenue": 166606, 
        "long_term_average": 29934, 
        "date": "2015-06-30", 
        "operating_revenue": 26644, 
        "short_term_average": 27601
    }, 
    {
        "accumulated_operating_revenue_yoy": -12.938756999232162, 
        "accumulated_operating_revenue": 193888, 
        "long_term_average": 29243, 
        "date": "2015-07-31", 
        "operating_revenue": 27282, 
        "short_term_average": 26951
    }, 
    {
        "accumulated_operating_revenue_yoy": -14.594891131337794, 
        "accumulated_operating_revenue": 221066, 
        "long_term_average": 28496, 
        "date": "2015-08-31", 
        "operating_revenue": 27178, 
        "short_term_average": 27034
    }, 
    {
        "accumulated_operating_revenue_yoy": -15.673730915317346, 
        "accumulated_operating_revenue": 248211, 
        "long_term_average": 27799, 
        "date": "2015-09-30", 
        "operating_revenue": 27145, 
        "short_term_average": 27201
    }
]