[
    {
        "date": "2012-01-31", 
        "operating_revenue": 38148, 
        "accumulated_operating_revenue": 38148, 
        "long_term_average": 38148, 
        "short_term_average": 38148
    }, 
    {
        "date": "2012-02-29", 
        "operating_revenue": 36038, 
        "accumulated_operating_revenue": 74186, 
        "long_term_average": 37093, 
        "short_term_average": 37093
    }, 
    {
        "date": "2012-03-31", 
        "operating_revenue": 55600, 
        "accumulated_operating_revenue": 129786, 
        "long_term_average": 43262, 
        "short_term_average": 43262
    }, 
    {
        "date": "2012-04-30", 
        "operating_revenue": 39609, 
        "accumulated_operating_revenue": 169395, 
        "long_term_average": 42348, 
        "short_term_average": 43749
    }, 
    {
        "date": "2012-05-31", 
        "operating_revenue": 49173, 
        "accumulated_operating_revenue": 218568, 
        "long_term_average": 43713, 
        "short_term_average": 48127
    }, 
    {
        "date": "2012-06-30", 
        "operating_revenue": 73098, 
        "accumulated_operating_revenue": 291666, 
        "long_term_average": 48611, 
        "short_term_average": 53960
    }, 
    {
        "date": "2012-07-31", 
        "operating_revenue": 57142, 
        "accumulated_operating_revenue": 348808, 
        "long_term_average": 49829, 
        "short_term_average": 59804
    }, 
    {
        "date": "2012-08-31", 
        "operating_revenue": 47499, 
        "accumulated_operating_revenue": 396307, 
        "long_term_average": 49538, 
        "short_term_average": 59246
    }, 
    {
        "date": "2012-09-30", 
        "operating_revenue": 56979, 
        "accumulated_operating_revenue": 453286, 
        "long_term_average": 50365, 
        "short_term_average": 53873
    }, 
    {
        "date": "2012-10-31", 
        "operating_revenue": 45767, 
        "accumulated_operating_revenue": 499053, 
        "long_term_average": 49905, 
        "short_term_average": 50081
    }, 
    {
        "date": "2012-11-30", 
        "operating_revenue": 52103, 
        "accumulated_operating_revenue": 551156, 
        "long_term_average": 50105, 
        "short_term_average": 51616
    }, 
    {
        "date": "2012-12-31", 
        "operating_revenue": 58259, 
        "accumulated_operating_revenue": 609415, 
        "long_term_average": 50784, 
        "short_term_average": 52043
    }, 
    {
        "accumulated_operating_revenue_yoy": 31.532452553213798, 
        "accumulated_operating_revenue": 50177, 
        "long_term_average": 51787, 
        "date": "2013-01-31", 
        "operating_revenue": 50177, 
        "short_term_average": 53513
    }, 
    {
        "accumulated_operating_revenue_yoy": 49.400156363734396, 
        "accumulated_operating_revenue": 110834, 
        "long_term_average": 53838, 
        "date": "2013-02-28", 
        "operating_revenue": 60657, 
        "short_term_average": 56364
    }, 
    {
        "accumulated_operating_revenue_yoy": 27.711001186568655, 
        "accumulated_operating_revenue": 165751, 
        "long_term_average": 53781, 
        "date": "2013-03-31", 
        "operating_revenue": 54917, 
        "short_term_average": 55250
    }, 
    {
        "accumulated_operating_revenue_yoy": 29.760028336137427, 
        "accumulated_operating_revenue": 219807, 
        "long_term_average": 54985, 
        "date": "2013-04-30", 
        "operating_revenue": 54056, 
        "short_term_average": 56543
    }, 
    {
        "accumulated_operating_revenue_yoy": 31.333498041799345, 
        "accumulated_operating_revenue": 287053, 
        "long_term_average": 56491, 
        "date": "2013-05-31", 
        "operating_revenue": 67246, 
        "short_term_average": 58739
    }, 
    {
        "accumulated_operating_revenue_yoy": 22.048507539445804, 
        "accumulated_operating_revenue": 355974, 
        "long_term_average": 56143, 
        "date": "2013-06-30", 
        "operating_revenue": 68921, 
        "short_term_average": 63407
    }, 
    {
        "accumulated_operating_revenue_yoy": 22.93267356253297, 
        "accumulated_operating_revenue": 428799, 
        "long_term_average": 57450, 
        "date": "2013-07-31", 
        "operating_revenue": 72825, 
        "short_term_average": 69664
    }, 
    {
        "accumulated_operating_revenue_yoy": 27.75222239324564, 
        "accumulated_operating_revenue": 506291, 
        "long_term_average": 59949, 
        "date": "2013-08-31", 
        "operating_revenue": 77492, 
        "short_term_average": 73079
    }, 
    {
        "accumulated_operating_revenue_yoy": 24.02412604845506, 
        "accumulated_operating_revenue": 562184, 
        "long_term_average": 59859, 
        "date": "2013-09-30", 
        "operating_revenue": 55893, 
        "short_term_average": 68736
    }, 
    {
        "accumulated_operating_revenue_yoy": 25.49128048523904, 
        "accumulated_operating_revenue": 626268, 
        "long_term_average": 61385, 
        "date": "2013-10-31", 
        "operating_revenue": 64084, 
        "short_term_average": 65823
    }, 
    {
        "accumulated_operating_revenue_yoy": 27.207904840009, 
        "accumulated_operating_revenue": 701114, 
        "long_term_average": 63281, 
        "date": "2013-11-30", 
        "operating_revenue": 74846, 
        "short_term_average": 64941
    }, 
    {
        "accumulated_operating_revenue_yoy": 24.718623598040743, 
        "accumulated_operating_revenue": 760054, 
        "long_term_average": 63337, 
        "date": "2013-12-31", 
        "operating_revenue": 58940, 
        "short_term_average": 65956
    }, 
    {
        "accumulated_operating_revenue_yoy": 31.492516491619664, 
        "accumulated_operating_revenue": 65979, 
        "long_term_average": 64654, 
        "date": "2014-01-31", 
        "operating_revenue": 65979, 
        "short_term_average": 66588
    }, 
    {
        "accumulated_operating_revenue_yoy": 1.0168359889564575, 
        "accumulated_operating_revenue": 111961, 
        "long_term_average": 63431, 
        "date": "2014-02-28", 
        "operating_revenue": 45982, 
        "short_term_average": 56967
    }, 
    {
        "accumulated_operating_revenue_yoy": 25.389892067016184, 
        "accumulated_operating_revenue": 207835, 
        "long_term_average": 66844, 
        "date": "2014-03-31", 
        "operating_revenue": 95874, 
        "short_term_average": 69278
    }, 
    {
        "accumulated_operating_revenue_yoy": 30.33706842821202, 
        "accumulated_operating_revenue": 286490, 
        "long_term_average": 68894, 
        "date": "2014-04-30", 
        "operating_revenue": 78655, 
        "short_term_average": 73503
    }, 
    {
        "accumulated_operating_revenue_yoy": 22.385413146701133, 
        "accumulated_operating_revenue": 351311, 
        "long_term_average": 68692, 
        "date": "2014-05-31", 
        "operating_revenue": 64821, 
        "short_term_average": 79783
    }, 
    {
        "accumulated_operating_revenue_yoy": 21.673212088523318, 
        "accumulated_operating_revenue": 433125, 
        "long_term_average": 69767, 
        "date": "2014-06-30", 
        "operating_revenue": 81814, 
        "short_term_average": 75096
    }, 
    {
        "accumulated_operating_revenue_yoy": 17.729052539768052, 
        "accumulated_operating_revenue": 504821, 
        "long_term_average": 69673, 
        "date": "2014-07-31", 
        "operating_revenue": 71696, 
        "short_term_average": 72777
    }, 
    {
        "accumulated_operating_revenue_yoy": 13.134343687721092, 
        "accumulated_operating_revenue": 572789, 
        "long_term_average": 68879, 
        "date": "2014-08-31", 
        "operating_revenue": 67968, 
        "short_term_average": 73826
    }, 
    {
        "accumulated_operating_revenue_yoy": 12.830141021444936, 
        "accumulated_operating_revenue": 634313, 
        "long_term_average": 69348, 
        "date": "2014-09-30", 
        "operating_revenue": 61524, 
        "short_term_average": 67062
    }, 
    {
        "accumulated_operating_revenue_yoy": 15.024238824273315, 
        "accumulated_operating_revenue": 720360, 
        "long_term_average": 71178, 
        "date": "2014-10-31", 
        "operating_revenue": 86047, 
        "short_term_average": 71846
    }, 
    {
        "accumulated_operating_revenue_yoy": 14.157184138385484, 
        "accumulated_operating_revenue": 800372, 
        "long_term_average": 71609, 
        "date": "2014-11-30", 
        "operating_revenue": 80012, 
        "short_term_average": 75861
    }, 
    {
        "accumulated_operating_revenue_yoy": 16.157009896665237, 
        "accumulated_operating_revenue": 882856, 
        "long_term_average": 73571, 
        "date": "2014-12-31", 
        "operating_revenue": 82484, 
        "short_term_average": 82847
    }, 
    {
        "accumulated_operating_revenue_yoy": 27.728519680504405, 
        "accumulated_operating_revenue": 84274, 
        "long_term_average": 75095, 
        "date": "2015-01-31", 
        "operating_revenue": 84274, 
        "short_term_average": 82256
    }, 
    {
        "accumulated_operating_revenue_yoy": 42.12091710506337, 
        "accumulated_operating_revenue": 159120, 
        "long_term_average": 77501, 
        "date": "2015-02-28", 
        "operating_revenue": 74846, 
        "short_term_average": 80534
    }, 
    {
        "accumulated_operating_revenue_yoy": 16.385594341665264, 
        "accumulated_operating_revenue": 241890, 
        "long_term_average": 76409, 
        "date": "2015-03-31", 
        "operating_revenue": 82770, 
        "short_term_average": 80630
    }, 
    {
        "accumulated_operating_revenue_yoy": 9.647108101504417, 
        "accumulated_operating_revenue": 314128, 
        "long_term_average": 75874, 
        "date": "2015-04-30", 
        "operating_revenue": 72238, 
        "short_term_average": 76618
    }, 
    {
        "accumulated_operating_revenue_yoy": 3.3745029332984164, 
        "accumulated_operating_revenue": 363166, 
        "long_term_average": 74559, 
        "date": "2015-05-31", 
        "operating_revenue": 49038, 
        "short_term_average": 68015
    }, 
    {
        "accumulated_operating_revenue_yoy": 3.2729581529581533, 
        "accumulated_operating_revenue": 447301, 
        "long_term_average": 74752, 
        "date": "2015-06-30", 
        "operating_revenue": 84135, 
        "short_term_average": 68470
    }, 
    {
        "accumulated_operating_revenue_yoy": 14.119262075072154, 
        "accumulated_operating_revenue": 576098, 
        "long_term_average": 79511, 
        "date": "2015-07-31", 
        "operating_revenue": 128797, 
        "short_term_average": 87323
    }, 
    {
        "accumulated_operating_revenue_yoy": 13.145154673012227, 
        "accumulated_operating_revenue": 648083, 
        "long_term_average": 79845, 
        "date": "2015-08-31", 
        "operating_revenue": 71985, 
        "short_term_average": 94972
    }
]