[
    {
        "date": "2011-09-30", 
        "operating_revenue": 338268, 
        "accumulated_operating_revenue": 338268, 
        "long_term_average": 338268, 
        "short_term_average": 338268
    }, 
    {
        "date": "2011-10-31", 
        "operating_revenue": 309852, 
        "accumulated_operating_revenue": 648120, 
        "long_term_average": 324060, 
        "short_term_average": 324060
    }, 
    {
        "date": "2011-11-30", 
        "operating_revenue": 271550, 
        "accumulated_operating_revenue": 919670, 
        "long_term_average": 306556, 
        "short_term_average": 306556
    }, 
    {
        "date": "2011-12-31", 
        "operating_revenue": 280535, 
        "accumulated_operating_revenue": 1200205, 
        "long_term_average": 300051, 
        "short_term_average": 287312
    }, 
    {
        "date": "2012-01-31", 
        "operating_revenue": 299289, 
        "accumulated_operating_revenue": 299289, 
        "long_term_average": 299898, 
        "short_term_average": 283791
    }, 
    {
        "date": "2012-02-29", 
        "operating_revenue": 268402, 
        "accumulated_operating_revenue": 567691, 
        "long_term_average": 294649, 
        "short_term_average": 282742
    }, 
    {
        "date": "2012-03-31", 
        "operating_revenue": 327749, 
        "accumulated_operating_revenue": 895440, 
        "long_term_average": 299377, 
        "short_term_average": 298480
    }, 
    {
        "date": "2012-04-30", 
        "operating_revenue": 304622, 
        "accumulated_operating_revenue": 1200062, 
        "long_term_average": 300033, 
        "short_term_average": 300257
    }, 
    {
        "date": "2012-05-31", 
        "operating_revenue": 316014, 
        "accumulated_operating_revenue": 1516076, 
        "long_term_average": 301809, 
        "short_term_average": 316128
    }, 
    {
        "date": "2012-06-30", 
        "operating_revenue": 311132, 
        "accumulated_operating_revenue": 1827208, 
        "long_term_average": 302741, 
        "short_term_average": 310589
    }, 
    {
        "date": "2012-07-31", 
        "operating_revenue": 349656, 
        "accumulated_operating_revenue": 2176864, 
        "long_term_average": 307006, 
        "short_term_average": 325600
    }, 
    {
        "date": "2012-08-31", 
        "operating_revenue": 411283, 
        "accumulated_operating_revenue": 2588147, 
        "long_term_average": 315696, 
        "short_term_average": 357357
    }, 
    {
        "accumulated_operating_revenue_yoy": 803.2648669102605, 
        "accumulated_operating_revenue": 3055456, 
        "long_term_average": 326449, 
        "date": "2012-09-30", 
        "operating_revenue": 467309, 
        "short_term_average": 409416
    }, 
    {
        "accumulated_operating_revenue_yoy": 430.74476948713203, 
        "accumulated_operating_revenue": 3439863, 
        "long_term_average": 332662, 
        "date": "2012-10-31", 
        "operating_revenue": 384407, 
        "short_term_average": 420999
    }, 
    {
        "accumulated_operating_revenue_yoy": 312.998466841367, 
        "accumulated_operating_revenue": 3798223, 
        "long_term_average": 339896, 
        "date": "2012-11-30", 
        "operating_revenue": 358360, 
        "short_term_average": 403358
    }, 
    {
        "accumulated_operating_revenue_yoy": 235.16107664940571, 
        "accumulated_operating_revenue": 4022620, 
        "long_term_average": 335218, 
        "date": "2012-12-31", 
        "operating_revenue": 224397, 
        "short_term_average": 322388
    }, 
    {
        "accumulated_operating_revenue_yoy": 9.679273210843032, 
        "accumulated_operating_revenue": 328258, 
        "long_term_average": 337632, 
        "date": "2013-01-31", 
        "operating_revenue": 328258, 
        "short_term_average": 303671
    }, 
    {
        "accumulated_operating_revenue_yoy": 12.32536714515467, 
        "accumulated_operating_revenue": 637661, 
        "long_term_average": 341049, 
        "date": "2013-02-28", 
        "operating_revenue": 309403, 
        "short_term_average": 287352
    }, 
    {
        "accumulated_operating_revenue_yoy": 6.294224068614312, 
        "accumulated_operating_revenue": 951801, 
        "long_term_average": 339915, 
        "date": "2013-03-31", 
        "operating_revenue": 314140, 
        "short_term_average": 317267
    }, 
    {
        "accumulated_operating_revenue_yoy": 9.257605023740439, 
        "accumulated_operating_revenue": 1311159, 
        "long_term_average": 344476, 
        "date": "2013-04-30", 
        "operating_revenue": 359358, 
        "short_term_average": 327633
    }, 
    {
        "accumulated_operating_revenue_yoy": 11.2009556249159, 
        "accumulated_operating_revenue": 1685891, 
        "long_term_average": 349369, 
        "date": "2013-05-31", 
        "operating_revenue": 374732, 
        "short_term_average": 349410
    }, 
    {
        "accumulated_operating_revenue_yoy": 9.487316167617479, 
        "accumulated_operating_revenue": 2000561, 
        "long_term_average": 349664, 
        "date": "2013-06-30", 
        "operating_revenue": 314670, 
        "short_term_average": 349586
    }, 
    {
        "accumulated_operating_revenue_yoy": 9.90718758728152, 
        "accumulated_operating_revenue": 2392530, 
        "long_term_average": 353190, 
        "date": "2013-07-31", 
        "operating_revenue": 391969, 
        "short_term_average": 360457
    }, 
    {
        "accumulated_operating_revenue_yoy": 10.545768845432658, 
        "accumulated_operating_revenue": 2861087, 
        "long_term_average": 357963, 
        "date": "2013-08-31", 
        "operating_revenue": 468557, 
        "short_term_average": 391732
    }, 
    {
        "accumulated_operating_revenue_yoy": 7.396015521087524, 
        "accumulated_operating_revenue": 3281438, 
        "long_term_average": 354050, 
        "date": "2013-09-30", 
        "operating_revenue": 420351, 
        "short_term_average": 426959
    }, 
    {
        "accumulated_operating_revenue_yoy": 8.345448641413917, 
        "accumulated_operating_revenue": 3726935, 
        "long_term_average": 359141, 
        "date": "2013-10-31", 
        "operating_revenue": 445497, 
        "short_term_average": 444801
    }, 
    {
        "accumulated_operating_revenue_yoy": 8.768258209167813, 
        "accumulated_operating_revenue": 4131261, 
        "long_term_average": 362971, 
        "date": "2013-11-30", 
        "operating_revenue": 404326, 
        "short_term_average": 423391
    }, 
    {
        "accumulated_operating_revenue_yoy": 12.25064758789048, 
        "accumulated_operating_revenue": 4515417, 
        "long_term_average": 376284, 
        "date": "2013-12-31", 
        "operating_revenue": 384156, 
        "short_term_average": 411326
    }, 
    {
        "accumulated_operating_revenue_yoy": 23.175672793960846, 
        "accumulated_operating_revenue": 404334, 
        "long_term_average": 382624, 
        "date": "2014-01-31", 
        "operating_revenue": 404334, 
        "short_term_average": 397605
    }, 
    {
        "accumulated_operating_revenue_yoy": 10.760890190869443, 
        "accumulated_operating_revenue": 706279, 
        "long_term_average": 382002, 
        "date": "2014-02-28", 
        "operating_revenue": 301945, 
        "short_term_average": 363478
    }, 
    {
        "accumulated_operating_revenue_yoy": 16.318116917296788, 
        "accumulated_operating_revenue": 1107117, 
        "long_term_average": 389227, 
        "date": "2014-03-31", 
        "operating_revenue": 400838, 
        "short_term_average": 369039
    }, 
    {
        "accumulated_operating_revenue_yoy": 15.344973416648935, 
        "accumulated_operating_revenue": 1512356, 
        "long_term_average": 393051, 
        "date": "2014-04-30", 
        "operating_revenue": 405239, 
        "short_term_average": 369340
    }, 
    {
        "accumulated_operating_revenue_yoy": 14.189410821933327, 
        "accumulated_operating_revenue": 1925109, 
        "long_term_average": 396219, 
        "date": "2014-05-31", 
        "operating_revenue": 412753, 
        "short_term_average": 406276
    }, 
    {
        "accumulated_operating_revenue_yoy": 15.336298168363774, 
        "accumulated_operating_revenue": 2307373, 
        "long_term_average": 401852, 
        "date": "2014-06-30", 
        "operating_revenue": 382264, 
        "short_term_average": 400085
    }, 
    {
        "accumulated_operating_revenue_yoy": 12.05038181339419, 
        "accumulated_operating_revenue": 2680839, 
        "long_term_average": 400310, 
        "date": "2014-07-31", 
        "operating_revenue": 373466, 
        "short_term_average": 389494
    }, 
    {
        "accumulated_operating_revenue_yoy": 6.947010000045438, 
        "accumulated_operating_revenue": 3059847, 
        "long_term_average": 392848, 
        "date": "2014-08-31", 
        "operating_revenue": 379008, 
        "short_term_average": 378246
    }, 
    {
        "accumulated_operating_revenue_yoy": 4.02881297772501, 
        "accumulated_operating_revenue": 3413641, 
        "long_term_average": 387301, 
        "date": "2014-09-30", 
        "operating_revenue": 353794, 
        "short_term_average": 368756
    }, 
    {
        "accumulated_operating_revenue_yoy": -0.3476046671058121, 
        "accumulated_operating_revenue": 3713980, 
        "long_term_average": 375205, 
        "date": "2014-10-31", 
        "operating_revenue": 300339, 
        "short_term_average": 344380
    }, 
    {
        "accumulated_operating_revenue_yoy": -4.747388267165885, 
        "accumulated_operating_revenue": 3935134, 
        "long_term_average": 359940, 
        "date": "2014-11-30", 
        "operating_revenue": 221154, 
        "short_term_average": 291762
    }, 
    {
        "accumulated_operating_revenue_yoy": -8.23168712878567, 
        "accumulated_operating_revenue": 4143722, 
        "long_term_average": 345310, 
        "date": "2014-12-31", 
        "operating_revenue": 208588, 
        "short_term_average": 243360
    }, 
    {
        "accumulated_operating_revenue_yoy": -32.64998738666548, 
        "accumulated_operating_revenue": 272319, 
        "long_term_average": 334308, 
        "date": "2015-01-31", 
        "operating_revenue": 272319, 
        "short_term_average": 234020
    }, 
    {
        "accumulated_operating_revenue_yoy": -33.05237731831189, 
        "accumulated_operating_revenue": 472837, 
        "long_term_average": 325856, 
        "date": "2015-02-28", 
        "operating_revenue": 200518, 
        "short_term_average": 227141
    }, 
    {
        "accumulated_operating_revenue_yoy": -30.025281880776827, 
        "accumulated_operating_revenue": 774702, 
        "long_term_average": 317608, 
        "date": "2015-03-31", 
        "operating_revenue": 301865, 
        "short_term_average": 258234
    }, 
    {
        "accumulated_operating_revenue_yoy": -32.16398784413194, 
        "accumulated_operating_revenue": 1025922, 
        "long_term_average": 304774, 
        "date": "2015-04-30", 
        "operating_revenue": 251220, 
        "short_term_average": 251201
    }, 
    {
        "accumulated_operating_revenue_yoy": -33.4449114309891, 
        "accumulated_operating_revenue": 1281258, 
        "long_term_average": 291655, 
        "date": "2015-05-31", 
        "operating_revenue": 255336, 
        "short_term_average": 269473
    }, 
    {
        "accumulated_operating_revenue_yoy": -32.56651612028051, 
        "accumulated_operating_revenue": 1555942, 
        "long_term_average": 282690, 
        "date": "2015-06-30", 
        "operating_revenue": 274684, 
        "short_term_average": 260413
    }, 
    {
        "accumulated_operating_revenue_yoy": -30.00262231338771, 
        "accumulated_operating_revenue": 1876517, 
        "long_term_average": 278283, 
        "date": "2015-07-31", 
        "operating_revenue": 320575, 
        "short_term_average": 283531
    }, 
    {
        "accumulated_operating_revenue_yoy": -28.327527487485487, 
        "accumulated_operating_revenue": 2193068, 
        "long_term_average": 273078, 
        "date": "2015-08-31", 
        "operating_revenue": 316551, 
        "short_term_average": 303936
    }, 
    {
        "accumulated_operating_revenue_yoy": -26.00747998984076, 
        "accumulated_operating_revenue": 2525839, 
        "long_term_average": 271326, 
        "date": "2015-09-30", 
        "operating_revenue": 332771, 
        "short_term_average": 323299
    }
]