[
    {
        "date": "2012-01-31", 
        "operating_revenue": 850271, 
        "accumulated_operating_revenue": 850271, 
        "long_term_average": 850271, 
        "short_term_average": 850271
    }, 
    {
        "date": "2012-02-29", 
        "operating_revenue": 1017970, 
        "accumulated_operating_revenue": 1868241, 
        "long_term_average": 934120, 
        "short_term_average": 934120
    }, 
    {
        "date": "2012-03-31", 
        "operating_revenue": 1237434, 
        "accumulated_operating_revenue": 3105675, 
        "long_term_average": 1035225, 
        "short_term_average": 1035225
    }, 
    {
        "date": "2012-04-30", 
        "operating_revenue": 1236893, 
        "accumulated_operating_revenue": 4342568, 
        "long_term_average": 1085642, 
        "short_term_average": 1164099
    }, 
    {
        "date": "2012-05-31", 
        "operating_revenue": 1338161, 
        "accumulated_operating_revenue": 5680729, 
        "long_term_average": 1136145, 
        "short_term_average": 1270829
    }, 
    {
        "date": "2012-06-30", 
        "operating_revenue": 1374375, 
        "accumulated_operating_revenue": 7055104, 
        "long_term_average": 1175850, 
        "short_term_average": 1316476
    }, 
    {
        "date": "2012-07-31", 
        "operating_revenue": 1015772, 
        "accumulated_operating_revenue": 8070876, 
        "long_term_average": 1152982, 
        "short_term_average": 1242769
    }, 
    {
        "date": "2012-08-31", 
        "operating_revenue": 1060068, 
        "accumulated_operating_revenue": 9130944, 
        "long_term_average": 1141368, 
        "short_term_average": 1150071
    }, 
    {
        "date": "2012-09-30", 
        "operating_revenue": 886112, 
        "accumulated_operating_revenue": 10017056, 
        "long_term_average": 1113006, 
        "short_term_average": 987317
    }, 
    {
        "date": "2012-10-31", 
        "operating_revenue": 822717, 
        "accumulated_operating_revenue": 10839773, 
        "long_term_average": 1083977, 
        "short_term_average": 922965
    }, 
    {
        "date": "2012-11-30", 
        "operating_revenue": 800130, 
        "accumulated_operating_revenue": 11639903, 
        "long_term_average": 1058173, 
        "short_term_average": 836319
    }, 
    {
        "date": "2012-12-31", 
        "operating_revenue": 601110, 
        "accumulated_operating_revenue": 12241013, 
        "long_term_average": 1020084, 
        "short_term_average": 741319
    }, 
    {
        "accumulated_operating_revenue_yoy": -3.510880648640257, 
        "accumulated_operating_revenue": 820419, 
        "long_term_average": 1017596, 
        "date": "2013-01-31", 
        "operating_revenue": 820419, 
        "short_term_average": 740553
    }, 
    {
        "accumulated_operating_revenue_yoy": -11.15814287343014, 
        "accumulated_operating_revenue": 1659780, 
        "long_term_average": 1002712, 
        "date": "2013-02-28", 
        "operating_revenue": 839361, 
        "short_term_average": 753630
    }, 
    {
        "accumulated_operating_revenue_yoy": -16.54670884751302, 
        "accumulated_operating_revenue": 2591788, 
        "long_term_average": 977260, 
        "date": "2013-03-31", 
        "operating_revenue": 932008, 
        "short_term_average": 863929
    }, 
    {
        "accumulated_operating_revenue_yoy": -16.763537151289285, 
        "accumulated_operating_revenue": 3614600, 
        "long_term_average": 959420, 
        "date": "2013-04-30", 
        "operating_revenue": 1022812, 
        "short_term_average": 931393
    }, 
    {
        "accumulated_operating_revenue_yoy": -16.759891204104264, 
        "accumulated_operating_revenue": 4728645, 
        "long_term_average": 940744, 
        "date": "2013-05-31", 
        "operating_revenue": 1114045, 
        "short_term_average": 1022955
    }, 
    {
        "accumulated_operating_revenue_yoy": -5.489089884429768, 
        "accumulated_operating_revenue": 6667843, 
        "long_term_average": 987812, 
        "date": "2013-06-30", 
        "operating_revenue": 1939198, 
        "short_term_average": 1358685
    }, 
    {
        "accumulated_operating_revenue_yoy": 7.5119850682875065, 
        "accumulated_operating_revenue": 8677159, 
        "long_term_average": 1070608, 
        "date": "2013-07-31", 
        "operating_revenue": 2009316, 
        "short_term_average": 1687519
    }, 
    {
        "accumulated_operating_revenue_yoy": 18.09259809281494, 
        "accumulated_operating_revenue": 10782969, 
        "long_term_average": 1157753, 
        "date": "2013-08-31", 
        "operating_revenue": 2105810, 
        "short_term_average": 2018108
    }, 
    {
        "accumulated_operating_revenue_yoy": 30.31084182817786, 
        "accumulated_operating_revenue": 13053310, 
        "long_term_average": 1273105, 
        "date": "2013-09-30", 
        "operating_revenue": 2270341, 
        "short_term_average": 2128489
    }, 
    {
        "accumulated_operating_revenue_yoy": 41.63872250830345, 
        "accumulated_operating_revenue": 15353316, 
        "long_term_average": 1396213, 
        "date": "2013-10-31", 
        "operating_revenue": 2300006, 
        "short_term_average": 2225385
    }, 
    {
        "accumulated_operating_revenue_yoy": 51.94312186278528, 
        "accumulated_operating_revenue": 17686032, 
        "long_term_average": 1523928, 
        "date": "2013-11-30", 
        "operating_revenue": 2332716, 
        "short_term_average": 2301021
    }, 
    {
        "accumulated_operating_revenue_yoy": 64.13324616189853, 
        "accumulated_operating_revenue": 20091572, 
        "long_term_average": 1674297, 
        "date": "2013-12-31", 
        "operating_revenue": 2405540, 
        "short_term_average": 2346087
    }, 
    {
        "accumulated_operating_revenue_yoy": 195.4322120769997, 
        "accumulated_operating_revenue": 2423782, 
        "long_term_average": 1807911, 
        "date": "2014-01-31", 
        "operating_revenue": 2423782, 
        "short_term_average": 2387346
    }, 
    {
        "accumulated_operating_revenue_yoy": 186.70022533106797, 
        "accumulated_operating_revenue": 4758593, 
        "long_term_average": 1932532, 
        "date": "2014-02-28", 
        "operating_revenue": 2334811, 
        "short_term_average": 2388044
    }, 
    {
        "accumulated_operating_revenue_yoy": 180.774546374935, 
        "accumulated_operating_revenue": 7277081, 
        "long_term_average": 2064738, 
        "date": "2014-03-31", 
        "operating_revenue": 2518488, 
        "short_term_average": 2425693
    }, 
    {
        "accumulated_operating_revenue_yoy": 172.0158523764732, 
        "accumulated_operating_revenue": 9832285, 
        "long_term_average": 2192438, 
        "date": "2014-04-30", 
        "operating_revenue": 2555204, 
        "short_term_average": 2469501
    }, 
    {
        "accumulated_operating_revenue_yoy": 163.41235174135508, 
        "accumulated_operating_revenue": 12455835, 
        "long_term_average": 2318230, 
        "date": "2014-05-31", 
        "operating_revenue": 2623550, 
        "short_term_average": 2565747
    }, 
    {
        "accumulated_operating_revenue_yoy": 119.92467429122131, 
        "accumulated_operating_revenue": 14664232, 
        "long_term_average": 2340663, 
        "date": "2014-06-30", 
        "operating_revenue": 2208397, 
        "short_term_average": 2462383
    }, 
    {
        "accumulated_operating_revenue_yoy": 92.64708644845624, 
        "accumulated_operating_revenue": 16716294, 
        "long_term_average": 2344225, 
        "date": "2014-07-31", 
        "operating_revenue": 2052062, 
        "short_term_average": 2294669
    }, 
    {
        "accumulated_operating_revenue_yoy": 72.37455658084522, 
        "accumulated_operating_revenue": 18587095, 
        "long_term_average": 2324641, 
        "date": "2014-08-31", 
        "operating_revenue": 1870801, 
        "short_term_average": 2043753
    }, 
    {
        "accumulated_operating_revenue_yoy": 57.4360372962873, 
        "accumulated_operating_revenue": 20550614, 
        "long_term_average": 2299073, 
        "date": "2014-09-30", 
        "operating_revenue": 1963519, 
        "short_term_average": 1962127
    }, 
    {
        "accumulated_operating_revenue_yoy": 47.24928477991334, 
        "accumulated_operating_revenue": 22607648, 
        "long_term_average": 2278825, 
        "date": "2014-10-31", 
        "operating_revenue": 2057034, 
        "short_term_average": 1963784
    }, 
    {
        "accumulated_operating_revenue_yoy": 39.67861191249683, 
        "accumulated_operating_revenue": 24703604, 
        "long_term_average": 2259095, 
        "date": "2014-11-30", 
        "operating_revenue": 2095956, 
        "short_term_average": 2038836
    }, 
    {
        "accumulated_operating_revenue_yoy": 37.27494294622641, 
        "accumulated_operating_revenue": 27580694, 
        "long_term_average": 2298391, 
        "date": "2014-12-31", 
        "operating_revenue": 2877090, 
        "short_term_average": 2343360
    }, 
    {
        "accumulated_operating_revenue_yoy": -37.80092434055538, 
        "accumulated_operating_revenue": 1507570, 
        "long_term_average": 2222040, 
        "date": "2015-01-31", 
        "operating_revenue": 1507570, 
        "short_term_average": 2160205
    }, 
    {
        "accumulated_operating_revenue_yoy": -37.49589426958767, 
        "accumulated_operating_revenue": 2974316, 
        "long_term_average": 2149701, 
        "date": "2015-02-28", 
        "operating_revenue": 1466746, 
        "short_term_average": 1950468
    }, 
    {
        "accumulated_operating_revenue_yoy": -36.37066840399331, 
        "accumulated_operating_revenue": 4630358, 
        "long_term_average": 2077830, 
        "date": "2015-03-31", 
        "operating_revenue": 1656042, 
        "short_term_average": 1543452
    }, 
    {
        "accumulated_operating_revenue_yoy": -37.070630072256854, 
        "accumulated_operating_revenue": 6187395, 
        "long_term_average": 1994650, 
        "date": "2015-04-30", 
        "operating_revenue": 1557037, 
        "short_term_average": 1559941
    }, 
    {
        "accumulated_operating_revenue_yoy": -37.29013751386398, 
        "accumulated_operating_revenue": 7811037, 
        "long_term_average": 1911324, 
        "date": "2015-05-31", 
        "operating_revenue": 1623642, 
        "short_term_average": 1612240
    }, 
    {
        "accumulated_operating_revenue_yoy": -34.413005740771155, 
        "accumulated_operating_revenue": 9617829, 
        "long_term_average": 1877857, 
        "date": "2015-06-30", 
        "operating_revenue": 1806792, 
        "short_term_average": 1662490
    }, 
    {
        "accumulated_operating_revenue_yoy": -32.21392851788799, 
        "accumulated_operating_revenue": 11331319, 
        "long_term_average": 1849643, 
        "date": "2015-07-31", 
        "operating_revenue": 1713490, 
        "short_term_average": 1714641
    }, 
    {
        "accumulated_operating_revenue_yoy": -28.388153178320763, 
        "accumulated_operating_revenue": 13310562, 
        "long_term_average": 1858680, 
        "date": "2015-08-31", 
        "operating_revenue": 1979243, 
        "short_term_average": 1833175
    }, 
    {
        "accumulated_operating_revenue_yoy": -26.018726253142603, 
        "accumulated_operating_revenue": 15203606, 
        "long_term_average": 1852807, 
        "date": "2015-09-30", 
        "operating_revenue": 1893044, 
        "short_term_average": 1861925
    }
]