[
    {
        "date": "2012-01-31", 
        "operating_revenue": 35633, 
        "accumulated_operating_revenue": 35633, 
        "long_term_average": 35633, 
        "short_term_average": 35633
    }, 
    {
        "date": "2012-02-29", 
        "operating_revenue": 55162, 
        "accumulated_operating_revenue": 90795, 
        "long_term_average": 45397, 
        "short_term_average": 45397
    }, 
    {
        "date": "2012-03-31", 
        "operating_revenue": 64270, 
        "accumulated_operating_revenue": 155065, 
        "long_term_average": 51688, 
        "short_term_average": 51688
    }, 
    {
        "date": "2012-04-30", 
        "operating_revenue": 66072, 
        "accumulated_operating_revenue": 221137, 
        "long_term_average": 55284, 
        "short_term_average": 61834
    }, 
    {
        "date": "2012-05-31", 
        "operating_revenue": 61988, 
        "accumulated_operating_revenue": 283125, 
        "long_term_average": 56625, 
        "short_term_average": 64110
    }, 
    {
        "date": "2012-06-30", 
        "operating_revenue": 55981, 
        "accumulated_operating_revenue": 339106, 
        "long_term_average": 56517, 
        "short_term_average": 61347
    }, 
    {
        "date": "2012-07-31", 
        "operating_revenue": 59632, 
        "accumulated_operating_revenue": 398738, 
        "long_term_average": 56962, 
        "short_term_average": 59200
    }, 
    {
        "date": "2012-08-31", 
        "operating_revenue": 76694, 
        "accumulated_operating_revenue": 475432, 
        "long_term_average": 59429, 
        "short_term_average": 64102
    }, 
    {
        "date": "2012-09-30", 
        "operating_revenue": 59272, 
        "accumulated_operating_revenue": 534704, 
        "long_term_average": 59411, 
        "short_term_average": 65199
    }, 
    {
        "date": "2012-10-31", 
        "operating_revenue": 57310, 
        "accumulated_operating_revenue": 592014, 
        "long_term_average": 59201, 
        "short_term_average": 64425
    }, 
    {
        "date": "2012-11-30", 
        "operating_revenue": 61789, 
        "accumulated_operating_revenue": 653803, 
        "long_term_average": 59436, 
        "short_term_average": 59457
    }, 
    {
        "date": "2012-12-31", 
        "operating_revenue": 52510, 
        "accumulated_operating_revenue": 706313, 
        "long_term_average": 58859, 
        "short_term_average": 57203
    }, 
    {
        "accumulated_operating_revenue_yoy": 31.928268739651443, 
        "accumulated_operating_revenue": 47010, 
        "long_term_average": 59807, 
        "date": "2013-01-31", 
        "operating_revenue": 47010, 
        "short_term_average": 53769
    }, 
    {
        "accumulated_operating_revenue_yoy": 2.8382620188336363, 
        "accumulated_operating_revenue": 93372, 
        "long_term_average": 59074, 
        "date": "2013-02-28", 
        "operating_revenue": 46362, 
        "short_term_average": 48627
    }, 
    {
        "accumulated_operating_revenue_yoy": 10.355012414148906, 
        "accumulated_operating_revenue": 171122, 
        "long_term_average": 60197, 
        "date": "2013-03-31", 
        "operating_revenue": 77750, 
        "short_term_average": 57040
    }, 
    {
        "accumulated_operating_revenue_yoy": 5.092318336596771, 
        "accumulated_operating_revenue": 232398, 
        "long_term_average": 59797, 
        "date": "2013-04-30", 
        "operating_revenue": 61276, 
        "short_term_average": 61796
    }, 
    {
        "accumulated_operating_revenue_yoy": 4.9448123620309055, 
        "accumulated_operating_revenue": 297125, 
        "long_term_average": 60026, 
        "date": "2013-05-31", 
        "operating_revenue": 64727, 
        "short_term_average": 67917
    }, 
    {
        "accumulated_operating_revenue_yoy": 5.872500044233956, 
        "accumulated_operating_revenue": 359020, 
        "long_term_average": 60518, 
        "date": "2013-06-30", 
        "operating_revenue": 61895, 
        "short_term_average": 62632
    }, 
    {
        "accumulated_operating_revenue_yoy": 7.458030084917916, 
        "accumulated_operating_revenue": 428476, 
        "long_term_average": 61337, 
        "date": "2013-07-31", 
        "operating_revenue": 69456, 
        "short_term_average": 65359
    }, 
    {
        "accumulated_operating_revenue_yoy": 5.4918474145619145, 
        "accumulated_operating_revenue": 501542, 
        "long_term_average": 61035, 
        "date": "2013-08-31", 
        "operating_revenue": 73066, 
        "short_term_average": 68139
    }, 
    {
        "accumulated_operating_revenue_yoy": 4.846045662646997, 
        "accumulated_operating_revenue": 560616, 
        "long_term_average": 61018, 
        "date": "2013-09-30", 
        "operating_revenue": 59074, 
        "short_term_average": 67198
    }, 
    {
        "accumulated_operating_revenue_yoy": 4.061728269939562, 
        "accumulated_operating_revenue": 616060, 
        "long_term_average": 60863, 
        "date": "2013-10-31", 
        "operating_revenue": 55444, 
        "short_term_average": 62528
    }, 
    {
        "accumulated_operating_revenue_yoy": 3.1535493107250963, 
        "accumulated_operating_revenue": 674421, 
        "long_term_average": 60577, 
        "date": "2013-11-30", 
        "operating_revenue": 58361, 
        "short_term_average": 57626
    }, 
    {
        "accumulated_operating_revenue_yoy": 2.7872911867684724, 
        "accumulated_operating_revenue": 726000, 
        "long_term_average": 60500, 
        "date": "2013-12-31", 
        "operating_revenue": 51579, 
        "short_term_average": 55128
    }, 
    {
        "accumulated_operating_revenue_yoy": 19.240587109125716, 
        "accumulated_operating_revenue": 56055, 
        "long_term_average": 61253, 
        "date": "2014-01-31", 
        "operating_revenue": 56055, 
        "short_term_average": 55331
    }, 
    {
        "accumulated_operating_revenue_yoy": 15.901983463993488, 
        "accumulated_operating_revenue": 108220, 
        "long_term_average": 61737, 
        "date": "2014-02-28", 
        "operating_revenue": 52165, 
        "short_term_average": 53266
    }, 
    {
        "accumulated_operating_revenue_yoy": -1.6421032947254006, 
        "accumulated_operating_revenue": 168312, 
        "long_term_average": 60265, 
        "date": "2014-03-31", 
        "operating_revenue": 60092, 
        "short_term_average": 56104
    }, 
    {
        "accumulated_operating_revenue_yoy": 3.8477095327842754, 
        "accumulated_operating_revenue": 241340, 
        "long_term_average": 61245, 
        "date": "2014-04-30", 
        "operating_revenue": 73028, 
        "short_term_average": 61761
    }, 
    {
        "accumulated_operating_revenue_yoy": 4.95044173327724, 
        "accumulated_operating_revenue": 311834, 
        "long_term_average": 61725, 
        "date": "2014-05-31", 
        "operating_revenue": 70494, 
        "short_term_average": 67871
    }, 
    {
        "accumulated_operating_revenue_yoy": 5.182162553618183, 
        "accumulated_operating_revenue": 377625, 
        "long_term_average": 62050, 
        "date": "2014-06-30", 
        "operating_revenue": 65791, 
        "short_term_average": 69771
    }, 
    {
        "accumulated_operating_revenue_yoy": 4.083075831551826, 
        "accumulated_operating_revenue": 445971, 
        "long_term_average": 61957, 
        "date": "2014-07-31", 
        "operating_revenue": 68346, 
        "short_term_average": 68210
    }, 
    {
        "accumulated_operating_revenue_yoy": 1.1057897444281835, 
        "accumulated_operating_revenue": 507088, 
        "long_term_average": 60962, 
        "date": "2014-08-31", 
        "operating_revenue": 61117, 
        "short_term_average": 65084
    }, 
    {
        "accumulated_operating_revenue_yoy": 3.050216190761591, 
        "accumulated_operating_revenue": 577716, 
        "long_term_average": 61925, 
        "date": "2014-09-30", 
        "operating_revenue": 70628, 
        "short_term_average": 66697
    }, 
    {
        "accumulated_operating_revenue_yoy": 3.2232250105509204, 
        "accumulated_operating_revenue": 635917, 
        "long_term_average": 62154, 
        "date": "2014-10-31", 
        "operating_revenue": 58201, 
        "short_term_average": 63315
    }, 
    {
        "accumulated_operating_revenue_yoy": 2.4984394020945375, 
        "accumulated_operating_revenue": 691271, 
        "long_term_average": 61904, 
        "date": "2014-11-30", 
        "operating_revenue": 55354, 
        "short_term_average": 61394
    }, 
    {
        "accumulated_operating_revenue_yoy": 4.257713498622589, 
        "accumulated_operating_revenue": 756911, 
        "long_term_average": 63075, 
        "date": "2014-12-31", 
        "operating_revenue": 65640, 
        "short_term_average": 59731
    }, 
    {
        "accumulated_operating_revenue_yoy": -7.851217554187852, 
        "accumulated_operating_revenue": 51654, 
        "long_term_average": 62709, 
        "date": "2015-01-31", 
        "operating_revenue": 51654, 
        "short_term_average": 57549
    }, 
    {
        "accumulated_operating_revenue_yoy": -9.87340602476437, 
        "accumulated_operating_revenue": 97535, 
        "long_term_average": 62185, 
        "date": "2015-02-28", 
        "operating_revenue": 45881, 
        "short_term_average": 54391
    }, 
    {
        "accumulated_operating_revenue_yoy": -2.8007509862636057, 
        "accumulated_operating_revenue": 163598, 
        "long_term_average": 62683, 
        "date": "2015-03-31", 
        "operating_revenue": 66063, 
        "short_term_average": 54532
    }, 
    {
        "accumulated_operating_revenue_yoy": -3.4760089500290046, 
        "accumulated_operating_revenue": 232951, 
        "long_term_average": 62376, 
        "date": "2015-04-30", 
        "operating_revenue": 69353, 
        "short_term_average": 60432
    }, 
    {
        "accumulated_operating_revenue_yoy": -6.53937671966495, 
        "accumulated_operating_revenue": 291442, 
        "long_term_average": 61376, 
        "date": "2015-05-31", 
        "operating_revenue": 58491, 
        "short_term_average": 64635
    }, 
    {
        "accumulated_operating_revenue_yoy": -6.0440913604766635, 
        "accumulated_operating_revenue": 354801, 
        "long_term_average": 61173, 
        "date": "2015-06-30", 
        "operating_revenue": 63359, 
        "short_term_average": 63734
    }, 
    {
        "accumulated_operating_revenue_yoy": -6.067434878052609, 
        "accumulated_operating_revenue": 418912, 
        "long_term_average": 60821, 
        "date": "2015-07-31", 
        "operating_revenue": 64111, 
        "short_term_average": 61987
    }, 
    {
        "accumulated_operating_revenue_yoy": -6.532199539330453, 
        "accumulated_operating_revenue": 473964, 
        "long_term_average": 60315, 
        "date": "2015-08-31", 
        "operating_revenue": 55052, 
        "short_term_average": 60840
    }, 
    {
        "accumulated_operating_revenue_yoy": -7.285240498791794, 
        "accumulated_operating_revenue": 535628, 
        "long_term_average": 59568, 
        "date": "2015-09-30", 
        "operating_revenue": 61664, 
        "short_term_average": 60275
    }, 
    {
        "accumulated_operating_revenue_yoy": -4.9528476200510445, 
        "accumulated_operating_revenue": 604421, 
        "long_term_average": 60451, 
        "date": "2015-10-31", 
        "operating_revenue": 68793, 
        "short_term_average": 61836
    }
]