[
    {
        "date": "2011-09-30", 
        "operating_revenue": 1162182, 
        "accumulated_operating_revenue": 1162182, 
        "long_term_average": 1162182, 
        "short_term_average": 1162182
    }, 
    {
        "date": "2011-10-31", 
        "operating_revenue": 930129, 
        "accumulated_operating_revenue": 2092311, 
        "long_term_average": 1046155, 
        "short_term_average": 1046155
    }, 
    {
        "date": "2011-11-30", 
        "operating_revenue": 1074286, 
        "accumulated_operating_revenue": 3166597, 
        "long_term_average": 1055532, 
        "short_term_average": 1055532
    }, 
    {
        "date": "2011-12-31", 
        "operating_revenue": 898390, 
        "accumulated_operating_revenue": 4064987, 
        "long_term_average": 1016246, 
        "short_term_average": 967601
    }, 
    {
        "date": "2012-01-31", 
        "operating_revenue": 901165, 
        "accumulated_operating_revenue": 901165, 
        "long_term_average": 993230, 
        "short_term_average": 957947
    }, 
    {
        "date": "2012-02-29", 
        "operating_revenue": 945951, 
        "accumulated_operating_revenue": 1847116, 
        "long_term_average": 985350, 
        "short_term_average": 915168
    }, 
    {
        "date": "2012-03-31", 
        "operating_revenue": 1065798, 
        "accumulated_operating_revenue": 2912914, 
        "long_term_average": 996843, 
        "short_term_average": 970971
    }, 
    {
        "date": "2012-04-30", 
        "operating_revenue": 1022304, 
        "accumulated_operating_revenue": 3935218, 
        "long_term_average": 1000025, 
        "short_term_average": 1011351
    }, 
    {
        "date": "2012-05-31", 
        "operating_revenue": 1012646, 
        "accumulated_operating_revenue": 4947864, 
        "long_term_average": 1001427, 
        "short_term_average": 1033582
    }, 
    {
        "date": "2012-06-30", 
        "operating_revenue": 985240, 
        "accumulated_operating_revenue": 5933104, 
        "long_term_average": 999809, 
        "short_term_average": 1006730
    }, 
    {
        "date": "2012-07-31", 
        "operating_revenue": 1003754, 
        "accumulated_operating_revenue": 6936858, 
        "long_term_average": 1000167, 
        "short_term_average": 1000546
    }, 
    {
        "date": "2012-08-31", 
        "operating_revenue": 708966, 
        "accumulated_operating_revenue": 7645824, 
        "long_term_average": 975900, 
        "short_term_average": 899320
    }, 
    {
        "accumulated_operating_revenue_yoy": 591.5277469449708, 
        "accumulated_operating_revenue": 8036811, 
        "long_term_average": 911634, 
        "date": "2012-09-30", 
        "operating_revenue": 390987, 
        "short_term_average": 701235
    }, 
    {
        "accumulated_operating_revenue_yoy": 317.90436507765816, 
        "accumulated_operating_revenue": 8743859, 
        "long_term_average": 893044, 
        "date": "2012-10-31", 
        "operating_revenue": 707048, 
        "short_term_average": 602333
    }, 
    {
        "accumulated_operating_revenue_yoy": 201.91375789214732, 
        "accumulated_operating_revenue": 9560392, 
        "long_term_average": 871565, 
        "date": "2012-11-30", 
        "operating_revenue": 816533, 
        "short_term_average": 638189
    }, 
    {
        "accumulated_operating_revenue_yoy": 154.0373929855126, 
        "accumulated_operating_revenue": 10326587, 
        "long_term_average": 860548, 
        "date": "2012-12-31", 
        "operating_revenue": 766195, 
        "short_term_average": 763258
    }, 
    {
        "accumulated_operating_revenue_yoy": -5.684197677450855, 
        "accumulated_operating_revenue": 849941, 
        "long_term_average": 856280, 
        "date": "2013-01-31", 
        "operating_revenue": 849941, 
        "short_term_average": 810889
    }, 
    {
        "accumulated_operating_revenue_yoy": -2.487012185482666, 
        "accumulated_operating_revenue": 1801178, 
        "long_term_average": 856720, 
        "date": "2013-02-28", 
        "operating_revenue": 951237, 
        "short_term_average": 855791
    }, 
    {
        "accumulated_operating_revenue_yoy": -4.16517617753219, 
        "accumulated_operating_revenue": 2791586, 
        "long_term_average": 850438, 
        "date": "2013-03-31", 
        "operating_revenue": 990408, 
        "short_term_average": 930528
    }, 
    {
        "accumulated_operating_revenue_yoy": -1.7489755332487298, 
        "accumulated_operating_revenue": 3866392, 
        "long_term_average": 854813, 
        "date": "2013-04-30", 
        "operating_revenue": 1074806, 
        "short_term_average": 1005483
    }, 
    {
        "accumulated_operating_revenue_yoy": 0.5327753551835701, 
        "accumulated_operating_revenue": 4974225, 
        "long_term_average": 862745, 
        "date": "2013-05-31", 
        "operating_revenue": 1107833, 
        "short_term_average": 1057682
    }, 
    {
        "accumulated_operating_revenue_yoy": 2.4514655397916507, 
        "accumulated_operating_revenue": 6078552, 
        "long_term_average": 872669, 
        "date": "2013-06-30", 
        "operating_revenue": 1104327, 
        "short_term_average": 1095655
    }, 
    {
        "accumulated_operating_revenue_yoy": 4.389422415739229, 
        "accumulated_operating_revenue": 7241346, 
        "long_term_average": 885922, 
        "date": "2013-07-31", 
        "operating_revenue": 1162794, 
        "short_term_average": 1124984
    }, 
    {
        "accumulated_operating_revenue_yoy": 10.2310097642844, 
        "accumulated_operating_revenue": 8428069, 
        "long_term_average": 925736, 
        "date": "2013-08-31", 
        "operating_revenue": 1186723, 
        "short_term_average": 1151281
    }, 
    {
        "accumulated_operating_revenue_yoy": 20.05102521385659, 
        "accumulated_operating_revenue": 9648274, 
        "long_term_average": 994837, 
        "date": "2013-09-30", 
        "operating_revenue": 1220205, 
        "short_term_average": 1189907
    }, 
    {
        "accumulated_operating_revenue_yoy": 25.18762024867967, 
        "accumulated_operating_revenue": 10946229, 
        "long_term_average": 1044079, 
        "date": "2013-10-31", 
        "operating_revenue": 1297955, 
        "short_term_average": 1234961
    }, 
    {
        "accumulated_operating_revenue_yoy": 28.407653158991806, 
        "accumulated_operating_revenue": 12276275, 
        "long_term_average": 1086872, 
        "date": "2013-11-30", 
        "operating_revenue": 1330046, 
        "short_term_average": 1282735
    }, 
    {
        "accumulated_operating_revenue_yoy": 32.08742636846036, 
        "accumulated_operating_revenue": 13640123, 
        "long_term_average": 1136676, 
        "date": "2013-12-31", 
        "operating_revenue": 1363848, 
        "short_term_average": 1330616
    }, 
    {
        "accumulated_operating_revenue_yoy": 65.0402792664432, 
        "accumulated_operating_revenue": 1402745, 
        "long_term_average": 1182743, 
        "date": "2014-01-31", 
        "operating_revenue": 1402745, 
        "short_term_average": 1365546
    }, 
    {
        "accumulated_operating_revenue_yoy": 52.251026827998125, 
        "accumulated_operating_revenue": 2742312, 
        "long_term_average": 1215104, 
        "date": "2014-02-28", 
        "operating_revenue": 1339567, 
        "short_term_average": 1368720
    }, 
    {
        "accumulated_operating_revenue_yoy": 42.18641302829288, 
        "accumulated_operating_revenue": 3969256, 
        "long_term_average": 1234816, 
        "date": "2014-03-31", 
        "operating_revenue": 1226944, 
        "short_term_average": 1323085
    }, 
    {
        "accumulated_operating_revenue_yoy": 32.60675585920931, 
        "accumulated_operating_revenue": 5127097, 
        "long_term_average": 1241735, 
        "date": "2014-04-30", 
        "operating_revenue": 1157841, 
        "short_term_average": 1241450
    }, 
    {
        "accumulated_operating_revenue_yoy": 28.1135252225221, 
        "accumulated_operating_revenue": 6372655, 
        "long_term_average": 1253212, 
        "date": "2014-05-31", 
        "operating_revenue": 1245558, 
        "short_term_average": 1210114
    }, 
    {
        "accumulated_operating_revenue_yoy": 23.898602825146515, 
        "accumulated_operating_revenue": 7531241, 
        "long_term_average": 1257734, 
        "date": "2014-06-30", 
        "operating_revenue": 1158586, 
        "short_term_average": 1187328
    }, 
    {
        "accumulated_operating_revenue_yoy": 21.661704881937695, 
        "accumulated_operating_revenue": 8809945, 
        "long_term_average": 1267393, 
        "date": "2014-07-31", 
        "operating_revenue": 1278704, 
        "short_term_average": 1227616
    }, 
    {
        "accumulated_operating_revenue_yoy": 20.304413739374937, 
        "accumulated_operating_revenue": 10139339, 
        "long_term_average": 1279282, 
        "date": "2014-08-31", 
        "operating_revenue": 1329394, 
        "short_term_average": 1255561
    }, 
    {
        "accumulated_operating_revenue_yoy": 19.149352516315354, 
        "accumulated_operating_revenue": 11495856, 
        "long_term_average": 1290642, 
        "date": "2014-09-30", 
        "operating_revenue": 1356517, 
        "short_term_average": 1321538
    }, 
    {
        "accumulated_operating_revenue_yoy": 19.51149569408789, 
        "accumulated_operating_revenue": 13082002, 
        "long_term_average": 1314658, 
        "date": "2014-10-31", 
        "operating_revenue": 1586146, 
        "short_term_average": 1424019
    }, 
    {
        "accumulated_operating_revenue_yoy": 18.850669278751088, 
        "accumulated_operating_revenue": 14590435, 
        "long_term_average": 1329523, 
        "date": "2014-11-30", 
        "operating_revenue": 1508433, 
        "short_term_average": 1483698
    }, 
    {
        "accumulated_operating_revenue_yoy": 16.921101078047464, 
        "accumulated_operating_revenue": 15948182, 
        "long_term_average": 1329015, 
        "date": "2014-12-31", 
        "operating_revenue": 1357747, 
        "short_term_average": 1484108
    }, 
    {
        "accumulated_operating_revenue_yoy": 12.732820291642458, 
        "accumulated_operating_revenue": 1581354, 
        "long_term_average": 1343899, 
        "date": "2015-01-31", 
        "operating_revenue": 1581354, 
        "short_term_average": 1482511
    }, 
    {
        "accumulated_operating_revenue_yoy": 4.265962443368953, 
        "accumulated_operating_revenue": 2859298, 
        "long_term_average": 1338764, 
        "date": "2015-02-28", 
        "operating_revenue": 1277944, 
        "short_term_average": 1405681
    }, 
    {
        "accumulated_operating_revenue_yoy": 4.357491681060632, 
        "accumulated_operating_revenue": 4142216, 
        "long_term_average": 1343428, 
        "date": "2015-03-31", 
        "operating_revenue": 1282918, 
        "short_term_average": 1380738
    }, 
    {
        "accumulated_operating_revenue_yoy": 2.261416158110525, 
        "accumulated_operating_revenue": 5243042, 
        "long_term_average": 1338677, 
        "date": "2015-04-30", 
        "operating_revenue": 1100826, 
        "short_term_average": 1220562
    }, 
    {
        "accumulated_operating_revenue_yoy": 1.373493465439444, 
        "accumulated_operating_revenue": 6460183, 
        "long_term_average": 1336309, 
        "date": "2015-05-31", 
        "operating_revenue": 1217141, 
        "short_term_average": 1200295
    }, 
    {
        "accumulated_operating_revenue_yoy": 1.366361798805801, 
        "accumulated_operating_revenue": 7634145, 
        "long_term_average": 1337590, 
        "date": "2015-06-30", 
        "operating_revenue": 1173962, 
        "short_term_average": 1163976
    }, 
    {
        "accumulated_operating_revenue_yoy": 0.4133283465447287, 
        "accumulated_operating_revenue": 8846359, 
        "long_term_average": 1332049, 
        "date": "2015-07-31", 
        "operating_revenue": 1212214, 
        "short_term_average": 1201105
    }, 
    {
        "accumulated_operating_revenue_yoy": 0.163176317509455, 
        "accumulated_operating_revenue": 10155884, 
        "long_term_average": 1330393, 
        "date": "2015-08-31", 
        "operating_revenue": 1309525, 
        "short_term_average": 1231900
    }, 
    {
        "accumulated_operating_revenue_yoy": -0.07458339770435538, 
        "accumulated_operating_revenue": 11487282, 
        "long_term_average": 1328300, 
        "date": "2015-09-30", 
        "operating_revenue": 1331398, 
        "short_term_average": 1284379
    }, 
    {
        "accumulated_operating_revenue_yoy": -1.7808054149510144, 
        "accumulated_operating_revenue": 12849037, 
        "long_term_average": 1309601, 
        "date": "2015-10-31", 
        "operating_revenue": 1361755, 
        "short_term_average": 1334226
    }
]