[
    {
        "date": "2011-09-30", 
        "operating_revenue": 61536, 
        "accumulated_operating_revenue": 61536, 
        "long_term_average": 61536, 
        "short_term_average": 61536
    }, 
    {
        "date": "2011-10-31", 
        "operating_revenue": 70100, 
        "accumulated_operating_revenue": 131636, 
        "long_term_average": 65818, 
        "short_term_average": 65818
    }, 
    {
        "date": "2011-11-30", 
        "operating_revenue": 66837, 
        "accumulated_operating_revenue": 198473, 
        "long_term_average": 66157, 
        "short_term_average": 66157
    }, 
    {
        "date": "2011-12-31", 
        "operating_revenue": 50612, 
        "accumulated_operating_revenue": 249085, 
        "long_term_average": 62271, 
        "short_term_average": 62516
    }, 
    {
        "date": "2012-01-31", 
        "operating_revenue": 42324, 
        "accumulated_operating_revenue": 42324, 
        "long_term_average": 58281, 
        "short_term_average": 53257
    }, 
    {
        "date": "2012-02-29", 
        "operating_revenue": 59392, 
        "accumulated_operating_revenue": 101716, 
        "long_term_average": 58466, 
        "short_term_average": 50776
    }, 
    {
        "date": "2012-03-31", 
        "operating_revenue": 63595, 
        "accumulated_operating_revenue": 165311, 
        "long_term_average": 59199, 
        "short_term_average": 55103
    }, 
    {
        "date": "2012-04-30", 
        "operating_revenue": 48078, 
        "accumulated_operating_revenue": 213389, 
        "long_term_average": 57809, 
        "short_term_average": 57021
    }, 
    {
        "date": "2012-05-31", 
        "operating_revenue": 56504, 
        "accumulated_operating_revenue": 269893, 
        "long_term_average": 57664, 
        "short_term_average": 56059
    }, 
    {
        "date": "2012-06-30", 
        "operating_revenue": 47908, 
        "accumulated_operating_revenue": 317801, 
        "long_term_average": 56688, 
        "short_term_average": 50830
    }, 
    {
        "date": "2012-07-31", 
        "operating_revenue": 56535, 
        "accumulated_operating_revenue": 374336, 
        "long_term_average": 56674, 
        "short_term_average": 53649
    }, 
    {
        "date": "2012-08-31", 
        "operating_revenue": 41870, 
        "accumulated_operating_revenue": 416206, 
        "long_term_average": 55440, 
        "short_term_average": 48771
    }, 
    {
        "accumulated_operating_revenue_yoy": 648.0677977119084, 
        "accumulated_operating_revenue": 460331, 
        "long_term_average": 53990, 
        "date": "2012-09-30", 
        "operating_revenue": 44125, 
        "short_term_average": 47510
    }, 
    {
        "accumulated_operating_revenue_yoy": 285.89215716065513, 
        "accumulated_operating_revenue": 507973, 
        "long_term_average": 52118, 
        "date": "2012-10-31", 
        "operating_revenue": 47642, 
        "short_term_average": 44545
    }, 
    {
        "accumulated_operating_revenue_yoy": 184.30416227900017, 
        "accumulated_operating_revenue": 564267, 
        "long_term_average": 51239, 
        "date": "2012-11-30", 
        "operating_revenue": 56294, 
        "short_term_average": 49353
    }, 
    {
        "accumulated_operating_revenue_yoy": 151.31059678423028, 
        "accumulated_operating_revenue": 625977, 
        "long_term_average": 52164, 
        "date": "2012-12-31", 
        "operating_revenue": 61710, 
        "short_term_average": 55215
    }, 
    {
        "accumulated_operating_revenue_yoy": -2.9604952272942064, 
        "accumulated_operating_revenue": 41071, 
        "long_term_average": 52060, 
        "date": "2013-01-31", 
        "operating_revenue": 41071, 
        "short_term_average": 53025
    }, 
    {
        "accumulated_operating_revenue_yoy": -38.58979904833065, 
        "accumulated_operating_revenue": 62464, 
        "long_term_average": 48893, 
        "date": "2013-02-28", 
        "operating_revenue": 21393, 
        "short_term_average": 41391
    }, 
    {
        "accumulated_operating_revenue_yoy": -29.6713467343371, 
        "accumulated_operating_revenue": 116261, 
        "long_term_average": 48077, 
        "date": "2013-03-31", 
        "operating_revenue": 53797, 
        "short_term_average": 38753
    }, 
    {
        "accumulated_operating_revenue_yoy": -18.684655722647374, 
        "accumulated_operating_revenue": 173518, 
        "long_term_average": 48842, 
        "date": "2013-04-30", 
        "operating_revenue": 57257, 
        "short_term_average": 44149
    }, 
    {
        "accumulated_operating_revenue_yoy": -17.342798812862874, 
        "accumulated_operating_revenue": 223086, 
        "long_term_average": 48264, 
        "date": "2013-05-31", 
        "operating_revenue": 49568, 
        "short_term_average": 53540
    }, 
    {
        "accumulated_operating_revenue_yoy": -11.223375634437902, 
        "accumulated_operating_revenue": 282133, 
        "long_term_average": 49192, 
        "date": "2013-06-30", 
        "operating_revenue": 59047, 
        "short_term_average": 55290
    }, 
    {
        "accumulated_operating_revenue_yoy": -13.251196785775345, 
        "accumulated_operating_revenue": 324732, 
        "long_term_average": 48031, 
        "date": "2013-07-31", 
        "operating_revenue": 42599, 
        "short_term_average": 50404
    }, 
    {
        "accumulated_operating_revenue_yoy": -11.356635896647333, 
        "accumulated_operating_revenue": 368939, 
        "long_term_average": 48225, 
        "date": "2013-08-31", 
        "operating_revenue": 44207, 
        "short_term_average": 48617
    }, 
    {
        "accumulated_operating_revenue_yoy": -7.548046948825954, 
        "accumulated_operating_revenue": 425585, 
        "long_term_average": 49269, 
        "date": "2013-09-30", 
        "operating_revenue": 56646, 
        "short_term_average": 47817
    }, 
    {
        "accumulated_operating_revenue_yoy": -6.4342002429262966, 
        "accumulated_operating_revenue": 475289, 
        "long_term_average": 49441, 
        "date": "2013-10-31", 
        "operating_revenue": 49704, 
        "short_term_average": 50185
    }, 
    {
        "accumulated_operating_revenue_yoy": -6.329095977613434, 
        "accumulated_operating_revenue": 528554, 
        "long_term_average": 49188, 
        "date": "2013-11-30", 
        "operating_revenue": 53265, 
        "short_term_average": 53205
    }, 
    {
        "accumulated_operating_revenue_yoy": -8.151896954680444, 
        "accumulated_operating_revenue": 574948, 
        "long_term_average": 47912, 
        "date": "2013-12-31", 
        "operating_revenue": 46394, 
        "short_term_average": 49787
    }, 
    {
        "accumulated_operating_revenue_yoy": -3.133597915804339, 
        "accumulated_operating_revenue": 39784, 
        "long_term_average": 47805, 
        "date": "2014-01-31", 
        "operating_revenue": 39784, 
        "short_term_average": 46481
    }, 
    {
        "accumulated_operating_revenue_yoy": 4.594646516393443, 
        "accumulated_operating_revenue": 65334, 
        "long_term_average": 48151, 
        "date": "2014-02-28", 
        "operating_revenue": 25550, 
        "short_term_average": 37242
    }, 
    {
        "accumulated_operating_revenue_yoy": -3.27366872812035, 
        "accumulated_operating_revenue": 112455, 
        "long_term_average": 47595, 
        "date": "2014-03-31", 
        "operating_revenue": 47121, 
        "short_term_average": 37485
    }, 
    {
        "accumulated_operating_revenue_yoy": -12.934104819096579, 
        "accumulated_operating_revenue": 151075, 
        "long_term_average": 46042, 
        "date": "2014-04-30", 
        "operating_revenue": 38620, 
        "short_term_average": 37097
    }, 
    {
        "accumulated_operating_revenue_yoy": -16.194203132424267, 
        "accumulated_operating_revenue": 186959, 
        "long_term_average": 44901, 
        "date": "2014-05-31", 
        "operating_revenue": 35884, 
        "short_term_average": 40541
    }, 
    {
        "accumulated_operating_revenue_yoy": -20.29751925510309, 
        "accumulated_operating_revenue": 224867, 
        "long_term_average": 43140, 
        "date": "2014-06-30", 
        "operating_revenue": 37908, 
        "short_term_average": 37470
    }, 
    {
        "accumulated_operating_revenue_yoy": -18.71266151780545, 
        "accumulated_operating_revenue": 263966, 
        "long_term_average": 42848, 
        "date": "2014-07-31", 
        "operating_revenue": 39099, 
        "short_term_average": 37630
    }, 
    {
        "accumulated_operating_revenue_yoy": -18.54832370662901, 
        "accumulated_operating_revenue": 300507, 
        "long_term_average": 42209, 
        "date": "2014-08-31", 
        "operating_revenue": 36541, 
        "short_term_average": 37849
    }, 
    {
        "accumulated_operating_revenue_yoy": -14.076153999788527, 
        "accumulated_operating_revenue": 365679, 
        "long_term_average": 42920, 
        "date": "2014-09-30", 
        "operating_revenue": 65172, 
        "short_term_average": 46937
    }, 
    {
        "accumulated_operating_revenue_yoy": -13.834950945635182, 
        "accumulated_operating_revenue": 409533, 
        "long_term_average": 42432, 
        "date": "2014-10-31", 
        "operating_revenue": 43854, 
        "short_term_average": 48522
    }, 
    {
        "accumulated_operating_revenue_yoy": -5.707836852998937, 
        "accumulated_operating_revenue": 498385, 
        "long_term_average": 45398, 
        "date": "2014-11-30", 
        "operating_revenue": 88852, 
        "short_term_average": 65959
    }, 
    {
        "accumulated_operating_revenue_yoy": 0.15392696382977245, 
        "accumulated_operating_revenue": 575833, 
        "long_term_average": 47986, 
        "date": "2014-12-31", 
        "operating_revenue": 77448, 
        "short_term_average": 70051
    }, 
    {
        "accumulated_operating_revenue_yoy": 40.6721294992962, 
        "accumulated_operating_revenue": 55965, 
        "long_term_average": 49334, 
        "date": "2015-01-31", 
        "operating_revenue": 55965, 
        "short_term_average": 74088
    }, 
    {
        "accumulated_operating_revenue_yoy": 19.67735023112009, 
        "accumulated_operating_revenue": 78190, 
        "long_term_average": 49057, 
        "date": "2015-02-28", 
        "operating_revenue": 22225, 
        "short_term_average": 51879
    }, 
    {
        "accumulated_operating_revenue_yoy": -1.3196389666977903, 
        "accumulated_operating_revenue": 110971, 
        "long_term_average": 47862, 
        "date": "2015-03-31", 
        "operating_revenue": 32781, 
        "short_term_average": 36990
    }, 
    {
        "accumulated_operating_revenue_yoy": -5.629654145292074, 
        "accumulated_operating_revenue": 142570, 
        "long_term_average": 47277, 
        "date": "2015-04-30", 
        "operating_revenue": 31599, 
        "short_term_average": 28868
    }, 
    {
        "accumulated_operating_revenue_yoy": -10.447745227563262, 
        "accumulated_operating_revenue": 167426, 
        "long_term_average": 46358, 
        "date": "2015-05-31", 
        "operating_revenue": 24856, 
        "short_term_average": 29745
    }, 
    {
        "accumulated_operating_revenue_yoy": 0.9463371681927538, 
        "accumulated_operating_revenue": 226995, 
        "long_term_average": 48163, 
        "date": "2015-06-30", 
        "operating_revenue": 59569, 
        "short_term_average": 38674
    }, 
    {
        "accumulated_operating_revenue_yoy": -1.4664767432169294, 
        "accumulated_operating_revenue": 260095, 
        "long_term_average": 47663, 
        "date": "2015-07-31", 
        "operating_revenue": 33100, 
        "short_term_average": 39175
    }, 
    {
        "accumulated_operating_revenue_yoy": -0.01297806706665735, 
        "accumulated_operating_revenue": 300468, 
        "long_term_average": 47982, 
        "date": "2015-08-31", 
        "operating_revenue": 40373, 
        "short_term_average": 44347
    }, 
    {
        "accumulated_operating_revenue_yoy": -4.640408664429732, 
        "accumulated_operating_revenue": 348710, 
        "long_term_average": 46572, 
        "date": "2015-09-30", 
        "operating_revenue": 48242, 
        "short_term_average": 40571
    }
]