[
    {
        "date": "2011-09-30", 
        "operating_revenue": 55443, 
        "accumulated_operating_revenue": 55443, 
        "long_term_average": 55443, 
        "short_term_average": 55443
    }, 
    {
        "date": "2011-10-31", 
        "operating_revenue": 51795, 
        "accumulated_operating_revenue": 107238, 
        "long_term_average": 53619, 
        "short_term_average": 53619
    }, 
    {
        "date": "2011-11-30", 
        "operating_revenue": 42987, 
        "accumulated_operating_revenue": 150225, 
        "long_term_average": 50075, 
        "short_term_average": 50075
    }, 
    {
        "date": "2011-12-31", 
        "operating_revenue": 63868, 
        "accumulated_operating_revenue": 214093, 
        "long_term_average": 53523, 
        "short_term_average": 52883
    }, 
    {
        "date": "2012-01-31", 
        "operating_revenue": 37297, 
        "accumulated_operating_revenue": 37297, 
        "long_term_average": 50278, 
        "short_term_average": 48050
    }, 
    {
        "date": "2012-02-29", 
        "operating_revenue": 56399, 
        "accumulated_operating_revenue": 93696, 
        "long_term_average": 51298, 
        "short_term_average": 52521
    }, 
    {
        "date": "2012-03-31", 
        "operating_revenue": 82196, 
        "accumulated_operating_revenue": 175892, 
        "long_term_average": 55712, 
        "short_term_average": 58630
    }, 
    {
        "date": "2012-04-30", 
        "operating_revenue": 103955, 
        "accumulated_operating_revenue": 279847, 
        "long_term_average": 61742, 
        "short_term_average": 80850
    }, 
    {
        "date": "2012-05-31", 
        "operating_revenue": 67335, 
        "accumulated_operating_revenue": 347182, 
        "long_term_average": 62363, 
        "short_term_average": 84495
    }, 
    {
        "date": "2012-06-30", 
        "operating_revenue": 77688, 
        "accumulated_operating_revenue": 424870, 
        "long_term_average": 63896, 
        "short_term_average": 82992
    }, 
    {
        "date": "2012-07-31", 
        "operating_revenue": 44479, 
        "accumulated_operating_revenue": 469349, 
        "long_term_average": 62131, 
        "short_term_average": 63167
    }, 
    {
        "date": "2012-08-31", 
        "operating_revenue": 53378, 
        "accumulated_operating_revenue": 522727, 
        "long_term_average": 61401, 
        "short_term_average": 58515
    }, 
    {
        "accumulated_operating_revenue_yoy": 930.995797485706, 
        "accumulated_operating_revenue": 571615, 
        "long_term_average": 60855, 
        "date": "2012-09-30", 
        "operating_revenue": 48888, 
        "short_term_average": 48915
    }, 
    {
        "accumulated_operating_revenue_yoy": 582.8978533728716, 
        "accumulated_operating_revenue": 732326, 
        "long_term_average": 69931, 
        "date": "2012-10-31", 
        "operating_revenue": 160711, 
        "short_term_average": 87659
    }, 
    {
        "accumulated_operating_revenue_yoy": 468.05724746214014, 
        "accumulated_operating_revenue": 853364, 
        "long_term_average": 76436, 
        "date": "2012-11-30", 
        "operating_revenue": 121038, 
        "short_term_average": 110212
    }, 
    {
        "accumulated_operating_revenue_yoy": 367.39174097238117, 
        "accumulated_operating_revenue": 1000653, 
        "long_term_average": 83387, 
        "date": "2012-12-31", 
        "operating_revenue": 147289, 
        "short_term_average": 143012
    }, 
    {
        "accumulated_operating_revenue_yoy": 221.32343083894148, 
        "accumulated_operating_revenue": 119844, 
        "long_term_average": 90266, 
        "date": "2013-01-31", 
        "operating_revenue": 119844, 
        "short_term_average": 129390
    }, 
    {
        "accumulated_operating_revenue_yoy": 146.2154200819672, 
        "accumulated_operating_revenue": 230694, 
        "long_term_average": 94804, 
        "date": "2013-02-28", 
        "operating_revenue": 110850, 
        "short_term_average": 125994
    }, 
    {
        "accumulated_operating_revenue_yoy": 105.7688809041912, 
        "accumulated_operating_revenue": 361931, 
        "long_term_average": 98891, 
        "date": "2013-03-31", 
        "operating_revenue": 131237, 
        "short_term_average": 120643
    }, 
    {
        "accumulated_operating_revenue_yoy": 70.03898558855374, 
        "accumulated_operating_revenue": 475849, 
        "long_term_average": 99721, 
        "date": "2013-04-30", 
        "operating_revenue": 113918, 
        "short_term_average": 118668
    }, 
    {
        "accumulated_operating_revenue_yoy": 65.57972475531567, 
        "accumulated_operating_revenue": 574863, 
        "long_term_average": 102361, 
        "date": "2013-05-31", 
        "operating_revenue": 99014, 
        "short_term_average": 114723
    }, 
    {
        "accumulated_operating_revenue_yoy": 50.57193965212888, 
        "accumulated_operating_revenue": 639735, 
        "long_term_average": 101293, 
        "date": "2013-06-30", 
        "operating_revenue": 64872, 
        "short_term_average": 92601
    }, 
    {
        "accumulated_operating_revenue_yoy": 53.81645641090106, 
        "accumulated_operating_revenue": 721936, 
        "long_term_average": 104436, 
        "date": "2013-07-31", 
        "operating_revenue": 82201, 
        "short_term_average": 82029
    }, 
    {
        "accumulated_operating_revenue_yoy": 57.32896904120124, 
        "accumulated_operating_revenue": 822401, 
        "long_term_average": 108360, 
        "date": "2013-08-31", 
        "operating_revenue": 100465, 
        "short_term_average": 82512
    }, 
    {
        "accumulated_operating_revenue_yoy": 54.92158183392668, 
        "accumulated_operating_revenue": 885555, 
        "long_term_average": 109549, 
        "date": "2013-09-30", 
        "operating_revenue": 63154, 
        "short_term_average": 81940
    }, 
    {
        "accumulated_operating_revenue_yoy": 32.24684088780133, 
        "accumulated_operating_revenue": 968478, 
        "long_term_average": 103067, 
        "date": "2013-10-31", 
        "operating_revenue": 82923, 
        "short_term_average": 82180
    }, 
    {
        "accumulated_operating_revenue_yoy": 21.052563735990738, 
        "accumulated_operating_revenue": 1033019, 
        "long_term_average": 98359, 
        "date": "2013-11-30", 
        "operating_revenue": 64541, 
        "short_term_average": 70206
    }, 
    {
        "accumulated_operating_revenue_yoy": 9.882346827521628, 
        "accumulated_operating_revenue": 1099541, 
        "long_term_average": 91628, 
        "date": "2013-12-31", 
        "operating_revenue": 66522, 
        "short_term_average": 71328
    }, 
    {
        "accumulated_operating_revenue_yoy": -15.762991889456293, 
        "accumulated_operating_revenue": 100953, 
        "long_term_average": 90054, 
        "date": "2014-01-31", 
        "operating_revenue": 100953, 
        "short_term_average": 77338
    }, 
    {
        "accumulated_operating_revenue_yoy": -41.56154906499519, 
        "accumulated_operating_revenue": 134814, 
        "long_term_average": 83638, 
        "date": "2014-02-28", 
        "operating_revenue": 33861, 
        "short_term_average": 67112
    }, 
    {
        "accumulated_operating_revenue_yoy": -48.43243601680983, 
        "accumulated_operating_revenue": 186639, 
        "long_term_average": 77020, 
        "date": "2014-03-31", 
        "operating_revenue": 51825, 
        "short_term_average": 62213
    }, 
    {
        "accumulated_operating_revenue_yoy": -48.03267423069083, 
        "accumulated_operating_revenue": 247286, 
        "long_term_average": 72581, 
        "date": "2014-04-30", 
        "operating_revenue": 60647, 
        "short_term_average": 48777
    }, 
    {
        "accumulated_operating_revenue_yoy": -39.60613224368241, 
        "accumulated_operating_revenue": 347182, 
        "long_term_average": 72655, 
        "date": "2014-05-31", 
        "operating_revenue": 99896, 
        "short_term_average": 70789
    }, 
    {
        "accumulated_operating_revenue_yoy": -35.13595473125591, 
        "accumulated_operating_revenue": 414958, 
        "long_term_average": 72897, 
        "date": "2014-06-30", 
        "operating_revenue": 67776, 
        "short_term_average": 76106
    }, 
    {
        "accumulated_operating_revenue_yoy": -33.02619622792048, 
        "accumulated_operating_revenue": 483508, 
        "long_term_average": 71759, 
        "date": "2014-07-31", 
        "operating_revenue": 68550, 
        "short_term_average": 78740
    }, 
    {
        "accumulated_operating_revenue_yoy": -30.63444718574029, 
        "accumulated_operating_revenue": 570463, 
        "long_term_average": 70633, 
        "date": "2014-08-31", 
        "operating_revenue": 86955, 
        "short_term_average": 74427
    }, 
    {
        "accumulated_operating_revenue_yoy": -27.6912218890978, 
        "accumulated_operating_revenue": 640334, 
        "long_term_average": 71193, 
        "date": "2014-09-30", 
        "operating_revenue": 69871, 
        "short_term_average": 75125
    }, 
    {
        "accumulated_operating_revenue_yoy": -26.620119403848097, 
        "accumulated_operating_revenue": 710668, 
        "long_term_average": 70144, 
        "date": "2014-10-31", 
        "operating_revenue": 70334, 
        "short_term_average": 75720
    }, 
    {
        "accumulated_operating_revenue_yoy": -22.65766650952209, 
        "accumulated_operating_revenue": 798961, 
        "long_term_average": 72123, 
        "date": "2014-11-30", 
        "operating_revenue": 88293, 
        "short_term_average": 76166
    }, 
    {
        "accumulated_operating_revenue_yoy": -19.93449994133916, 
        "accumulated_operating_revenue": 880353, 
        "long_term_average": 73362, 
        "date": "2014-12-31", 
        "operating_revenue": 81392, 
        "short_term_average": 80006
    }, 
    {
        "accumulated_operating_revenue_yoy": -25.470268342694126, 
        "accumulated_operating_revenue": 75240, 
        "long_term_average": 71220, 
        "date": "2015-01-31", 
        "operating_revenue": 75240, 
        "short_term_average": 81641
    }, 
    {
        "accumulated_operating_revenue_yoy": -11.929769905202724, 
        "accumulated_operating_revenue": 118731, 
        "long_term_average": 72022, 
        "date": "2015-02-28", 
        "operating_revenue": 43491, 
        "short_term_average": 66707
    }, 
    {
        "accumulated_operating_revenue_yoy": 13.406629911218984, 
        "accumulated_operating_revenue": 211661, 
        "long_term_average": 75447, 
        "date": "2015-03-31", 
        "operating_revenue": 92930, 
        "short_term_average": 70553
    }, 
    {
        "accumulated_operating_revenue_yoy": 18.132445831951667, 
        "accumulated_operating_revenue": 292125, 
        "long_term_average": 77099, 
        "date": "2015-04-30", 
        "operating_revenue": 80464, 
        "short_term_average": 72295
    }, 
    {
        "accumulated_operating_revenue_yoy": 12.93356222384801, 
        "accumulated_operating_revenue": 392085, 
        "long_term_average": 77104, 
        "date": "2015-05-31", 
        "operating_revenue": 99960, 
        "short_term_average": 91118
    }, 
    {
        "accumulated_operating_revenue_yoy": 11.522852915234795, 
        "accumulated_operating_revenue": 462773, 
        "long_term_average": 77347, 
        "date": "2015-06-30", 
        "operating_revenue": 70688, 
        "short_term_average": 83704
    }, 
    {
        "accumulated_operating_revenue_yoy": 10.542948617189374, 
        "accumulated_operating_revenue": 534484, 
        "long_term_average": 77610, 
        "date": "2015-07-31", 
        "operating_revenue": 71711, 
        "short_term_average": 80786
    }, 
    {
        "accumulated_operating_revenue_yoy": 2.269384692784633, 
        "accumulated_operating_revenue": 583409, 
        "long_term_average": 74441, 
        "date": "2015-08-31", 
        "operating_revenue": 48925, 
        "short_term_average": 63774
    }, 
    {
        "accumulated_operating_revenue_yoy": -0.4305565532987472, 
        "accumulated_operating_revenue": 637577, 
        "long_term_average": 73133, 
        "date": "2015-09-30", 
        "operating_revenue": 54168, 
        "short_term_average": 58268
    }
]