[
    {
        "date": "2011-09-30", 
        "operating_revenue": 720476, 
        "accumulated_operating_revenue": 720476, 
        "long_term_average": 720476, 
        "short_term_average": 720476
    }, 
    {
        "date": "2011-10-31", 
        "operating_revenue": 844157, 
        "accumulated_operating_revenue": 1564633, 
        "long_term_average": 782316, 
        "short_term_average": 782316
    }, 
    {
        "date": "2011-11-30", 
        "operating_revenue": 947828, 
        "accumulated_operating_revenue": 2512461, 
        "long_term_average": 837487, 
        "short_term_average": 837487
    }, 
    {
        "date": "2011-12-31", 
        "operating_revenue": 595731, 
        "accumulated_operating_revenue": 3108192, 
        "long_term_average": 777048, 
        "short_term_average": 795905
    }, 
    {
        "date": "2012-01-31", 
        "operating_revenue": 342882, 
        "accumulated_operating_revenue": 342882, 
        "long_term_average": 690214, 
        "short_term_average": 628813
    }, 
    {
        "date": "2012-02-29", 
        "operating_revenue": 229874, 
        "accumulated_operating_revenue": 572756, 
        "long_term_average": 613491, 
        "short_term_average": 389495
    }, 
    {
        "date": "2012-03-31", 
        "operating_revenue": 288041, 
        "accumulated_operating_revenue": 860797, 
        "long_term_average": 566998, 
        "short_term_average": 286932
    }, 
    {
        "date": "2012-04-30", 
        "operating_revenue": 309406, 
        "accumulated_operating_revenue": 1170203, 
        "long_term_average": 534799, 
        "short_term_average": 275773
    }, 
    {
        "date": "2012-05-31", 
        "operating_revenue": 347022, 
        "accumulated_operating_revenue": 1517225, 
        "long_term_average": 513935, 
        "short_term_average": 314823
    }, 
    {
        "date": "2012-06-30", 
        "operating_revenue": 347255, 
        "accumulated_operating_revenue": 1864480, 
        "long_term_average": 497267, 
        "short_term_average": 334561
    }, 
    {
        "date": "2012-07-31", 
        "operating_revenue": 388074, 
        "accumulated_operating_revenue": 2252554, 
        "long_term_average": 487340, 
        "short_term_average": 360783
    }, 
    {
        "date": "2012-08-31", 
        "operating_revenue": 529858, 
        "accumulated_operating_revenue": 2782412, 
        "long_term_average": 490883, 
        "short_term_average": 421729
    }, 
    {
        "accumulated_operating_revenue_yoy": 344.2768392007506, 
        "accumulated_operating_revenue": 3200908, 
        "long_term_average": 465718, 
        "date": "2012-09-30", 
        "operating_revenue": 418496, 
        "short_term_average": 445476
    }, 
    {
        "accumulated_operating_revenue_yoy": 128.68774977902166, 
        "accumulated_operating_revenue": 3578124, 
        "long_term_average": 426806, 
        "date": "2012-10-31", 
        "operating_revenue": 377216, 
        "short_term_average": 441856
    }, 
    {
        "accumulated_operating_revenue_yoy": 62.36506755726755, 
        "accumulated_operating_revenue": 4079359, 
        "long_term_average": 389590, 
        "date": "2012-11-30", 
        "operating_revenue": 501235, 
        "short_term_average": 432315
    }, 
    {
        "accumulated_operating_revenue_yoy": 46.32484093646724, 
        "accumulated_operating_revenue": 4548057, 
        "long_term_average": 379004, 
        "date": "2012-12-31", 
        "operating_revenue": 468698, 
        "short_term_average": 449049
    }, 
    {
        "accumulated_operating_revenue_yoy": 94.74046464964624, 
        "accumulated_operating_revenue": 667730, 
        "long_term_average": 406075, 
        "date": "2013-01-31", 
        "operating_revenue": 667730, 
        "short_term_average": 545887
    }, 
    {
        "accumulated_operating_revenue_yoy": 111.044144452437, 
        "accumulated_operating_revenue": 1208768, 
        "long_term_average": 432005, 
        "date": "2013-02-28", 
        "operating_revenue": 541038, 
        "short_term_average": 559155
    }, 
    {
        "accumulated_operating_revenue_yoy": 143.59692238704363, 
        "accumulated_operating_revenue": 2096875, 
        "long_term_average": 482011, 
        "date": "2013-03-31", 
        "operating_revenue": 888107, 
        "short_term_average": 698958
    }, 
    {
        "accumulated_operating_revenue_yoy": 167.83968251662318, 
        "accumulated_operating_revenue": 3134268, 
        "long_term_average": 542676, 
        "date": "2013-04-30", 
        "operating_revenue": 1037393, 
        "short_term_average": 822179
    }, 
    {
        "accumulated_operating_revenue_yoy": 185.6807658719043, 
        "accumulated_operating_revenue": 4334420, 
        "long_term_average": 613771, 
        "date": "2013-05-31", 
        "operating_revenue": 1200152, 
        "short_term_average": 1041884
    }, 
    {
        "accumulated_operating_revenue_yoy": 189.1734424611688, 
        "accumulated_operating_revenue": 5391581, 
        "long_term_average": 672929, 
        "date": "2013-06-30", 
        "operating_revenue": 1057161, 
        "short_term_average": 1098235
    }, 
    {
        "accumulated_operating_revenue_yoy": 172.0152324872123, 
        "accumulated_operating_revenue": 6127290, 
        "long_term_average": 701899, 
        "date": "2013-07-31", 
        "operating_revenue": 735709, 
        "short_term_average": 997674
    }, 
    {
        "accumulated_operating_revenue_yoy": 143.56540296692222, 
        "accumulated_operating_revenue": 6776993, 
        "long_term_average": 711886, 
        "date": "2013-08-31", 
        "operating_revenue": 649703, 
        "short_term_average": 814191
    }, 
    {
        "accumulated_operating_revenue_yoy": 124.96594716249265, 
        "accumulated_operating_revenue": 7200953, 
        "long_term_average": 712341, 
        "date": "2013-09-30", 
        "operating_revenue": 423960, 
        "short_term_average": 603124
    }, 
    {
        "accumulated_operating_revenue_yoy": 113.7966152095344, 
        "accumulated_operating_revenue": 7649908, 
        "long_term_average": 718320, 
        "date": "2013-10-31", 
        "operating_revenue": 448955, 
        "short_term_average": 507539
    }, 
    {
        "accumulated_operating_revenue_yoy": 96.7452729705819, 
        "accumulated_operating_revenue": 8025946, 
        "long_term_average": 707887, 
        "date": "2013-11-30", 
        "operating_revenue": 376038, 
        "short_term_average": 416317
    }, 
    {
        "accumulated_operating_revenue_yoy": 85.58463537286362, 
        "accumulated_operating_revenue": 8440495, 
        "long_term_average": 703374, 
        "date": "2013-12-31", 
        "operating_revenue": 414549, 
        "short_term_average": 413180
    }, 
    {
        "accumulated_operating_revenue_yoy": -45.64928938343342, 
        "accumulated_operating_revenue": 362916, 
        "long_term_average": 677973, 
        "date": "2014-01-31", 
        "operating_revenue": 362916, 
        "short_term_average": 384501
    }, 
    {
        "accumulated_operating_revenue_yoy": -37.07460819611373, 
        "accumulated_operating_revenue": 760622, 
        "long_term_average": 666029, 
        "date": "2014-02-28", 
        "operating_revenue": 397706, 
        "short_term_average": 391723
    }, 
    {
        "accumulated_operating_revenue_yoy": -43.560202682563336, 
        "accumulated_operating_revenue": 1183472, 
        "long_term_average": 627257, 
        "date": "2014-03-31", 
        "operating_revenue": 422850, 
        "short_term_average": 394490
    }, 
    {
        "accumulated_operating_revenue_yoy": -36.31371025068692, 
        "accumulated_operating_revenue": 1996099, 
        "long_term_average": 608527, 
        "date": "2014-04-30", 
        "operating_revenue": 812627, 
        "short_term_average": 544394
    }, 
    {
        "accumulated_operating_revenue_yoy": -30.166988893554386, 
        "accumulated_operating_revenue": 3026856, 
        "long_term_average": 594410, 
        "date": "2014-05-31", 
        "operating_revenue": 1030757, 
        "short_term_average": 755411
    }, 
    {
        "accumulated_operating_revenue_yoy": -25.660951769063654, 
        "accumulated_operating_revenue": 4008050, 
        "long_term_average": 588080, 
        "date": "2014-06-30", 
        "operating_revenue": 981194, 
        "short_term_average": 941526
    }, 
    {
        "accumulated_operating_revenue_yoy": -17.048417816032863, 
        "accumulated_operating_revenue": 5082684, 
        "long_term_average": 616324, 
        "date": "2014-07-31", 
        "operating_revenue": 1074634, 
        "short_term_average": 1028861
    }, 
    {
        "accumulated_operating_revenue_yoy": -8.871604264605262, 
        "accumulated_operating_revenue": 6175765, 
        "long_term_average": 653272, 
        "date": "2014-08-31", 
        "operating_revenue": 1093081, 
        "short_term_average": 1049636
    }, 
    {
        "accumulated_operating_revenue_yoy": -0.5507465470195403, 
        "accumulated_operating_revenue": 7161294, 
        "long_term_average": 700069, 
        "date": "2014-09-30", 
        "operating_revenue": 985529, 
        "short_term_average": 1051081
    }, 
    {
        "accumulated_operating_revenue_yoy": 6.029379699729722, 
        "accumulated_operating_revenue": 8111150, 
        "long_term_average": 741811, 
        "date": "2014-10-31", 
        "operating_revenue": 949856, 
        "short_term_average": 1009488
    }, 
    {
        "accumulated_operating_revenue_yoy": 13.03000294295526, 
        "accumulated_operating_revenue": 9071727, 
        "long_term_average": 790523, 
        "date": "2014-11-30", 
        "operating_revenue": 960577, 
        "short_term_average": 965320
    }, 
    {
        "accumulated_operating_revenue_yoy": 17.005993131919396, 
        "accumulated_operating_revenue": 9875885, 
        "long_term_average": 822990, 
        "date": "2014-12-31", 
        "operating_revenue": 804158, 
        "short_term_average": 904863
    }, 
    {
        "accumulated_operating_revenue_yoy": 1.2071663966317274, 
        "accumulated_operating_revenue": 367297, 
        "long_term_average": 823355, 
        "date": "2015-01-31", 
        "operating_revenue": 367297, 
        "short_term_average": 710677
    }, 
    {
        "accumulated_operating_revenue_yoy": -17.276518428338914, 
        "accumulated_operating_revenue": 629213, 
        "long_term_average": 812039, 
        "date": "2015-02-28", 
        "operating_revenue": 261916, 
        "short_term_average": 477790
    }, 
    {
        "accumulated_operating_revenue_yoy": -8.17323941757811, 
        "accumulated_operating_revenue": 1086744, 
        "long_term_average": 814929, 
        "date": "2015-03-31", 
        "operating_revenue": 457531, 
        "short_term_average": 362248
    }, 
    {
        "accumulated_operating_revenue_yoy": -21.97736685404882, 
        "accumulated_operating_revenue": 1557409, 
        "long_term_average": 786432, 
        "date": "2015-04-30", 
        "operating_revenue": 470665, 
        "short_term_average": 396704
    }, 
    {
        "accumulated_operating_revenue_yoy": -33.037250533226555, 
        "accumulated_operating_revenue": 2026866, 
        "long_term_average": 739657, 
        "date": "2015-05-31", 
        "operating_revenue": 469457, 
        "short_term_average": 465884
    }, 
    {
        "accumulated_operating_revenue_yoy": -37.475605344244705, 
        "accumulated_operating_revenue": 2506009, 
        "long_term_average": 697820, 
        "date": "2015-06-30", 
        "operating_revenue": 479143, 
        "short_term_average": 473088
    }, 
    {
        "accumulated_operating_revenue_yoy": -40.99652860575239, 
        "accumulated_operating_revenue": 2998960, 
        "long_term_average": 649346, 
        "date": "2015-07-31", 
        "operating_revenue": 492951, 
        "short_term_average": 480517
    }, 
    {
        "accumulated_operating_revenue_yoy": -45.82650084645384, 
        "accumulated_operating_revenue": 3345628, 
        "long_term_average": 587145, 
        "date": "2015-08-31", 
        "operating_revenue": 346668, 
        "short_term_average": 439587
    }, 
    {
        "accumulated_operating_revenue_yoy": -49.2467562426567, 
        "accumulated_operating_revenue": 3634589, 
        "long_term_average": 529098, 
        "date": "2015-09-30", 
        "operating_revenue": 288961, 
        "short_term_average": 376193
    }
]