[
    {
        "date": "2012-01-31", 
        "operating_revenue": 51465, 
        "accumulated_operating_revenue": 51465, 
        "long_term_average": 51465, 
        "short_term_average": 51465
    }, 
    {
        "date": "2012-02-29", 
        "operating_revenue": 55389, 
        "accumulated_operating_revenue": 106854, 
        "long_term_average": 53427, 
        "short_term_average": 53427
    }, 
    {
        "date": "2012-03-31", 
        "operating_revenue": 68598, 
        "accumulated_operating_revenue": 175452, 
        "long_term_average": 58484, 
        "short_term_average": 58484
    }, 
    {
        "date": "2012-04-30", 
        "operating_revenue": 65883, 
        "accumulated_operating_revenue": 241335, 
        "long_term_average": 60333, 
        "short_term_average": 63290
    }, 
    {
        "date": "2012-05-31", 
        "operating_revenue": 71231, 
        "accumulated_operating_revenue": 312566, 
        "long_term_average": 62513, 
        "short_term_average": 68570
    }, 
    {
        "date": "2012-06-30", 
        "operating_revenue": 71307, 
        "accumulated_operating_revenue": 383873, 
        "long_term_average": 63978, 
        "short_term_average": 69473
    }, 
    {
        "date": "2012-07-31", 
        "operating_revenue": 70602, 
        "accumulated_operating_revenue": 454475, 
        "long_term_average": 64925, 
        "short_term_average": 71046
    }, 
    {
        "date": "2012-08-31", 
        "operating_revenue": 73218, 
        "accumulated_operating_revenue": 527693, 
        "long_term_average": 65961, 
        "short_term_average": 71709
    }, 
    {
        "date": "2012-09-30", 
        "operating_revenue": 77384, 
        "accumulated_operating_revenue": 605077, 
        "long_term_average": 67230, 
        "short_term_average": 73734
    }, 
    {
        "date": "2012-10-31", 
        "operating_revenue": 77371, 
        "accumulated_operating_revenue": 682448, 
        "long_term_average": 68244, 
        "short_term_average": 75991
    }, 
    {
        "date": "2012-11-30", 
        "operating_revenue": 76322, 
        "accumulated_operating_revenue": 758770, 
        "long_term_average": 68979, 
        "short_term_average": 77025
    }, 
    {
        "date": "2012-12-31", 
        "operating_revenue": 76981, 
        "accumulated_operating_revenue": 835751, 
        "long_term_average": 69645, 
        "short_term_average": 76891
    }, 
    {
        "accumulated_operating_revenue_yoy": 48.27358398911882, 
        "accumulated_operating_revenue": 76309, 
        "long_term_average": 71716, 
        "date": "2013-01-31", 
        "operating_revenue": 76309, 
        "short_term_average": 76537
    }, 
    {
        "accumulated_operating_revenue_yoy": 28.486533026372435, 
        "accumulated_operating_revenue": 137293, 
        "long_term_average": 72182, 
        "date": "2013-02-28", 
        "operating_revenue": 60984, 
        "short_term_average": 71424
    }, 
    {
        "accumulated_operating_revenue_yoy": 23.64122381050088, 
        "accumulated_operating_revenue": 216931, 
        "long_term_average": 73102, 
        "date": "2013-03-31", 
        "operating_revenue": 79638, 
        "short_term_average": 72310
    }, 
    {
        "accumulated_operating_revenue_yoy": 23.74748793171318, 
        "accumulated_operating_revenue": 298646, 
        "long_term_average": 74421, 
        "date": "2013-04-30", 
        "operating_revenue": 81715, 
        "short_term_average": 74112
    }, 
    {
        "accumulated_operating_revenue_yoy": 21.544889719291284, 
        "accumulated_operating_revenue": 379908, 
        "long_term_average": 75257, 
        "date": "2013-05-31", 
        "operating_revenue": 81262, 
        "short_term_average": 80871
    }, 
    {
        "accumulated_operating_revenue_yoy": 20.336413345038594, 
        "accumulated_operating_revenue": 461939, 
        "long_term_average": 76151, 
        "date": "2013-06-30", 
        "operating_revenue": 82031, 
        "short_term_average": 81669
    }, 
    {
        "accumulated_operating_revenue_yoy": 21.148137961384013, 
        "accumulated_operating_revenue": 550588, 
        "long_term_average": 77655, 
        "date": "2013-07-31", 
        "operating_revenue": 88649, 
        "short_term_average": 83980
    }, 
    {
        "accumulated_operating_revenue_yoy": 19.705396887963268, 
        "accumulated_operating_revenue": 631677, 
        "long_term_average": 78311, 
        "date": "2013-08-31", 
        "operating_revenue": 81089, 
        "short_term_average": 83923
    }, 
    {
        "accumulated_operating_revenue_yoy": 17.711795358276717, 
        "accumulated_operating_revenue": 712247, 
        "long_term_average": 78576, 
        "date": "2013-09-30", 
        "operating_revenue": 80570, 
        "short_term_average": 83436
    }, 
    {
        "accumulated_operating_revenue_yoy": 16.094413054181416, 
        "accumulated_operating_revenue": 792284, 
        "long_term_average": 78798, 
        "date": "2013-10-31", 
        "operating_revenue": 80037, 
        "short_term_average": 80565
    }, 
    {
        "accumulated_operating_revenue_yoy": 15.382526984461695, 
        "accumulated_operating_revenue": 875488, 
        "long_term_average": 79372, 
        "date": "2013-11-30", 
        "operating_revenue": 83204, 
        "short_term_average": 81270
    }, 
    {
        "accumulated_operating_revenue_yoy": 14.575992131627721, 
        "accumulated_operating_revenue": 957570, 
        "long_term_average": 79797, 
        "date": "2013-12-31", 
        "operating_revenue": 82082, 
        "short_term_average": 81774
    }, 
    {
        "accumulated_operating_revenue_yoy": 10.04075534995872, 
        "accumulated_operating_revenue": 83971, 
        "long_term_average": 80436, 
        "date": "2014-01-31", 
        "operating_revenue": 83971, 
        "short_term_average": 83085
    }, 
    {
        "accumulated_operating_revenue_yoy": 14.758946195363201, 
        "accumulated_operating_revenue": 157556, 
        "long_term_average": 81486, 
        "date": "2014-02-28", 
        "operating_revenue": 73585, 
        "short_term_average": 79879
    }, 
    {
        "accumulated_operating_revenue_yoy": 12.165158506621921, 
        "accumulated_operating_revenue": 243321, 
        "long_term_average": 81996, 
        "date": "2014-03-31", 
        "operating_revenue": 85765, 
        "short_term_average": 81107
    }, 
    {
        "accumulated_operating_revenue_yoy": 11.009690402684114, 
        "accumulated_operating_revenue": 331526, 
        "long_term_average": 82537, 
        "date": "2014-04-30", 
        "operating_revenue": 88205, 
        "short_term_average": 82518
    }, 
    {
        "accumulated_operating_revenue_yoy": 11.035040062330879, 
        "accumulated_operating_revenue": 421831, 
        "long_term_average": 83291, 
        "date": "2014-05-31", 
        "operating_revenue": 90305, 
        "short_term_average": 88091
    }, 
    {
        "accumulated_operating_revenue_yoy": 10.00067108427736, 
        "accumulated_operating_revenue": 508136, 
        "long_term_average": 83647, 
        "date": "2014-06-30", 
        "operating_revenue": 86305, 
        "short_term_average": 88271
    }, 
    {
        "accumulated_operating_revenue_yoy": 8.709779363153574, 
        "accumulated_operating_revenue": 598543, 
        "long_term_average": 83793, 
        "date": "2014-07-31", 
        "operating_revenue": 90407, 
        "short_term_average": 89005
    }, 
    {
        "accumulated_operating_revenue_yoy": 9.238265759240878, 
        "accumulated_operating_revenue": 690033, 
        "long_term_average": 84660, 
        "date": "2014-08-31", 
        "operating_revenue": 91490, 
        "short_term_average": 89400
    }, 
    {
        "accumulated_operating_revenue_yoy": 10.10660627563191, 
        "accumulated_operating_revenue": 784231, 
        "long_term_average": 85796, 
        "date": "2014-09-30", 
        "operating_revenue": 94198, 
        "short_term_average": 92031
    }, 
    {
        "accumulated_operating_revenue_yoy": 10.448399816227514, 
        "accumulated_operating_revenue": 875065, 
        "long_term_average": 86695, 
        "date": "2014-10-31", 
        "operating_revenue": 90834, 
        "short_term_average": 92174
    }, 
    {
        "accumulated_operating_revenue_yoy": 10.343831097627836, 
        "accumulated_operating_revenue": 966047, 
        "long_term_average": 87344, 
        "date": "2014-11-30", 
        "operating_revenue": 90982, 
        "short_term_average": 92004
    }, 
    {
        "accumulated_operating_revenue_yoy": 10.029658406173962, 
        "accumulated_operating_revenue": 1053611, 
        "long_term_average": 87800, 
        "date": "2014-12-31", 
        "operating_revenue": 87564, 
        "short_term_average": 89793
    }, 
    {
        "accumulated_operating_revenue_yoy": -4.303866811160996, 
        "accumulated_operating_revenue": 80357, 
        "long_term_average": 87499, 
        "date": "2015-01-31", 
        "operating_revenue": 80357, 
        "short_term_average": 86301
    }, 
    {
        "accumulated_operating_revenue_yoy": -12.275635329660565, 
        "accumulated_operating_revenue": 138215, 
        "long_term_average": 86189, 
        "date": "2015-02-28", 
        "operating_revenue": 57858, 
        "short_term_average": 75259
    }, 
    {
        "accumulated_operating_revenue_yoy": -9.054294532736591, 
        "accumulated_operating_revenue": 221290, 
        "long_term_average": 85965, 
        "date": "2015-03-31", 
        "operating_revenue": 83075, 
        "short_term_average": 73763
    }, 
    {
        "accumulated_operating_revenue_yoy": -9.018297207458842, 
        "accumulated_operating_revenue": 301628, 
        "long_term_average": 85309, 
        "date": "2015-04-30", 
        "operating_revenue": 80338, 
        "short_term_average": 73757
    }, 
    {
        "accumulated_operating_revenue_yoy": -5.959495627395805, 
        "accumulated_operating_revenue": 396692, 
        "long_term_average": 85706, 
        "date": "2015-05-31", 
        "operating_revenue": 95064, 
        "short_term_average": 86159
    }, 
    {
        "accumulated_operating_revenue_yoy": -4.210290158540234, 
        "accumulated_operating_revenue": 486742, 
        "long_term_average": 86018, 
        "date": "2015-06-30", 
        "operating_revenue": 90050, 
        "short_term_average": 88484
    }, 
    {
        "accumulated_operating_revenue_yoy": -3.5664939695226576, 
        "accumulated_operating_revenue": 577196, 
        "long_term_average": 86022, 
        "date": "2015-07-31", 
        "operating_revenue": 90454, 
        "short_term_average": 91856
    }, 
    {
        "accumulated_operating_revenue_yoy": -1.8600559683377462, 
        "accumulated_operating_revenue": 677198, 
        "long_term_average": 86731, 
        "date": "2015-08-31", 
        "operating_revenue": 100002, 
        "short_term_average": 93502
    }, 
    {
        "accumulated_operating_revenue_yoy": 0.807415162114224, 
        "accumulated_operating_revenue": 790563, 
        "long_term_average": 88328, 
        "date": "2015-09-30", 
        "operating_revenue": 113365, 
        "short_term_average": 101273
    }
]