[
    {
        "date": "2012-01-31", 
        "operating_revenue": 78517, 
        "accumulated_operating_revenue": 78517, 
        "long_term_average": 78517, 
        "short_term_average": 78517
    }, 
    {
        "date": "2012-02-29", 
        "operating_revenue": 78017, 
        "accumulated_operating_revenue": 156534, 
        "long_term_average": 78267, 
        "short_term_average": 78267
    }, 
    {
        "date": "2012-03-31", 
        "operating_revenue": 93542, 
        "accumulated_operating_revenue": 250076, 
        "long_term_average": 83358, 
        "short_term_average": 83358
    }, 
    {
        "date": "2012-04-30", 
        "operating_revenue": 95033, 
        "accumulated_operating_revenue": 345109, 
        "long_term_average": 86277, 
        "short_term_average": 88864
    }, 
    {
        "date": "2012-05-31", 
        "operating_revenue": 100647, 
        "accumulated_operating_revenue": 445756, 
        "long_term_average": 89151, 
        "short_term_average": 96407
    }, 
    {
        "date": "2012-06-30", 
        "operating_revenue": 92125, 
        "accumulated_operating_revenue": 537881, 
        "long_term_average": 89646, 
        "short_term_average": 95935
    }, 
    {
        "date": "2012-07-31", 
        "operating_revenue": 103088, 
        "accumulated_operating_revenue": 640969, 
        "long_term_average": 91567, 
        "short_term_average": 98620
    }, 
    {
        "date": "2012-08-31", 
        "operating_revenue": 104052, 
        "accumulated_operating_revenue": 745021, 
        "long_term_average": 93127, 
        "short_term_average": 99755
    }, 
    {
        "date": "2012-09-30", 
        "operating_revenue": 98231, 
        "accumulated_operating_revenue": 843252, 
        "long_term_average": 93694, 
        "short_term_average": 101790
    }, 
    {
        "date": "2012-10-31", 
        "operating_revenue": 93041, 
        "accumulated_operating_revenue": 936293, 
        "long_term_average": 93629, 
        "short_term_average": 98441
    }, 
    {
        "date": "2012-11-30", 
        "operating_revenue": 78044, 
        "accumulated_operating_revenue": 1014337, 
        "long_term_average": 92212, 
        "short_term_average": 89772
    }, 
    {
        "date": "2012-12-31", 
        "operating_revenue": 68034, 
        "accumulated_operating_revenue": 1082371, 
        "long_term_average": 90197, 
        "short_term_average": 79706
    }, 
    {
        "accumulated_operating_revenue_yoy": 2.1893347937389356, 
        "accumulated_operating_revenue": 80236, 
        "long_term_average": 90340, 
        "date": "2013-01-31", 
        "operating_revenue": 80236, 
        "short_term_average": 75438
    }, 
    {
        "accumulated_operating_revenue_yoy": -0.8215467566151763, 
        "accumulated_operating_revenue": 155248, 
        "long_term_average": 90090, 
        "date": "2013-02-28", 
        "operating_revenue": 75012, 
        "short_term_average": 74427
    }, 
    {
        "accumulated_operating_revenue_yoy": -5.836225787360642, 
        "accumulated_operating_revenue": 235481, 
        "long_term_average": 88981, 
        "date": "2013-03-31", 
        "operating_revenue": 80233, 
        "short_term_average": 78493
    }, 
    {
        "accumulated_operating_revenue_yoy": -6.7903184211365115, 
        "accumulated_operating_revenue": 321675, 
        "long_term_average": 88244, 
        "date": "2013-04-30", 
        "operating_revenue": 86194, 
        "short_term_average": 80479
    }, 
    {
        "accumulated_operating_revenue_yoy": -6.494135805238741, 
        "accumulated_operating_revenue": 416808, 
        "long_term_average": 87785, 
        "date": "2013-05-31", 
        "operating_revenue": 95133, 
        "short_term_average": 87186
    }, 
    {
        "accumulated_operating_revenue_yoy": -6.091496074410511, 
        "accumulated_operating_revenue": 505116, 
        "long_term_average": 87467, 
        "date": "2013-06-30", 
        "operating_revenue": 88308, 
        "short_term_average": 89878
    }, 
    {
        "accumulated_operating_revenue_yoy": -7.062276022709367, 
        "accumulated_operating_revenue": 595702, 
        "long_term_average": 86425, 
        "date": "2013-07-31", 
        "operating_revenue": 90586, 
        "short_term_average": 91342
    }, 
    {
        "accumulated_operating_revenue_yoy": -7.12892656717059, 
        "accumulated_operating_revenue": 691909, 
        "long_term_average": 85771, 
        "date": "2013-08-31", 
        "operating_revenue": 96207, 
        "short_term_average": 91700
    }, 
    {
        "accumulated_operating_revenue_yoy": -6.29610128407641, 
        "accumulated_operating_revenue": 790160, 
        "long_term_average": 85773, 
        "date": "2013-09-30", 
        "operating_revenue": 98251, 
        "short_term_average": 95014
    }, 
    {
        "accumulated_operating_revenue_yoy": -5.662223257035992, 
        "accumulated_operating_revenue": 883278, 
        "long_term_average": 85779, 
        "date": "2013-10-31", 
        "operating_revenue": 93118, 
        "short_term_average": 95858
    }, 
    {
        "accumulated_operating_revenue_yoy": -4.02085303010735, 
        "accumulated_operating_revenue": 973552, 
        "long_term_average": 86798, 
        "date": "2013-11-30", 
        "operating_revenue": 90274, 
        "short_term_average": 93881
    }, 
    {
        "accumulated_operating_revenue_yoy": -1.8859522289492237, 
        "accumulated_operating_revenue": 1061958, 
        "long_term_average": 88496, 
        "date": "2013-12-31", 
        "operating_revenue": 88406, 
        "short_term_average": 90599
    }, 
    {
        "accumulated_operating_revenue_yoy": 4.941672067401166, 
        "accumulated_operating_revenue": 84201, 
        "long_term_average": 88826, 
        "date": "2014-01-31", 
        "operating_revenue": 84201, 
        "short_term_average": 87627
    }, 
    {
        "accumulated_operating_revenue_yoy": 5.806838091311965, 
        "accumulated_operating_revenue": 164263, 
        "long_term_average": 89247, 
        "date": "2014-02-28", 
        "operating_revenue": 80062, 
        "short_term_average": 84223
    }, 
    {
        "accumulated_operating_revenue_yoy": 7.0268938895282425, 
        "accumulated_operating_revenue": 252028, 
        "long_term_average": 89875, 
        "date": "2014-03-31", 
        "operating_revenue": 87765, 
        "short_term_average": 84009
    }, 
    {
        "accumulated_operating_revenue_yoy": 6.4036682987487366, 
        "accumulated_operating_revenue": 342274, 
        "long_term_average": 90213, 
        "date": "2014-04-30", 
        "operating_revenue": 90246, 
        "short_term_average": 86024
    }, 
    {
        "accumulated_operating_revenue_yoy": 4.803650601715899, 
        "accumulated_operating_revenue": 436830, 
        "long_term_average": 90165, 
        "date": "2014-05-31", 
        "operating_revenue": 94556, 
        "short_term_average": 90855
    }, 
    {
        "accumulated_operating_revenue_yoy": 4.008584166805249, 
        "accumulated_operating_revenue": 525364, 
        "long_term_average": 90183, 
        "date": "2014-06-30", 
        "operating_revenue": 88534, 
        "short_term_average": 91112
    }, 
    {
        "accumulated_operating_revenue_yoy": 4.185985610254791, 
        "accumulated_operating_revenue": 620638, 
        "long_term_average": 90574, 
        "date": "2014-07-31", 
        "operating_revenue": 95274, 
        "short_term_average": 92788
    }, 
    {
        "accumulated_operating_revenue_yoy": 3.9194460543221723, 
        "accumulated_operating_revenue": 719028, 
        "long_term_average": 90756, 
        "date": "2014-08-31", 
        "operating_revenue": 98390, 
        "short_term_average": 94066
    }, 
    {
        "accumulated_operating_revenue_yoy": 3.457780702642503, 
        "accumulated_operating_revenue": 817482, 
        "long_term_average": 90773, 
        "date": "2014-09-30", 
        "operating_revenue": 98454, 
        "short_term_average": 97372
    }, 
    {
        "accumulated_operating_revenue_yoy": 2.7408131981097683, 
        "accumulated_operating_revenue": 907487, 
        "long_term_average": 90513, 
        "date": "2014-10-31", 
        "operating_revenue": 90005, 
        "short_term_average": 95616
    }, 
    {
        "accumulated_operating_revenue_yoy": 2.25627393297944, 
        "accumulated_operating_revenue": 995518, 
        "long_term_average": 90327, 
        "date": "2014-11-30", 
        "operating_revenue": 88031, 
        "short_term_average": 92163
    }, 
    {
        "accumulated_operating_revenue_yoy": 1.051642343670842, 
        "accumulated_operating_revenue": 1073126, 
        "long_term_average": 89427, 
        "date": "2014-12-31", 
        "operating_revenue": 77608, 
        "short_term_average": 85214
    }, 
    {
        "accumulated_operating_revenue_yoy": -2.5866676167741476, 
        "accumulated_operating_revenue": 82023, 
        "long_term_average": 89245, 
        "date": "2015-01-31", 
        "operating_revenue": 82023, 
        "short_term_average": 82554
    }, 
    {
        "accumulated_operating_revenue_yoy": -7.4478123497074815, 
        "accumulated_operating_revenue": 152029, 
        "long_term_average": 88407, 
        "date": "2015-02-28", 
        "operating_revenue": 70006, 
        "short_term_average": 76545
    }, 
    {
        "accumulated_operating_revenue_yoy": -5.949338962337518, 
        "accumulated_operating_revenue": 237034, 
        "long_term_average": 88177, 
        "date": "2015-03-31", 
        "operating_revenue": 85005, 
        "short_term_average": 79011
    }, 
    {
        "accumulated_operating_revenue_yoy": -5.853497490314777, 
        "accumulated_operating_revenue": 322239, 
        "long_term_average": 87757, 
        "date": "2015-04-30", 
        "operating_revenue": 85205, 
        "short_term_average": 80072
    }, 
    {
        "accumulated_operating_revenue_yoy": -6.080626330609162, 
        "accumulated_operating_revenue": 410268, 
        "long_term_average": 87213, 
        "date": "2015-05-31", 
        "operating_revenue": 88029, 
        "short_term_average": 86079
    }, 
    {
        "accumulated_operating_revenue_yoy": -5.720034109683953, 
        "accumulated_operating_revenue": 495313, 
        "long_term_average": 86922, 
        "date": "2015-06-30", 
        "operating_revenue": 85045, 
        "short_term_average": 86093
    }, 
    {
        "accumulated_operating_revenue_yoy": -5.04674222332503, 
        "accumulated_operating_revenue": 589316, 
        "long_term_average": 86817, 
        "date": "2015-07-31", 
        "operating_revenue": 94003, 
        "short_term_average": 89025
    }, 
    {
        "accumulated_operating_revenue_yoy": -5.209393792731298, 
        "accumulated_operating_revenue": 681571, 
        "long_term_average": 86305, 
        "date": "2015-08-31", 
        "operating_revenue": 92255, 
        "short_term_average": 90434
    }, 
    {
        "accumulated_operating_revenue_yoy": -5.339811763439439, 
        "accumulated_operating_revenue": 773830, 
        "long_term_average": 85789, 
        "date": "2015-09-30", 
        "operating_revenue": 92259, 
        "short_term_average": 92839
    }, 
    {
        "accumulated_operating_revenue_yoy": -4.694612705195777, 
        "accumulated_operating_revenue": 864884, 
        "long_term_average": 85876, 
        "date": "2015-10-31", 
        "operating_revenue": 91054, 
        "short_term_average": 91856
    }
]