[
    {
        "date": "2012-01-31", 
        "operating_revenue": 184441, 
        "accumulated_operating_revenue": 184441, 
        "long_term_average": 184441, 
        "short_term_average": 184441
    }, 
    {
        "date": "2012-02-29", 
        "operating_revenue": 208268, 
        "accumulated_operating_revenue": 392709, 
        "long_term_average": 196354, 
        "short_term_average": 196354
    }, 
    {
        "date": "2012-03-31", 
        "operating_revenue": 239676, 
        "accumulated_operating_revenue": 632385, 
        "long_term_average": 210795, 
        "short_term_average": 210795
    }, 
    {
        "date": "2012-04-30", 
        "operating_revenue": 225286, 
        "accumulated_operating_revenue": 857671, 
        "long_term_average": 214417, 
        "short_term_average": 224410
    }, 
    {
        "date": "2012-05-31", 
        "operating_revenue": 209658, 
        "accumulated_operating_revenue": 1067329, 
        "long_term_average": 213465, 
        "short_term_average": 224873
    }, 
    {
        "date": "2012-06-30", 
        "operating_revenue": 189463, 
        "accumulated_operating_revenue": 1256792, 
        "long_term_average": 209465, 
        "short_term_average": 208135
    }, 
    {
        "date": "2012-07-31", 
        "operating_revenue": 198948, 
        "accumulated_operating_revenue": 1455740, 
        "long_term_average": 207962, 
        "short_term_average": 199356
    }, 
    {
        "date": "2012-08-31", 
        "operating_revenue": 197409, 
        "accumulated_operating_revenue": 1653149, 
        "long_term_average": 206643, 
        "short_term_average": 195273
    }, 
    {
        "date": "2012-09-30", 
        "operating_revenue": 174383, 
        "accumulated_operating_revenue": 1827532, 
        "long_term_average": 203059, 
        "short_term_average": 190246
    }, 
    {
        "date": "2012-10-31", 
        "operating_revenue": 161746, 
        "accumulated_operating_revenue": 1989278, 
        "long_term_average": 198927, 
        "short_term_average": 177846
    }, 
    {
        "date": "2012-11-30", 
        "operating_revenue": 161404, 
        "accumulated_operating_revenue": 2150682, 
        "long_term_average": 195516, 
        "short_term_average": 165844
    }, 
    {
        "date": "2012-12-31", 
        "operating_revenue": 139180, 
        "accumulated_operating_revenue": 2289862, 
        "long_term_average": 190821, 
        "short_term_average": 154110
    }, 
    {
        "accumulated_operating_revenue_yoy": -18.512695116595552, 
        "accumulated_operating_revenue": 150296, 
        "long_term_average": 187976, 
        "date": "2013-01-31", 
        "operating_revenue": 150296, 
        "short_term_average": 150293
    }, 
    {
        "accumulated_operating_revenue_yoy": -30.934865256462164, 
        "accumulated_operating_revenue": 271225, 
        "long_term_average": 180698, 
        "date": "2013-02-28", 
        "operating_revenue": 120929, 
        "short_term_average": 136801
    }, 
    {
        "accumulated_operating_revenue_yoy": -28.102817112992877, 
        "accumulated_operating_revenue": 454667, 
        "long_term_average": 176012, 
        "date": "2013-03-31", 
        "operating_revenue": 183442, 
        "short_term_average": 151555
    }, 
    {
        "accumulated_operating_revenue_yoy": -17.889493756930104, 
        "accumulated_operating_revenue": 704238, 
        "long_term_average": 178035, 
        "date": "2013-04-30", 
        "operating_revenue": 249571, 
        "short_term_average": 184647
    }, 
    {
        "accumulated_operating_revenue_yoy": -8.60315797659391, 
        "accumulated_operating_revenue": 975505, 
        "long_term_average": 183169, 
        "date": "2013-05-31", 
        "operating_revenue": 271267, 
        "short_term_average": 234760
    }, 
    {
        "accumulated_operating_revenue_yoy": 0.9320555827853775, 
        "accumulated_operating_revenue": 1268506, 
        "long_term_average": 191798, 
        "date": "2013-06-30", 
        "operating_revenue": 293001, 
        "short_term_average": 271279
    }, 
    {
        "accumulated_operating_revenue_yoy": 7.803041751961202, 
        "accumulated_operating_revenue": 1569332, 
        "long_term_average": 200287, 
        "date": "2013-07-31", 
        "operating_revenue": 300826, 
        "short_term_average": 288364
    }, 
    {
        "accumulated_operating_revenue_yoy": 12.455017666284164, 
        "accumulated_operating_revenue": 1859049, 
        "long_term_average": 207980, 
        "date": "2013-08-31", 
        "operating_revenue": 289717, 
        "short_term_average": 294514
    }, 
    {
        "accumulated_operating_revenue_yoy": 14.659168758741298, 
        "accumulated_operating_revenue": 2095433, 
        "long_term_average": 213146, 
        "date": "2013-09-30", 
        "operating_revenue": 236384, 
        "short_term_average": 275642
    }, 
    {
        "accumulated_operating_revenue_yoy": 16.306871136160957, 
        "accumulated_operating_revenue": 2313667, 
        "long_term_average": 217854, 
        "date": "2013-10-31", 
        "operating_revenue": 218234, 
        "short_term_average": 248111
    }, 
    {
        "accumulated_operating_revenue_yoy": 17.49956525418449, 
        "accumulated_operating_revenue": 2527042, 
        "long_term_average": 222185, 
        "date": "2013-11-30", 
        "operating_revenue": 213375, 
        "short_term_average": 222664
    }, 
    {
        "accumulated_operating_revenue_yoy": 19.48108663316829, 
        "accumulated_operating_revenue": 2735952, 
        "long_term_average": 227996, 
        "date": "2013-12-31", 
        "operating_revenue": 208910, 
        "short_term_average": 213506
    }, 
    {
        "accumulated_operating_revenue_yoy": 52.22294671847554, 
        "accumulated_operating_revenue": 228785, 
        "long_term_average": 234536, 
        "date": "2014-01-31", 
        "operating_revenue": 228785, 
        "short_term_average": 217023
    }, 
    {
        "accumulated_operating_revenue_yoy": 51.96202414969121, 
        "accumulated_operating_revenue": 412159, 
        "long_term_average": 239740, 
        "date": "2014-02-28", 
        "operating_revenue": 183374, 
        "short_term_average": 207023
    }, 
    {
        "accumulated_operating_revenue_yoy": 47.44769248702897, 
        "accumulated_operating_revenue": 670396, 
        "long_term_average": 245973, 
        "date": "2014-03-31", 
        "operating_revenue": 258237, 
        "short_term_average": 223465
    }, 
    {
        "accumulated_operating_revenue_yoy": 33.25253678443935, 
        "accumulated_operating_revenue": 938415, 
        "long_term_average": 247510, 
        "date": "2014-04-30", 
        "operating_revenue": 268019, 
        "short_term_average": 236543
    }, 
    {
        "accumulated_operating_revenue_yoy": 26.06075827391966, 
        "accumulated_operating_revenue": 1229729, 
        "long_term_average": 249181, 
        "date": "2014-05-31", 
        "operating_revenue": 291314, 
        "short_term_average": 272523
    }, 
    {
        "accumulated_operating_revenue_yoy": 15.059132554359223, 
        "accumulated_operating_revenue": 1459532, 
        "long_term_average": 243914, 
        "date": "2014-06-30", 
        "operating_revenue": 229803, 
        "short_term_average": 263045
    }, 
    {
        "accumulated_operating_revenue_yoy": 11.465770149337425, 
        "accumulated_operating_revenue": 1749268, 
        "long_term_average": 242990, 
        "date": "2014-07-31", 
        "operating_revenue": 289736, 
        "short_term_average": 270284
    }, 
    {
        "accumulated_operating_revenue_yoy": 10.529254473658305, 
        "accumulated_operating_revenue": 2054793, 
        "long_term_average": 244308, 
        "date": "2014-08-31", 
        "operating_revenue": 305525, 
        "short_term_average": 275021
    }, 
    {
        "accumulated_operating_revenue_yoy": 9.10184195820148, 
        "accumulated_operating_revenue": 2286156, 
        "long_term_average": 243889, 
        "date": "2014-09-30", 
        "operating_revenue": 231363, 
        "short_term_average": 275541
    }, 
    {
        "accumulated_operating_revenue_yoy": 9.583315144314199, 
        "accumulated_operating_revenue": 2535393, 
        "long_term_average": 246473, 
        "date": "2014-10-31", 
        "operating_revenue": 249237, 
        "short_term_average": 262041
    }, 
    {
        "accumulated_operating_revenue_yoy": 8.444339270973732, 
        "accumulated_operating_revenue": 2740434, 
        "long_term_average": 245778, 
        "date": "2014-11-30", 
        "operating_revenue": 205041, 
        "short_term_average": 228547
    }, 
    {
        "accumulated_operating_revenue_yoy": 7.665741211834126, 
        "accumulated_operating_revenue": 2945683, 
        "long_term_average": 245473, 
        "date": "2014-12-31", 
        "operating_revenue": 205249, 
        "short_term_average": 219842
    }, 
    {
        "accumulated_operating_revenue_yoy": 45.18652883711782, 
        "accumulated_operating_revenue": 332165, 
        "long_term_average": 254088, 
        "date": "2015-01-31", 
        "operating_revenue": 332165, 
        "short_term_average": 247485
    }, 
    {
        "accumulated_operating_revenue_yoy": 38.11368913453303, 
        "accumulated_operating_revenue": 569248, 
        "long_term_average": 258564, 
        "date": "2015-02-28", 
        "operating_revenue": 237083, 
        "short_term_average": 258165
    }, 
    {
        "accumulated_operating_revenue_yoy": 43.47176892463559, 
        "accumulated_operating_revenue": 961829, 
        "long_term_average": 269759, 
        "date": "2015-03-31", 
        "operating_revenue": 392581, 
        "short_term_average": 320609
    }, 
    {
        "accumulated_operating_revenue_yoy": 45.99734658972843, 
        "accumulated_operating_revenue": 1370061, 
        "long_term_average": 281444, 
        "date": "2015-04-30", 
        "operating_revenue": 408232, 
        "short_term_average": 345965
    }, 
    {
        "accumulated_operating_revenue_yoy": 36.4534787745918, 
        "accumulated_operating_revenue": 1678008, 
        "long_term_average": 282830, 
        "date": "2015-05-31", 
        "operating_revenue": 307947, 
        "short_term_average": 369586
    }, 
    {
        "accumulated_operating_revenue_yoy": 30.97862876593319, 
        "accumulated_operating_revenue": 1911675, 
        "long_term_average": 283152, 
        "date": "2015-06-30", 
        "operating_revenue": 233667, 
        "short_term_average": 316615
    }, 
    {
        "accumulated_operating_revenue_yoy": 25.843495679335586, 
        "accumulated_operating_revenue": 2201340, 
        "long_term_average": 283146, 
        "date": "2015-07-31", 
        "operating_revenue": 289665, 
        "short_term_average": 277093
    }, 
    {
        "accumulated_operating_revenue_yoy": 18.380975601921946, 
        "accumulated_operating_revenue": 2432484, 
        "long_term_average": 276947, 
        "date": "2015-08-31", 
        "operating_revenue": 231144, 
        "short_term_average": 251492
    }, 
    {
        "accumulated_operating_revenue_yoy": 17.38901457293378, 
        "accumulated_operating_revenue": 2683696, 
        "long_term_average": 278601, 
        "date": "2015-09-30", 
        "operating_revenue": 251212, 
        "short_term_average": 257340
    }, 
    {
        "accumulated_operating_revenue_yoy": 15.99992584975978, 
        "accumulated_operating_revenue": 2941054, 
        "long_term_average": 279278, 
        "date": "2015-10-31", 
        "operating_revenue": 257358, 
        "short_term_average": 246571
    }
]