[
    {
        "date": "2011-09-30", 
        "operating_revenue": 163850, 
        "accumulated_operating_revenue": 163850, 
        "long_term_average": 163850, 
        "short_term_average": 163850
    }, 
    {
        "date": "2011-10-31", 
        "operating_revenue": 147009, 
        "accumulated_operating_revenue": 310859, 
        "long_term_average": 155429, 
        "short_term_average": 155429
    }, 
    {
        "date": "2011-11-30", 
        "operating_revenue": 160989, 
        "accumulated_operating_revenue": 471848, 
        "long_term_average": 157282, 
        "short_term_average": 157282
    }, 
    {
        "date": "2011-12-31", 
        "operating_revenue": 191213, 
        "accumulated_operating_revenue": 663061, 
        "long_term_average": 165765, 
        "short_term_average": 166403
    }, 
    {
        "date": "2012-01-31", 
        "operating_revenue": 143363, 
        "accumulated_operating_revenue": 143363, 
        "long_term_average": 161284, 
        "short_term_average": 165188
    }, 
    {
        "date": "2012-02-29", 
        "operating_revenue": 158870, 
        "accumulated_operating_revenue": 302233, 
        "long_term_average": 160882, 
        "short_term_average": 164482
    }, 
    {
        "date": "2012-03-31", 
        "operating_revenue": 210787, 
        "accumulated_operating_revenue": 513020, 
        "long_term_average": 168011, 
        "short_term_average": 171006
    }, 
    {
        "date": "2012-04-30", 
        "operating_revenue": 165941, 
        "accumulated_operating_revenue": 678961, 
        "long_term_average": 167752, 
        "short_term_average": 178532
    }, 
    {
        "date": "2012-05-31", 
        "operating_revenue": 120259, 
        "accumulated_operating_revenue": 799220, 
        "long_term_average": 162475, 
        "short_term_average": 165662
    }, 
    {
        "date": "2012-06-30", 
        "operating_revenue": 119362, 
        "accumulated_operating_revenue": 918582, 
        "long_term_average": 158164, 
        "short_term_average": 135187
    }, 
    {
        "date": "2012-07-31", 
        "operating_revenue": 157014, 
        "accumulated_operating_revenue": 1075596, 
        "long_term_average": 158059, 
        "short_term_average": 132211
    }, 
    {
        "date": "2012-08-31", 
        "operating_revenue": 114497, 
        "accumulated_operating_revenue": 1190093, 
        "long_term_average": 154429, 
        "short_term_average": 130291
    }, 
    {
        "accumulated_operating_revenue_yoy": 687.9688739700946, 
        "accumulated_operating_revenue": 1291087, 
        "long_term_average": 149191, 
        "date": "2012-09-30", 
        "operating_revenue": 100994, 
        "short_term_average": 124168
    }, 
    {
        "accumulated_operating_revenue_yoy": 338.12500201055786, 
        "accumulated_operating_revenue": 1361951, 
        "long_term_average": 142846, 
        "date": "2012-10-31", 
        "operating_revenue": 70864, 
        "short_term_average": 95451
    }, 
    {
        "accumulated_operating_revenue_yoy": 202.73011647818788, 
        "accumulated_operating_revenue": 1428426, 
        "long_term_average": 134969, 
        "date": "2012-11-30", 
        "operating_revenue": 66475, 
        "short_term_average": 79444
    }, 
    {
        "accumulated_operating_revenue_yoy": 122.57182974115504, 
        "accumulated_operating_revenue": 1475787, 
        "long_term_average": 122982, 
        "date": "2012-12-31", 
        "operating_revenue": 47361, 
        "short_term_average": 61566
    }, 
    {
        "accumulated_operating_revenue_yoy": -62.778401679652355, 
        "accumulated_operating_revenue": 53362, 
        "long_term_average": 115482, 
        "date": "2013-01-31", 
        "operating_revenue": 53362, 
        "short_term_average": 55732
    }, 
    {
        "accumulated_operating_revenue_yoy": -75.24261083336367, 
        "accumulated_operating_revenue": 74825, 
        "long_term_average": 104031, 
        "date": "2013-02-28", 
        "operating_revenue": 21463, 
        "short_term_average": 40728
    }, 
    {
        "accumulated_operating_revenue_yoy": -80.36782191727418, 
        "accumulated_operating_revenue": 100717, 
        "long_term_average": 88623, 
        "date": "2013-03-31", 
        "operating_revenue": 25892, 
        "short_term_average": 33572
    }, 
    {
        "accumulated_operating_revenue_yoy": -81.0024434393139, 
        "accumulated_operating_revenue": 128986, 
        "long_term_average": 77151, 
        "date": "2013-04-30", 
        "operating_revenue": 28269, 
        "short_term_average": 25208
    }, 
    {
        "accumulated_operating_revenue_yoy": -81.46242586521859, 
        "accumulated_operating_revenue": 148156, 
        "long_term_average": 68726, 
        "date": "2013-05-31", 
        "operating_revenue": 19170, 
        "short_term_average": 24443
    }, 
    {
        "accumulated_operating_revenue_yoy": -82.1998471557248, 
        "accumulated_operating_revenue": 163509, 
        "long_term_average": 60059, 
        "date": "2013-06-30", 
        "operating_revenue": 15353, 
        "short_term_average": 20930
    }, 
    {
        "accumulated_operating_revenue_yoy": -83.57980133804885, 
        "accumulated_operating_revenue": 176615, 
        "long_term_average": 48067, 
        "date": "2013-07-31", 
        "operating_revenue": 13106, 
        "short_term_average": 15876
    }, 
    {
        "accumulated_operating_revenue_yoy": -83.10249703174458, 
        "accumulated_operating_revenue": 201096, 
        "long_term_average": 40565, 
        "date": "2013-08-31", 
        "operating_revenue": 24481, 
        "short_term_average": 17646
    }, 
    {
        "accumulated_operating_revenue_yoy": -84.07295557929095, 
        "accumulated_operating_revenue": 205632, 
        "long_term_average": 32527, 
        "date": "2013-09-30", 
        "operating_revenue": 4536, 
        "short_term_average": 14041
    }, 
    {
        "accumulated_operating_revenue_yoy": -84.59092874853795, 
        "accumulated_operating_revenue": 209864, 
        "long_term_average": 26975, 
        "date": "2013-10-31", 
        "operating_revenue": 4232, 
        "short_term_average": 11083
    }, 
    {
        "accumulated_operating_revenue_yoy": -84.91934478929956, 
        "accumulated_operating_revenue": 215416, 
        "long_term_average": 21898, 
        "date": "2013-11-30", 
        "operating_revenue": 5552, 
        "short_term_average": 4773
    }, 
    {
        "accumulated_operating_revenue_yoy": -85.00494990130689, 
        "accumulated_operating_revenue": 221295, 
        "long_term_average": 18441, 
        "date": "2013-12-31", 
        "operating_revenue": 5879, 
        "short_term_average": 5221
    }, 
    {
        "accumulated_operating_revenue_yoy": -91.01420486488513, 
        "accumulated_operating_revenue": 4795, 
        "long_term_average": 14394, 
        "date": "2014-01-31", 
        "operating_revenue": 4795, 
        "short_term_average": 5408
    }, 
    {
        "accumulated_operating_revenue_yoy": -88.92081523554961, 
        "accumulated_operating_revenue": 8290, 
        "long_term_average": 12896, 
        "date": "2014-02-28", 
        "operating_revenue": 3495, 
        "short_term_average": 4723
    }, 
    {
        "accumulated_operating_revenue_yoy": -86.58716999116336, 
        "accumulated_operating_revenue": 13509, 
        "long_term_average": 11173, 
        "date": "2014-03-31", 
        "operating_revenue": 5219, 
        "short_term_average": 4503
    }, 
    {
        "accumulated_operating_revenue_yoy": -86.04189601972307, 
        "accumulated_operating_revenue": 18004, 
        "long_term_average": 9192, 
        "date": "2014-04-30", 
        "operating_revenue": 4495, 
        "short_term_average": 4403
    }, 
    {
        "accumulated_operating_revenue_yoy": -82.07092524096224, 
        "accumulated_operating_revenue": 26563, 
        "long_term_average": 8308, 
        "date": "2014-05-31", 
        "operating_revenue": 8559, 
        "short_term_average": 6091
    }, 
    {
        "accumulated_operating_revenue_yoy": -82.50249221755377, 
        "accumulated_operating_revenue": 28610, 
        "long_term_average": 7199, 
        "date": "2014-06-30", 
        "operating_revenue": 2047, 
        "short_term_average": 5033
    }, 
    {
        "accumulated_operating_revenue_yoy": -78.98762845737905, 
        "accumulated_operating_revenue": 37111, 
        "long_term_average": 6815, 
        "date": "2014-07-31", 
        "operating_revenue": 8501, 
        "short_term_average": 6369
    }, 
    {
        "accumulated_operating_revenue_yoy": -77.22530532680909, 
        "accumulated_operating_revenue": 45799, 
        "long_term_average": 5499, 
        "date": "2014-08-31", 
        "operating_revenue": 8688, 
        "short_term_average": 6412
    }, 
    {
        "accumulated_operating_revenue_yoy": -73.18607998755058, 
        "accumulated_operating_revenue": 55138, 
        "long_term_average": 5900, 
        "date": "2014-09-30", 
        "operating_revenue": 9339, 
        "short_term_average": 8842
    }, 
    {
        "accumulated_operating_revenue_yoy": -67.9540083101437, 
        "accumulated_operating_revenue": 67253, 
        "long_term_average": 6557, 
        "date": "2014-10-31", 
        "operating_revenue": 12115, 
        "short_term_average": 10047
    }, 
    {
        "accumulated_operating_revenue_yoy": -65.21428306161103, 
        "accumulated_operating_revenue": 74934, 
        "long_term_average": 6734, 
        "date": "2014-11-30", 
        "operating_revenue": 7681, 
        "short_term_average": 9711
    }, 
    {
        "accumulated_operating_revenue_yoy": -58.40710363993764, 
        "accumulated_operating_revenue": 92043, 
        "long_term_average": 7670, 
        "date": "2014-12-31", 
        "operating_revenue": 17109, 
        "short_term_average": 12301
    }, 
    {
        "accumulated_operating_revenue_yoy": 1307.466110531804, 
        "accumulated_operating_revenue": 67488, 
        "long_term_average": 12894, 
        "date": "2015-01-31", 
        "operating_revenue": 67488, 
        "short_term_average": 30759
    }, 
    {
        "accumulated_operating_revenue_yoy": 1323.872135102533, 
        "accumulated_operating_revenue": 118039, 
        "long_term_average": 16816, 
        "date": "2015-02-28", 
        "operating_revenue": 50551, 
        "short_term_average": 45049
    }, 
    {
        "accumulated_operating_revenue_yoy": 925.7457990968984, 
        "accumulated_operating_revenue": 138568, 
        "long_term_average": 18091, 
        "date": "2015-03-31", 
        "operating_revenue": 20529, 
        "short_term_average": 46189
    }, 
    {
        "accumulated_operating_revenue_yoy": 1015.4354587869361, 
        "accumulated_operating_revenue": 200823, 
        "long_term_average": 22905, 
        "date": "2015-04-30", 
        "operating_revenue": 62255, 
        "short_term_average": 44445
    }, 
    {
        "accumulated_operating_revenue_yoy": 869.7511576252682, 
        "accumulated_operating_revenue": 257595, 
        "long_term_average": 26922, 
        "date": "2015-05-31", 
        "operating_revenue": 56772, 
        "short_term_average": 46518
    }, 
    {
        "accumulated_operating_revenue_yoy": 968.2523593149249, 
        "accumulated_operating_revenue": 305627, 
        "long_term_average": 30755, 
        "date": "2015-06-30", 
        "operating_revenue": 48032, 
        "short_term_average": 55686
    }, 
    {
        "accumulated_operating_revenue_yoy": 840.7561100482336, 
        "accumulated_operating_revenue": 349124, 
        "long_term_average": 33671, 
        "date": "2015-07-31", 
        "operating_revenue": 43497, 
        "short_term_average": 49433
    }, 
    {
        "accumulated_operating_revenue_yoy": 817.8890368785344, 
        "accumulated_operating_revenue": 420384, 
        "long_term_average": 38885, 
        "date": "2015-08-31", 
        "operating_revenue": 71260, 
        "short_term_average": 54263
    }, 
    {
        "accumulated_operating_revenue_yoy": 801.1516558453335, 
        "accumulated_operating_revenue": 496877, 
        "long_term_average": 44481, 
        "date": "2015-09-30", 
        "operating_revenue": 76493, 
        "short_term_average": 63750
    }
]