[
    {
        "date": "2012-01-31", 
        "operating_revenue": 74395, 
        "accumulated_operating_revenue": 74395, 
        "long_term_average": 74395, 
        "short_term_average": 74395
    }, 
    {
        "date": "2012-02-29", 
        "operating_revenue": 75716, 
        "accumulated_operating_revenue": 150111, 
        "long_term_average": 75055, 
        "short_term_average": 75055
    }, 
    {
        "date": "2012-03-31", 
        "operating_revenue": 128829, 
        "accumulated_operating_revenue": 278940, 
        "long_term_average": 92980, 
        "short_term_average": 92980
    }, 
    {
        "date": "2012-04-30", 
        "operating_revenue": 126160, 
        "accumulated_operating_revenue": 405100, 
        "long_term_average": 101275, 
        "short_term_average": 110235
    }, 
    {
        "date": "2012-05-31", 
        "operating_revenue": 69142, 
        "accumulated_operating_revenue": 474242, 
        "long_term_average": 94848, 
        "short_term_average": 108043
    }, 
    {
        "date": "2012-06-30", 
        "operating_revenue": 122956, 
        "accumulated_operating_revenue": 597198, 
        "long_term_average": 99533, 
        "short_term_average": 106086
    }, 
    {
        "date": "2012-07-31", 
        "operating_revenue": 89401, 
        "accumulated_operating_revenue": 686599, 
        "long_term_average": 98085, 
        "short_term_average": 93833
    }, 
    {
        "date": "2012-08-31", 
        "operating_revenue": 80943, 
        "accumulated_operating_revenue": 767542, 
        "long_term_average": 95942, 
        "short_term_average": 97766
    }, 
    {
        "date": "2012-09-30", 
        "operating_revenue": 110446, 
        "accumulated_operating_revenue": 877988, 
        "long_term_average": 97554, 
        "short_term_average": 93596
    }, 
    {
        "date": "2012-10-31", 
        "operating_revenue": 90903, 
        "accumulated_operating_revenue": 968891, 
        "long_term_average": 96889, 
        "short_term_average": 94097
    }, 
    {
        "date": "2012-11-30", 
        "operating_revenue": 108482, 
        "accumulated_operating_revenue": 1077373, 
        "long_term_average": 97943, 
        "short_term_average": 103277
    }, 
    {
        "date": "2012-12-31", 
        "operating_revenue": 140013, 
        "accumulated_operating_revenue": 1217386, 
        "long_term_average": 101448, 
        "short_term_average": 113132
    }, 
    {
        "accumulated_operating_revenue_yoy": -3.962631897304927, 
        "accumulated_operating_revenue": 71447, 
        "long_term_average": 101203, 
        "date": "2013-01-31", 
        "operating_revenue": 71447, 
        "short_term_average": 106647
    }, 
    {
        "accumulated_operating_revenue_yoy": -10.297046851996189, 
        "accumulated_operating_revenue": 134654, 
        "long_term_average": 100160, 
        "date": "2013-02-28", 
        "operating_revenue": 63207, 
        "short_term_average": 91555
    }, 
    {
        "accumulated_operating_revenue_yoy": -8.305011830501183, 
        "accumulated_operating_revenue": 255774, 
        "long_term_average": 99518, 
        "date": "2013-03-31", 
        "operating_revenue": 121120, 
        "short_term_average": 85258
    }, 
    {
        "accumulated_operating_revenue_yoy": -9.807948654653172, 
        "accumulated_operating_revenue": 365368, 
        "long_term_average": 98137, 
        "date": "2013-04-30", 
        "operating_revenue": 109594, 
        "short_term_average": 97973
    }, 
    {
        "accumulated_operating_revenue_yoy": -3.2420156797584356, 
        "accumulated_operating_revenue": 458867, 
        "long_term_average": 100167, 
        "date": "2013-05-31", 
        "operating_revenue": 93499, 
        "short_term_average": 108071
    }, 
    {
        "accumulated_operating_revenue_yoy": 2.9201370399766913, 
        "accumulated_operating_revenue": 614637, 
        "long_term_average": 102902, 
        "date": "2013-06-30", 
        "operating_revenue": 155770, 
        "short_term_average": 119621
    }, 
    {
        "accumulated_operating_revenue_yoy": 1.80877047592554, 
        "accumulated_operating_revenue": 699018, 
        "long_term_average": 102483, 
        "date": "2013-07-31", 
        "operating_revenue": 84381, 
        "short_term_average": 111216
    }, 
    {
        "accumulated_operating_revenue_yoy": 8.423512980397165, 
        "accumulated_operating_revenue": 832196, 
        "long_term_average": 106836, 
        "date": "2013-08-31", 
        "operating_revenue": 133178, 
        "short_term_average": 124443
    }, 
    {
        "accumulated_operating_revenue_yoy": 7.233811851642619, 
        "accumulated_operating_revenue": 941500, 
        "long_term_average": 106741, 
        "date": "2013-09-30", 
        "operating_revenue": 109304, 
        "short_term_average": 108954
    }, 
    {
        "accumulated_operating_revenue_yoy": 6.549756370943687, 
        "accumulated_operating_revenue": 1032351, 
        "long_term_average": 106737, 
        "date": "2013-10-31", 
        "operating_revenue": 90851, 
        "short_term_average": 111111
    }, 
    {
        "accumulated_operating_revenue_yoy": 6.397134511445897, 
        "accumulated_operating_revenue": 1146294, 
        "long_term_average": 107192, 
        "date": "2013-11-30", 
        "operating_revenue": 113943, 
        "short_term_average": 104699
    }, 
    {
        "accumulated_operating_revenue_yoy": 6.014115490074635, 
        "accumulated_operating_revenue": 1290601, 
        "long_term_average": 107550, 
        "date": "2013-12-31", 
        "operating_revenue": 144307, 
        "short_term_average": 116367
    }, 
    {
        "accumulated_operating_revenue_yoy": -11.058546894901115, 
        "accumulated_operating_revenue": 63546, 
        "long_term_average": 106891, 
        "date": "2014-01-31", 
        "operating_revenue": 63546, 
        "short_term_average": 107265
    }, 
    {
        "accumulated_operating_revenue_yoy": 27.448868953020334, 
        "accumulated_operating_revenue": 171615, 
        "long_term_average": 110630, 
        "date": "2014-02-28", 
        "operating_revenue": 108069, 
        "short_term_average": 105307
    }, 
    {
        "accumulated_operating_revenue_yoy": 20.37814633230899, 
        "accumulated_operating_revenue": 307896, 
        "long_term_average": 111893, 
        "date": "2014-03-31", 
        "operating_revenue": 136281, 
        "short_term_average": 102632
    }, 
    {
        "accumulated_operating_revenue_yoy": 25.171334106982552, 
        "accumulated_operating_revenue": 457336, 
        "long_term_average": 115214, 
        "date": "2014-04-30", 
        "operating_revenue": 149440, 
        "short_term_average": 131263
    }, 
    {
        "accumulated_operating_revenue_yoy": 23.68376893522524, 
        "accumulated_operating_revenue": 567544, 
        "long_term_average": 116606, 
        "date": "2014-05-31", 
        "operating_revenue": 110208, 
        "short_term_average": 131976
    }, 
    {
        "accumulated_operating_revenue_yoy": 13.48975086107735, 
        "accumulated_operating_revenue": 697550, 
        "long_term_average": 114459, 
        "date": "2014-06-30", 
        "operating_revenue": 130006, 
        "short_term_average": 129884
    }, 
    {
        "accumulated_operating_revenue_yoy": 14.029395523434305, 
        "accumulated_operating_revenue": 797086, 
        "long_term_average": 115722, 
        "date": "2014-07-31", 
        "operating_revenue": 99536, 
        "short_term_average": 113250
    }, 
    {
        "accumulated_operating_revenue_yoy": 9.741094645972824, 
        "accumulated_operating_revenue": 913261, 
        "long_term_average": 114305, 
        "date": "2014-08-31", 
        "operating_revenue": 116175, 
        "short_term_average": 115239
    }, 
    {
        "accumulated_operating_revenue_yoy": 9.042060541688794, 
        "accumulated_operating_revenue": 1026631, 
        "long_term_average": 114644, 
        "date": "2014-09-30", 
        "operating_revenue": 113370, 
        "short_term_average": 109693
    }, 
    {
        "accumulated_operating_revenue_yoy": 9.456473621859232, 
        "accumulated_operating_revenue": 1129975, 
        "long_term_average": 115685, 
        "date": "2014-10-31", 
        "operating_revenue": 103344, 
        "short_term_average": 110963
    }, 
    {
        "accumulated_operating_revenue_yoy": 7.883405129923039, 
        "accumulated_operating_revenue": 1236661, 
        "long_term_average": 115080, 
        "date": "2014-11-30", 
        "operating_revenue": 106686, 
        "short_term_average": 107800
    }, 
    {
        "accumulated_operating_revenue_yoy": 12.562596805674255, 
        "accumulated_operating_revenue": 1452734, 
        "long_term_average": 121061, 
        "date": "2014-12-31", 
        "operating_revenue": 216073, 
        "short_term_average": 142034
    }, 
    {
        "accumulated_operating_revenue_yoy": 11.693891039561892, 
        "accumulated_operating_revenue": 70977, 
        "long_term_average": 121680, 
        "date": "2015-01-31", 
        "operating_revenue": 70977, 
        "short_term_average": 131245
    }, 
    {
        "accumulated_operating_revenue_yoy": -26.133496489234627, 
        "accumulated_operating_revenue": 126766, 
        "long_term_average": 117323, 
        "date": "2015-02-28", 
        "operating_revenue": 55789, 
        "short_term_average": 114279
    }, 
    {
        "accumulated_operating_revenue_yoy": -11.517200613194065, 
        "accumulated_operating_revenue": 272435, 
        "long_term_average": 118106, 
        "date": "2015-03-31", 
        "operating_revenue": 145669, 
        "short_term_average": 90811
    }, 
    {
        "accumulated_operating_revenue_yoy": -14.71915615652387, 
        "accumulated_operating_revenue": 390020, 
        "long_term_average": 115451, 
        "date": "2015-04-30", 
        "operating_revenue": 117585, 
        "short_term_average": 106347
    }, 
    {
        "accumulated_operating_revenue_yoy": -12.702803659275757, 
        "accumulated_operating_revenue": 495450, 
        "long_term_average": 115053, 
        "date": "2015-05-31", 
        "operating_revenue": 105430, 
        "short_term_average": 122894
    }, 
    {
        "accumulated_operating_revenue_yoy": -8.949465988101212, 
        "accumulated_operating_revenue": 635123, 
        "long_term_average": 115858, 
        "date": "2015-06-30", 
        "operating_revenue": 139673, 
        "short_term_average": 120896
    }, 
    {
        "accumulated_operating_revenue_yoy": -7.957986967529225, 
        "accumulated_operating_revenue": 733654, 
        "long_term_average": 115775, 
        "date": "2015-07-31", 
        "operating_revenue": 98531, 
        "short_term_average": 114544
    }, 
    {
        "accumulated_operating_revenue_yoy": -9.332819424020078, 
        "accumulated_operating_revenue": 828028, 
        "long_term_average": 113958, 
        "date": "2015-08-31", 
        "operating_revenue": 94374, 
        "short_term_average": 110859
    }, 
    {
        "accumulated_operating_revenue_yoy": -7.588510380068398, 
        "accumulated_operating_revenue": 948725, 
        "long_term_average": 114569, 
        "date": "2015-09-30", 
        "operating_revenue": 120697, 
        "short_term_average": 104534
    }
]