[
    {
        "date": "2011-09-30", 
        "operating_revenue": 1868354, 
        "accumulated_operating_revenue": 1868354, 
        "long_term_average": 1868354, 
        "short_term_average": 1868354
    }, 
    {
        "date": "2011-10-31", 
        "operating_revenue": 1616107, 
        "accumulated_operating_revenue": 3484461, 
        "long_term_average": 1742230, 
        "short_term_average": 1742230
    }, 
    {
        "date": "2011-11-30", 
        "operating_revenue": 1623413, 
        "accumulated_operating_revenue": 5107874, 
        "long_term_average": 1702624, 
        "short_term_average": 1702624
    }, 
    {
        "date": "2011-12-31", 
        "operating_revenue": 1305681, 
        "accumulated_operating_revenue": 6413555, 
        "long_term_average": 1603388, 
        "short_term_average": 1515067
    }, 
    {
        "date": "2012-01-31", 
        "operating_revenue": 1210790, 
        "accumulated_operating_revenue": 1210790, 
        "long_term_average": 1524869, 
        "short_term_average": 1379961
    }, 
    {
        "date": "2012-02-29", 
        "operating_revenue": 1193956, 
        "accumulated_operating_revenue": 2404746, 
        "long_term_average": 1469716, 
        "short_term_average": 1236809
    }, 
    {
        "date": "2012-03-31", 
        "operating_revenue": 1113847, 
        "accumulated_operating_revenue": 3518593, 
        "long_term_average": 1418878, 
        "short_term_average": 1172864
    }, 
    {
        "date": "2012-04-30", 
        "operating_revenue": 1061761, 
        "accumulated_operating_revenue": 4580354, 
        "long_term_average": 1374238, 
        "short_term_average": 1123188
    }, 
    {
        "date": "2012-05-31", 
        "operating_revenue": 1169160, 
        "accumulated_operating_revenue": 5749514, 
        "long_term_average": 1351452, 
        "short_term_average": 1114922
    }, 
    {
        "date": "2012-06-30", 
        "operating_revenue": 1336117, 
        "accumulated_operating_revenue": 7085631, 
        "long_term_average": 1349918, 
        "short_term_average": 1189012
    }, 
    {
        "date": "2012-07-31", 
        "operating_revenue": 1058859, 
        "accumulated_operating_revenue": 8144490, 
        "long_term_average": 1323458, 
        "short_term_average": 1188045
    }, 
    {
        "date": "2012-08-31", 
        "operating_revenue": 1338625, 
        "accumulated_operating_revenue": 9483115, 
        "long_term_average": 1324722, 
        "short_term_average": 1244533
    }, 
    {
        "accumulated_operating_revenue_yoy": 468.47396157259277, 
        "accumulated_operating_revenue": 10621106, 
        "long_term_average": 1263858, 
        "date": "2012-09-30", 
        "operating_revenue": 1137991, 
        "short_term_average": 1178491
    }, 
    {
        "accumulated_operating_revenue_yoy": 239.41444602192422, 
        "accumulated_operating_revenue": 11826764, 
        "long_term_average": 1229654, 
        "date": "2012-10-31", 
        "operating_revenue": 1205658, 
        "short_term_average": 1227424
    }, 
    {
        "accumulated_operating_revenue_yoy": 163.1085261695962, 
        "accumulated_operating_revenue": 13439252, 
        "long_term_average": 1228744, 
        "date": "2012-11-30", 
        "operating_revenue": 1612488, 
        "short_term_average": 1318712
    }, 
    {
        "accumulated_operating_revenue_yoy": 134.45586729980488, 
        "accumulated_operating_revenue": 15036956, 
        "long_term_average": 1253079, 
        "date": "2012-12-31", 
        "operating_revenue": 1597704, 
        "short_term_average": 1471950
    }, 
    {
        "accumulated_operating_revenue_yoy": 27.260548897827036, 
        "accumulated_operating_revenue": 1540858, 
        "long_term_average": 1280585, 
        "date": "2013-01-31", 
        "operating_revenue": 1540858, 
        "short_term_average": 1583683
    }, 
    {
        "accumulated_operating_revenue_yoy": 13.699575755609947, 
        "accumulated_operating_revenue": 2734186, 
        "long_term_average": 1280533, 
        "date": "2013-02-28", 
        "operating_revenue": 1193328, 
        "short_term_average": 1443963
    }, 
    {
        "accumulated_operating_revenue_yoy": 17.28330045560825, 
        "accumulated_operating_revenue": 4126722, 
        "long_term_average": 1303757, 
        "date": "2013-03-31", 
        "operating_revenue": 1392536, 
        "short_term_average": 1375574
    }, 
    {
        "accumulated_operating_revenue_yoy": 28.49295054487055, 
        "accumulated_operating_revenue": 5885432, 
        "long_term_average": 1361836, 
        "date": "2013-04-30", 
        "operating_revenue": 1758710, 
        "short_term_average": 1448191
    }, 
    {
        "accumulated_operating_revenue_yoy": 30.657599929315765, 
        "accumulated_operating_revenue": 7512177, 
        "long_term_average": 1399968, 
        "date": "2013-05-31", 
        "operating_revenue": 1626745, 
        "short_term_average": 1592663
    }, 
    {
        "accumulated_operating_revenue_yoy": 27.82806499519944, 
        "accumulated_operating_revenue": 9057425, 
        "long_term_average": 1417395, 
        "date": "2013-06-30", 
        "operating_revenue": 1545248, 
        "short_term_average": 1643567
    }, 
    {
        "accumulated_operating_revenue_yoy": 28.398438699046842, 
        "accumulated_operating_revenue": 10457398, 
        "long_term_average": 1445822, 
        "date": "2013-07-31", 
        "operating_revenue": 1399973, 
        "short_term_average": 1523988
    }, 
    {
        "accumulated_operating_revenue_yoy": 22.541496122318456, 
        "accumulated_operating_revenue": 11620751, 
        "long_term_average": 1431216, 
        "date": "2013-08-31", 
        "operating_revenue": 1163353, 
        "short_term_average": 1369524
    }, 
    {
        "accumulated_operating_revenue_yoy": 21.41964311437999, 
        "accumulated_operating_revenue": 12896109, 
        "long_term_average": 1442663, 
        "date": "2013-09-30", 
        "operating_revenue": 1275358, 
        "short_term_average": 1279561
    }, 
    {
        "accumulated_operating_revenue_yoy": 21.4628532369463, 
        "accumulated_operating_revenue": 14365125, 
        "long_term_average": 1464609, 
        "date": "2013-10-31", 
        "operating_revenue": 1469016, 
        "short_term_average": 1302575
    }, 
    {
        "accumulated_operating_revenue_yoy": 16.834359531319155, 
        "accumulated_operating_revenue": 15701664, 
        "long_term_average": 1441614, 
        "date": "2013-11-30", 
        "operating_revenue": 1336539, 
        "short_term_average": 1360304
    }, 
    {
        "accumulated_operating_revenue_yoy": 12.973490113291547, 
        "accumulated_operating_revenue": 16987774, 
        "long_term_average": 1415647, 
        "date": "2013-12-31", 
        "operating_revenue": 1286110, 
        "short_term_average": 1363888
    }, 
    {
        "accumulated_operating_revenue_yoy": -9.034576839656866, 
        "accumulated_operating_revenue": 1401648, 
        "long_term_average": 1404047, 
        "date": "2014-01-31", 
        "operating_revenue": 1401648, 
        "short_term_average": 1341432
    }, 
    {
        "accumulated_operating_revenue_yoy": -0.2960661783799639, 
        "accumulated_operating_revenue": 2726091, 
        "long_term_average": 1414973, 
        "date": "2014-02-28", 
        "operating_revenue": 1324443, 
        "short_term_average": 1337400
    }, 
    {
        "accumulated_operating_revenue_yoy": -1.6272722029736921, 
        "accumulated_operating_revenue": 4059569, 
        "long_term_average": 1410051, 
        "date": "2014-03-31", 
        "operating_revenue": 1333478, 
        "short_term_average": 1353189
    }, 
    {
        "accumulated_operating_revenue_yoy": -7.730953309799518, 
        "accumulated_operating_revenue": 5430432, 
        "long_term_average": 1377731, 
        "date": "2014-04-30", 
        "operating_revenue": 1370863, 
        "short_term_average": 1342928
    }, 
    {
        "accumulated_operating_revenue_yoy": -8.795852387397156, 
        "accumulated_operating_revenue": 6851417, 
        "long_term_average": 1360584, 
        "date": "2014-05-31", 
        "operating_revenue": 1420985, 
        "short_term_average": 1375108
    }, 
    {
        "accumulated_operating_revenue_yoy": -8.151477931089685, 
        "accumulated_operating_revenue": 8319111, 
        "long_term_average": 1354121, 
        "date": "2014-06-30", 
        "operating_revenue": 1467694, 
        "short_term_average": 1419847
    }, 
    {
        "accumulated_operating_revenue_yoy": -7.3878511652707495, 
        "accumulated_operating_revenue": 9684821, 
        "long_term_average": 1351266, 
        "date": "2014-07-31", 
        "operating_revenue": 1365710, 
        "short_term_average": 1418129
    }, 
    {
        "accumulated_operating_revenue_yoy": -4.940945727173743, 
        "accumulated_operating_revenue": 11046576, 
        "long_term_average": 1367799, 
        "date": "2014-08-31", 
        "operating_revenue": 1361755, 
        "short_term_average": 1398386
    }, 
    {
        "accumulated_operating_revenue_yoy": -3.2283923778870043, 
        "accumulated_operating_revenue": 12479772, 
        "long_term_average": 1380953, 
        "date": "2014-09-30", 
        "operating_revenue": 1433196, 
        "short_term_average": 1386887
    }, 
    {
        "accumulated_operating_revenue_yoy": -2.226928063626317, 
        "accumulated_operating_revenue": 14045224, 
        "long_term_average": 1388989, 
        "date": "2014-10-31", 
        "operating_revenue": 1565452, 
        "short_term_average": 1453467
    }, 
    {
        "accumulated_operating_revenue_yoy": -0.9620509011019469, 
        "accumulated_operating_revenue": 15550606, 
        "long_term_average": 1403059, 
        "date": "2014-11-30", 
        "operating_revenue": 1505382, 
        "short_term_average": 1501343
    }, 
    {
        "accumulated_operating_revenue_yoy": 2.9245797595376533, 
        "accumulated_operating_revenue": 17484595, 
        "long_term_average": 1457049, 
        "date": "2014-12-31", 
        "operating_revenue": 1933989, 
        "short_term_average": 1668274
    }, 
    {
        "accumulated_operating_revenue_yoy": 19.21352579249569, 
        "accumulated_operating_revenue": 1670954, 
        "long_term_average": 1479491, 
        "date": "2015-01-31", 
        "operating_revenue": 1670954, 
        "short_term_average": 1703441
    }, 
    {
        "accumulated_operating_revenue_yoy": 8.74695672301475, 
        "accumulated_operating_revenue": 2964541, 
        "long_term_average": 1476920, 
        "date": "2015-02-28", 
        "operating_revenue": 1293587, 
        "short_term_average": 1632843
    }, 
    {
        "accumulated_operating_revenue_yoy": 12.747855745277391, 
        "accumulated_operating_revenue": 4577077, 
        "long_term_average": 1500175, 
        "date": "2015-03-31", 
        "operating_revenue": 1612536, 
        "short_term_average": 1525692
    }, 
    {
        "accumulated_operating_revenue_yoy": 14.067996800254564, 
        "accumulated_operating_revenue": 6194385, 
        "long_term_average": 1520712, 
        "date": "2015-04-30", 
        "operating_revenue": 1617308, 
        "short_term_average": 1507810
    }, 
    {
        "accumulated_operating_revenue_yoy": 13.501265504639406, 
        "accumulated_operating_revenue": 7776445, 
        "long_term_average": 1534135, 
        "date": "2015-05-31", 
        "operating_revenue": 1582060, 
        "short_term_average": 1603968
    }, 
    {
        "accumulated_operating_revenue_yoy": 12.36341238865547, 
        "accumulated_operating_revenue": 9347637, 
        "long_term_average": 1542760, 
        "date": "2015-06-30", 
        "operating_revenue": 1571192, 
        "short_term_average": 1590186
    }, 
    {
        "accumulated_operating_revenue_yoy": 12.63315037004814, 
        "accumulated_operating_revenue": 10908319, 
        "long_term_average": 1559007, 
        "date": "2015-07-31", 
        "operating_revenue": 1560682, 
        "short_term_average": 1571311
    }, 
    {
        "accumulated_operating_revenue_yoy": 12.835253204250801, 
        "accumulated_operating_revenue": 12464432, 
        "long_term_average": 1575204, 
        "date": "2015-08-31", 
        "operating_revenue": 1556113, 
        "short_term_average": 1562662
    }
]