[
    {
        "date": "2012-01-31", 
        "operating_revenue": 545235, 
        "accumulated_operating_revenue": 545235, 
        "long_term_average": 545235, 
        "short_term_average": 545235
    }, 
    {
        "date": "2012-02-29", 
        "operating_revenue": 584919, 
        "accumulated_operating_revenue": 1130154, 
        "long_term_average": 565077, 
        "short_term_average": 565077
    }, 
    {
        "date": "2012-03-31", 
        "operating_revenue": 965298, 
        "accumulated_operating_revenue": 2095452, 
        "long_term_average": 698484, 
        "short_term_average": 698484
    }, 
    {
        "date": "2012-04-30", 
        "operating_revenue": 759562, 
        "accumulated_operating_revenue": 2855014, 
        "long_term_average": 713753, 
        "short_term_average": 769926
    }, 
    {
        "date": "2012-05-31", 
        "operating_revenue": 815649, 
        "accumulated_operating_revenue": 3670663, 
        "long_term_average": 734132, 
        "short_term_average": 846836
    }, 
    {
        "date": "2012-06-30", 
        "operating_revenue": 885426, 
        "accumulated_operating_revenue": 4556089, 
        "long_term_average": 759348, 
        "short_term_average": 820212
    }, 
    {
        "date": "2012-07-31", 
        "operating_revenue": 1060299, 
        "accumulated_operating_revenue": 5616388, 
        "long_term_average": 802341, 
        "short_term_average": 920458
    }, 
    {
        "date": "2012-08-31", 
        "operating_revenue": 1119788, 
        "accumulated_operating_revenue": 6736176, 
        "long_term_average": 842022, 
        "short_term_average": 1021837
    }, 
    {
        "date": "2012-09-30", 
        "operating_revenue": 1064688, 
        "accumulated_operating_revenue": 7800864, 
        "long_term_average": 866762, 
        "short_term_average": 1081591
    }, 
    {
        "date": "2012-10-31", 
        "operating_revenue": 944740, 
        "accumulated_operating_revenue": 8745604, 
        "long_term_average": 874560, 
        "short_term_average": 1043072
    }, 
    {
        "date": "2012-11-30", 
        "operating_revenue": 862635, 
        "accumulated_operating_revenue": 9608239, 
        "long_term_average": 873476, 
        "short_term_average": 957354
    }, 
    {
        "date": "2012-12-31", 
        "operating_revenue": 941182, 
        "accumulated_operating_revenue": 10549421, 
        "long_term_average": 879118, 
        "short_term_average": 916185
    }, 
    {
        "accumulated_operating_revenue_yoy": 72.36696103514998, 
        "accumulated_operating_revenue": 939805, 
        "long_term_average": 911999, 
        "date": "2013-01-31", 
        "operating_revenue": 939805, 
        "short_term_average": 914540
    }, 
    {
        "accumulated_operating_revenue_yoy": 20.019395586796136, 
        "accumulated_operating_revenue": 1356404, 
        "long_term_average": 897972, 
        "date": "2013-02-28", 
        "operating_revenue": 416599, 
        "short_term_average": 765862
    }, 
    {
        "accumulated_operating_revenue_yoy": 4.214222038968204, 
        "accumulated_operating_revenue": 2183759, 
        "long_term_average": 886477, 
        "date": "2013-03-31", 
        "operating_revenue": 827355, 
        "short_term_average": 727919
    }, 
    {
        "accumulated_operating_revenue_yoy": 6.470371073486855, 
        "accumulated_operating_revenue": 3039744, 
        "long_term_average": 894512, 
        "date": "2013-04-30", 
        "operating_revenue": 855985, 
        "short_term_average": 699979
    }, 
    {
        "accumulated_operating_revenue_yoy": 10.851336665882975, 
        "accumulated_operating_revenue": 4068979, 
        "long_term_average": 912311, 
        "date": "2013-05-31", 
        "operating_revenue": 1029235, 
        "short_term_average": 904191
    }, 
    {
        "accumulated_operating_revenue_yoy": 7.5356736885517375, 
        "accumulated_operating_revenue": 4899421, 
        "long_term_average": 907729, 
        "date": "2013-06-30", 
        "operating_revenue": 830442, 
        "short_term_average": 905220
    }, 
    {
        "accumulated_operating_revenue_yoy": 0.8673368008050726, 
        "accumulated_operating_revenue": 5665101, 
        "long_term_average": 883177, 
        "date": "2013-07-31", 
        "operating_revenue": 765680, 
        "short_term_average": 875119
    }, 
    {
        "accumulated_operating_revenue_yoy": -4.361747674051272, 
        "accumulated_operating_revenue": 6442361, 
        "long_term_average": 854633, 
        "date": "2013-08-31", 
        "operating_revenue": 777260, 
        "short_term_average": 791127
    }, 
    {
        "accumulated_operating_revenue_yoy": -6.876135771627348, 
        "accumulated_operating_revenue": 7264466, 
        "long_term_average": 834418, 
        "date": "2013-09-30", 
        "operating_revenue": 822105, 
        "short_term_average": 788348
    }, 
    {
        "accumulated_operating_revenue_yoy": -8.23712118682712, 
        "accumulated_operating_revenue": 8025218, 
        "long_term_average": 819086, 
        "date": "2013-10-31", 
        "operating_revenue": 760752, 
        "short_term_average": 786705
    }, 
    {
        "accumulated_operating_revenue_yoy": -8.305174340480082, 
        "accumulated_operating_revenue": 8810258, 
        "long_term_average": 812620, 
        "date": "2013-11-30", 
        "operating_revenue": 785040, 
        "short_term_average": 789299
    }, 
    {
        "accumulated_operating_revenue_yoy": -8.73189154172537, 
        "accumulated_operating_revenue": 9628257, 
        "long_term_average": 802354, 
        "date": "2013-12-31", 
        "operating_revenue": 817999, 
        "short_term_average": 787930
    }, 
    {
        "accumulated_operating_revenue_yoy": -17.245066795771464, 
        "accumulated_operating_revenue": 777735, 
        "long_term_average": 788848, 
        "date": "2014-01-31", 
        "operating_revenue": 777735, 
        "short_term_average": 793591
    }, 
    {
        "accumulated_operating_revenue_yoy": -3.2786691870563636, 
        "accumulated_operating_revenue": 1311932, 
        "long_term_average": 798648, 
        "date": "2014-02-28", 
        "operating_revenue": 534197, 
        "short_term_average": 709977
    }, 
    {
        "accumulated_operating_revenue_yoy": 0.7155093579465499, 
        "accumulated_operating_revenue": 2199384, 
        "long_term_average": 803656, 
        "date": "2014-03-31", 
        "operating_revenue": 887452, 
        "short_term_average": 733128
    }, 
    {
        "accumulated_operating_revenue_yoy": 1.9064105398349334, 
        "accumulated_operating_revenue": 3097694, 
        "long_term_average": 807183, 
        "date": "2014-04-30", 
        "operating_revenue": 898310, 
        "short_term_average": 773319
    }, 
    {
        "accumulated_operating_revenue_yoy": -7.075362148588135, 
        "accumulated_operating_revenue": 3781084, 
        "long_term_average": 778363, 
        "date": "2014-05-31", 
        "operating_revenue": 683390, 
        "short_term_average": 823050
    }, 
    {
        "accumulated_operating_revenue_yoy": -7.6570272283194285, 
        "accumulated_operating_revenue": 4524271, 
        "long_term_average": 771092, 
        "date": "2014-06-30", 
        "operating_revenue": 743187, 
        "short_term_average": 774962
    }, 
    {
        "accumulated_operating_revenue_yoy": -3.413248942957946, 
        "accumulated_operating_revenue": 5471737, 
        "long_term_average": 786241, 
        "date": "2014-07-31", 
        "operating_revenue": 947466, 
        "short_term_average": 791347
    }, 
    {
        "accumulated_operating_revenue_yoy": -0.7450374171829242, 
        "accumulated_operating_revenue": 6394363, 
        "long_term_average": 798354, 
        "date": "2014-08-31", 
        "operating_revenue": 922626, 
        "short_term_average": 871093
    }, 
    {
        "accumulated_operating_revenue_yoy": 1.1593143942032353, 
        "accumulated_operating_revenue": 7348684, 
        "long_term_average": 809372, 
        "date": "2014-09-30", 
        "operating_revenue": 954321, 
        "short_term_average": 941471
    }, 
    {
        "accumulated_operating_revenue_yoy": 4.384304575900617, 
        "accumulated_operating_revenue": 8377068, 
        "long_term_average": 831675, 
        "date": "2014-10-31", 
        "operating_revenue": 1028384, 
        "short_term_average": 968443
    }, 
    {
        "accumulated_operating_revenue_yoy": 4.501230270441569, 
        "accumulated_operating_revenue": 9206828, 
        "long_term_average": 835402, 
        "date": "2014-11-30", 
        "operating_revenue": 829760, 
        "short_term_average": 937488
    }, 
    {
        "accumulated_operating_revenue_yoy": 4.376254185986103, 
        "accumulated_operating_revenue": 10049614, 
        "long_term_average": 837467, 
        "date": "2014-12-31", 
        "operating_revenue": 842786, 
        "short_term_average": 900310
    }, 
    {
        "accumulated_operating_revenue_yoy": -3.9714041415134975, 
        "accumulated_operating_revenue": 746848, 
        "long_term_average": 834893, 
        "date": "2015-01-31", 
        "operating_revenue": 746848, 
        "short_term_average": 806464
    }, 
    {
        "accumulated_operating_revenue_yoy": -7.784702255909605, 
        "accumulated_operating_revenue": 1209802, 
        "long_term_average": 828957, 
        "date": "2015-02-28", 
        "operating_revenue": 462954, 
        "short_term_average": 684196
    }, 
    {
        "accumulated_operating_revenue_yoy": -10.251779589194065, 
        "accumulated_operating_revenue": 1973908, 
        "long_term_average": 818678, 
        "date": "2015-03-31", 
        "operating_revenue": 764106, 
        "short_term_average": 657969
    }, 
    {
        "accumulated_operating_revenue_yoy": -14.95612542749542, 
        "accumulated_operating_revenue": 2634399, 
        "long_term_average": 798859, 
        "date": "2015-04-30", 
        "operating_revenue": 660491, 
        "short_term_average": 629183
    }, 
    {
        "accumulated_operating_revenue_yoy": -11.736872283186514, 
        "accumulated_operating_revenue": 3337303, 
        "long_term_average": 800486, 
        "date": "2015-05-31", 
        "operating_revenue": 702904, 
        "short_term_average": 709167
    }, 
    {
        "accumulated_operating_revenue_yoy": -13.362064297209427, 
        "accumulated_operating_revenue": 3919735, 
        "long_term_average": 787089, 
        "date": "2015-06-30", 
        "operating_revenue": 582432, 
        "short_term_average": 648609
    }, 
    {
        "accumulated_operating_revenue_yoy": -16.820782870229326, 
        "accumulated_operating_revenue": 4551348, 
        "long_term_average": 760768, 
        "date": "2015-07-31", 
        "operating_revenue": 631613, 
        "short_term_average": 638983
    }, 
    {
        "accumulated_operating_revenue_yoy": -18.261193491830227, 
        "accumulated_operating_revenue": 5226676, 
        "long_term_average": 740160, 
        "date": "2015-08-31", 
        "operating_revenue": 675328, 
        "short_term_average": 629791
    }, 
    {
        "accumulated_operating_revenue_yoy": -17.859238470452667, 
        "accumulated_operating_revenue": 6036265, 
        "long_term_average": 728099, 
        "date": "2015-09-30", 
        "operating_revenue": 809589, 
        "short_term_average": 705510
    }, 
    {
        "accumulated_operating_revenue_yoy": -18.64183267940525, 
        "accumulated_operating_revenue": 6815429, 
        "long_term_average": 707331, 
        "date": "2015-10-31", 
        "operating_revenue": 779164, 
        "short_term_average": 754693
    }
]