[
    {
        "date": "2011-09-30", 
        "operating_revenue": 397107, 
        "accumulated_operating_revenue": 397107, 
        "long_term_average": 397107, 
        "short_term_average": 397107
    }, 
    {
        "date": "2011-10-31", 
        "operating_revenue": 372158, 
        "accumulated_operating_revenue": 769265, 
        "long_term_average": 384632, 
        "short_term_average": 384632
    }, 
    {
        "date": "2011-11-30", 
        "operating_revenue": 378542, 
        "accumulated_operating_revenue": 1147807, 
        "long_term_average": 382602, 
        "short_term_average": 382602
    }, 
    {
        "date": "2011-12-31", 
        "operating_revenue": 349997, 
        "accumulated_operating_revenue": 1497804, 
        "long_term_average": 374451, 
        "short_term_average": 366899
    }, 
    {
        "date": "2012-01-31", 
        "operating_revenue": 297002, 
        "accumulated_operating_revenue": 297002, 
        "long_term_average": 358961, 
        "short_term_average": 341847
    }, 
    {
        "date": "2012-02-29", 
        "operating_revenue": 333809, 
        "accumulated_operating_revenue": 630811, 
        "long_term_average": 354769, 
        "short_term_average": 326936
    }, 
    {
        "date": "2012-03-31", 
        "operating_revenue": 376894, 
        "accumulated_operating_revenue": 1007705, 
        "long_term_average": 357929, 
        "short_term_average": 335901
    }, 
    {
        "date": "2012-04-30", 
        "operating_revenue": 432760, 
        "accumulated_operating_revenue": 1440465, 
        "long_term_average": 367283, 
        "short_term_average": 381154
    }, 
    {
        "date": "2012-05-31", 
        "operating_revenue": 447335, 
        "accumulated_operating_revenue": 1887800, 
        "long_term_average": 376178, 
        "short_term_average": 418996
    }, 
    {
        "date": "2012-06-30", 
        "operating_revenue": 381064, 
        "accumulated_operating_revenue": 2268864, 
        "long_term_average": 376666, 
        "short_term_average": 420386
    }, 
    {
        "date": "2012-07-31", 
        "operating_revenue": 373082, 
        "accumulated_operating_revenue": 2641946, 
        "long_term_average": 376340, 
        "short_term_average": 400493
    }, 
    {
        "date": "2012-08-31", 
        "operating_revenue": 391488, 
        "accumulated_operating_revenue": 3033434, 
        "long_term_average": 377603, 
        "short_term_average": 381878
    }, 
    {
        "accumulated_operating_revenue_yoy": 769.0103674828194, 
        "accumulated_operating_revenue": 3450901, 
        "long_term_average": 379299, 
        "date": "2012-09-30", 
        "operating_revenue": 417467, 
        "short_term_average": 394012
    }, 
    {
        "accumulated_operating_revenue_yoy": 390.34064984108204, 
        "accumulated_operating_revenue": 3772019, 
        "long_term_average": 375046, 
        "date": "2012-10-31", 
        "operating_revenue": 321118, 
        "short_term_average": 376691
    }, 
    {
        "accumulated_operating_revenue_yoy": 258.9707154600033, 
        "accumulated_operating_revenue": 4120291, 
        "long_term_average": 372524, 
        "date": "2012-11-30", 
        "operating_revenue": 348272, 
        "short_term_average": 362285
    }, 
    {
        "accumulated_operating_revenue_yoy": 196.6147773673992, 
        "accumulated_operating_revenue": 4442708, 
        "long_term_average": 370225, 
        "date": "2012-12-31", 
        "operating_revenue": 322417, 
        "short_term_average": 330602
    }, 
    {
        "accumulated_operating_revenue_yoy": 20.029158052807723, 
        "accumulated_operating_revenue": 356489, 
        "long_term_average": 375182, 
        "date": "2013-01-31", 
        "operating_revenue": 356489, 
        "short_term_average": 342392
    }, 
    {
        "accumulated_operating_revenue_yoy": -6.869569490703238, 
        "accumulated_operating_revenue": 587477, 
        "long_term_average": 366614, 
        "date": "2013-02-28", 
        "operating_revenue": 230988, 
        "short_term_average": 303298
    }, 
    {
        "accumulated_operating_revenue_yoy": -11.148996978282334, 
        "accumulated_operating_revenue": 895356, 
        "long_term_average": 360863, 
        "date": "2013-03-31", 
        "operating_revenue": 307879, 
        "short_term_average": 298452
    }, 
    {
        "accumulated_operating_revenue_yoy": -14.373900094761066, 
        "accumulated_operating_revenue": 1233414, 
        "long_term_average": 352971, 
        "date": "2013-04-30", 
        "operating_revenue": 338058, 
        "short_term_average": 292308
    }, 
    {
        "accumulated_operating_revenue_yoy": -14.845799343150755, 
        "accumulated_operating_revenue": 1607541, 
        "long_term_average": 346870, 
        "date": "2013-05-31", 
        "operating_revenue": 374127, 
        "short_term_average": 340021
    }, 
    {
        "accumulated_operating_revenue_yoy": -15.033470494485346, 
        "accumulated_operating_revenue": 1927775, 
        "long_term_average": 341801, 
        "date": "2013-06-30", 
        "operating_revenue": 320234, 
        "short_term_average": 344139
    }, 
    {
        "accumulated_operating_revenue_yoy": -15.575867182750896, 
        "accumulated_operating_revenue": 2230440, 
        "long_term_average": 335933, 
        "date": "2013-07-31", 
        "operating_revenue": 302665, 
        "short_term_average": 332342
    }, 
    {
        "accumulated_operating_revenue_yoy": -15.887571643226787, 
        "accumulated_operating_revenue": 2551495, 
        "long_term_average": 330064, 
        "date": "2013-08-31", 
        "operating_revenue": 321055, 
        "short_term_average": 314651
    }, 
    {
        "accumulated_operating_revenue_yoy": -14.899442203644785, 
        "accumulated_operating_revenue": 2936736, 
        "long_term_average": 327378, 
        "date": "2013-09-30", 
        "operating_revenue": 385241, 
        "short_term_average": 336320
    }, 
    {
        "accumulated_operating_revenue_yoy": -13.058948006359458, 
        "accumulated_operating_revenue": 3279433, 
        "long_term_average": 329176, 
        "date": "2013-10-31", 
        "operating_revenue": 342697, 
        "short_term_average": 349664
    }, 
    {
        "accumulated_operating_revenue_yoy": -11.861516577348542, 
        "accumulated_operating_revenue": 3631562, 
        "long_term_average": 329498, 
        "date": "2013-11-30", 
        "operating_revenue": 352129, 
        "short_term_average": 360022
    }, 
    {
        "accumulated_operating_revenue_yoy": -10.230697133370008, 
        "accumulated_operating_revenue": 3988188, 
        "long_term_average": 332349, 
        "date": "2013-12-31", 
        "operating_revenue": 356626, 
        "short_term_average": 350484
    }, 
    {
        "accumulated_operating_revenue_yoy": -1.4783064835100101, 
        "accumulated_operating_revenue": 351219, 
        "long_term_average": 331909, 
        "date": "2014-01-31", 
        "operating_revenue": 351219, 
        "short_term_average": 353324
    }, 
    {
        "accumulated_operating_revenue_yoy": 0.8025846118231011, 
        "accumulated_operating_revenue": 592192, 
        "long_term_average": 332741, 
        "date": "2014-02-28", 
        "operating_revenue": 240973, 
        "short_term_average": 316272
    }, 
    {
        "accumulated_operating_revenue_yoy": 1.7844298804051126, 
        "accumulated_operating_revenue": 911333, 
        "long_term_average": 333680, 
        "date": "2014-03-31", 
        "operating_revenue": 319141, 
        "short_term_average": 303777
    }, 
    {
        "accumulated_operating_revenue_yoy": 0.4679693922721811, 
        "accumulated_operating_revenue": 1239186, 
        "long_term_average": 332830, 
        "date": "2014-04-30", 
        "operating_revenue": 327853, 
        "short_term_average": 295989
    }, 
    {
        "accumulated_operating_revenue_yoy": -0.5231592848953774, 
        "accumulated_operating_revenue": 1599131, 
        "long_term_average": 331648, 
        "date": "2014-05-31", 
        "operating_revenue": 359945, 
        "short_term_average": 335646
    }, 
    {
        "accumulated_operating_revenue_yoy": 2.171363359313198, 
        "accumulated_operating_revenue": 1969634, 
        "long_term_average": 335837, 
        "date": "2014-06-30", 
        "operating_revenue": 370503, 
        "short_term_average": 352767
    }, 
    {
        "accumulated_operating_revenue_yoy": 6.563906673122792, 
        "accumulated_operating_revenue": 2376844, 
        "long_term_average": 344549, 
        "date": "2014-07-31", 
        "operating_revenue": 407210, 
        "short_term_average": 379219
    }, 
    {
        "accumulated_operating_revenue_yoy": 7.194448744755526, 
        "accumulated_operating_revenue": 2735061, 
        "long_term_average": 347646, 
        "date": "2014-08-31", 
        "operating_revenue": 358217, 
        "short_term_average": 378643
    }, 
    {
        "accumulated_operating_revenue_yoy": 6.0245796694016756, 
        "accumulated_operating_revenue": 3113662, 
        "long_term_average": 347092, 
        "date": "2014-09-30", 
        "operating_revenue": 378601, 
        "short_term_average": 381342
    }, 
    {
        "accumulated_operating_revenue_yoy": 5.322109035311897, 
        "accumulated_operating_revenue": 3453968, 
        "long_term_average": 346893, 
        "date": "2014-10-31", 
        "operating_revenue": 340306, 
        "short_term_average": 359041
    }, 
    {
        "accumulated_operating_revenue_yoy": 4.7340786141059965, 
        "accumulated_operating_revenue": 3803483, 
        "long_term_average": 346675, 
        "date": "2014-11-30", 
        "operating_revenue": 349515, 
        "short_term_average": 356140
    }, 
    {
        "accumulated_operating_revenue_yoy": 3.654441565944233, 
        "accumulated_operating_revenue": 4133934, 
        "long_term_average": 344494, 
        "date": "2014-12-31", 
        "operating_revenue": 330451, 
        "short_term_average": 340090
    }, 
    {
        "accumulated_operating_revenue_yoy": -5.617008191470279, 
        "accumulated_operating_revenue": 331491, 
        "long_term_average": 342850, 
        "date": "2015-01-31", 
        "operating_revenue": 331491, 
        "short_term_average": 337152
    }, 
    {
        "accumulated_operating_revenue_yoy": -8.746656489787096, 
        "accumulated_operating_revenue": 540395, 
        "long_term_average": 340178, 
        "date": "2015-02-28", 
        "operating_revenue": 208904, 
        "short_term_average": 290282
    }, 
    {
        "accumulated_operating_revenue_yoy": -8.498540050673025, 
        "accumulated_operating_revenue": 833883, 
        "long_term_average": 338040, 
        "date": "2015-03-31", 
        "operating_revenue": 293488, 
        "short_term_average": 277961
    }, 
    {
        "accumulated_operating_revenue_yoy": -9.45193054150063, 
        "accumulated_operating_revenue": 1122059, 
        "long_term_average": 334733, 
        "date": "2015-04-30", 
        "operating_revenue": 288176, 
        "short_term_average": 263522
    }, 
    {
        "accumulated_operating_revenue_yoy": -13.741776002091136, 
        "accumulated_operating_revenue": 1379382, 
        "long_term_average": 326182, 
        "date": "2015-05-31", 
        "operating_revenue": 257323, 
        "short_term_average": 279662
    }, 
    {
        "accumulated_operating_revenue_yoy": -15.570608549608709, 
        "accumulated_operating_revenue": 1662950, 
        "long_term_average": 318937, 
        "date": "2015-06-30", 
        "operating_revenue": 283568, 
        "short_term_average": 276355
    }, 
    {
        "accumulated_operating_revenue_yoy": -16.91671813547713, 
        "accumulated_operating_revenue": 1974760, 
        "long_term_average": 310987, 
        "date": "2015-07-31", 
        "operating_revenue": 311810, 
        "short_term_average": 284233
    }, 
    {
        "accumulated_operating_revenue_yoy": -15.686048684106133, 
        "accumulated_operating_revenue": 2306038, 
        "long_term_average": 308742, 
        "date": "2015-08-31", 
        "operating_revenue": 331278, 
        "short_term_average": 308885
    }
]