[
    {
        "date": "2011-09-30", 
        "operating_revenue": 810564, 
        "accumulated_operating_revenue": 810564, 
        "long_term_average": 810564, 
        "short_term_average": 810564
    }, 
    {
        "date": "2011-10-31", 
        "operating_revenue": 838738, 
        "accumulated_operating_revenue": 1649302, 
        "long_term_average": 824651, 
        "short_term_average": 824651
    }, 
    {
        "date": "2011-11-30", 
        "operating_revenue": 726651, 
        "accumulated_operating_revenue": 2375953, 
        "long_term_average": 791984, 
        "short_term_average": 791984
    }, 
    {
        "date": "2011-12-31", 
        "operating_revenue": 658666, 
        "accumulated_operating_revenue": 3034619, 
        "long_term_average": 758654, 
        "short_term_average": 741351
    }, 
    {
        "date": "2012-01-31", 
        "operating_revenue": 442595, 
        "accumulated_operating_revenue": 442595, 
        "long_term_average": 695442, 
        "short_term_average": 609304
    }, 
    {
        "date": "2012-02-29", 
        "operating_revenue": 539992, 
        "accumulated_operating_revenue": 982587, 
        "long_term_average": 669534, 
        "short_term_average": 547084
    }, 
    {
        "date": "2012-03-31", 
        "operating_revenue": 578609, 
        "accumulated_operating_revenue": 1561196, 
        "long_term_average": 656545, 
        "short_term_average": 520398
    }, 
    {
        "date": "2012-04-30", 
        "operating_revenue": 616666, 
        "accumulated_operating_revenue": 2177862, 
        "long_term_average": 651560, 
        "short_term_average": 578422
    }, 
    {
        "date": "2012-05-31", 
        "operating_revenue": 687453, 
        "accumulated_operating_revenue": 2865315, 
        "long_term_average": 655548, 
        "short_term_average": 627576
    }, 
    {
        "date": "2012-06-30", 
        "operating_revenue": 648314, 
        "accumulated_operating_revenue": 3513629, 
        "long_term_average": 654824, 
        "short_term_average": 650811
    }, 
    {
        "date": "2012-07-31", 
        "operating_revenue": 693266, 
        "accumulated_operating_revenue": 4206895, 
        "long_term_average": 658319, 
        "short_term_average": 676344
    }, 
    {
        "date": "2012-08-31", 
        "operating_revenue": 796969, 
        "accumulated_operating_revenue": 5003864, 
        "long_term_average": 669873, 
        "short_term_average": 712849
    }, 
    {
        "accumulated_operating_revenue_yoy": 629.2607369683332, 
        "accumulated_operating_revenue": 5911125, 
        "long_term_average": 677931, 
        "date": "2012-09-30", 
        "operating_revenue": 907261, 
        "short_term_average": 799165
    }, 
    {
        "accumulated_operating_revenue_yoy": 312.90709645656165, 
        "accumulated_operating_revenue": 6810085, 
        "long_term_average": 682950, 
        "date": "2012-10-31", 
        "operating_revenue": 898960, 
        "short_term_average": 867730
    }, 
    {
        "accumulated_operating_revenue_yoy": 223.79104300463854, 
        "accumulated_operating_revenue": 7693123, 
        "long_term_average": 695982, 
        "date": "2012-11-30", 
        "operating_revenue": 883038, 
        "short_term_average": 896419
    }, 
    {
        "accumulated_operating_revenue_yoy": 179.1284507214909, 
        "accumulated_operating_revenue": 8470485, 
        "long_term_average": 705873, 
        "date": "2012-12-31", 
        "operating_revenue": 777362, 
        "short_term_average": 853120
    }, 
    {
        "accumulated_operating_revenue_yoy": 67.31436188840814, 
        "accumulated_operating_revenue": 740525, 
        "long_term_average": 730701, 
        "date": "2013-01-31", 
        "operating_revenue": 740525, 
        "short_term_average": 800308
    }, 
    {
        "accumulated_operating_revenue_yoy": 21.59218471239697, 
        "accumulated_operating_revenue": 1194749, 
        "long_term_average": 723553, 
        "date": "2013-02-28", 
        "operating_revenue": 454224, 
        "short_term_average": 657370
    }, 
    {
        "accumulated_operating_revenue_yoy": 17.23460731387987, 
        "accumulated_operating_revenue": 1830262, 
        "long_term_average": 728295, 
        "date": "2013-03-31", 
        "operating_revenue": 635513, 
        "short_term_average": 610087
    }, 
    {
        "accumulated_operating_revenue_yoy": 12.481185676594752, 
        "accumulated_operating_revenue": 2449685, 
        "long_term_average": 728525, 
        "date": "2013-04-30", 
        "operating_revenue": 619423, 
        "short_term_average": 569720
    }, 
    {
        "accumulated_operating_revenue_yoy": 4.733720376293706, 
        "accumulated_operating_revenue": 3000951, 
        "long_term_average": 717176, 
        "date": "2013-05-31", 
        "operating_revenue": 551266, 
        "short_term_average": 602067
    }, 
    {
        "accumulated_operating_revenue_yoy": 0.7305267573781978, 
        "accumulated_operating_revenue": 3539297, 
        "long_term_average": 708012, 
        "date": "2013-06-30", 
        "operating_revenue": 538346, 
        "short_term_average": 569678
    }, 
    {
        "accumulated_operating_revenue_yoy": -2.6867083680481683, 
        "accumulated_operating_revenue": 4093868, 
        "long_term_average": 696454, 
        "date": "2013-07-31", 
        "operating_revenue": 554571, 
        "short_term_average": 548061
    }, 
    {
        "accumulated_operating_revenue_yoy": -4.649247061870587, 
        "accumulated_operating_revenue": 4771222, 
        "long_term_average": 686486, 
        "date": "2013-08-31", 
        "operating_revenue": 677354, 
        "short_term_average": 590090
    }, 
    {
        "accumulated_operating_revenue_yoy": -4.9376049398380175, 
        "accumulated_operating_revenue": 5619257, 
        "long_term_average": 681551, 
        "date": "2013-09-30", 
        "operating_revenue": 848035, 
        "short_term_average": 693320
    }, 
    {
        "accumulated_operating_revenue_yoy": -3.7241679068616618, 
        "accumulated_operating_revenue": 6556466, 
        "long_term_average": 684738, 
        "date": "2013-10-31", 
        "operating_revenue": 937209, 
        "short_term_average": 820866
    }, 
    {
        "accumulated_operating_revenue_yoy": -4.847940166821719, 
        "accumulated_operating_revenue": 7320165, 
        "long_term_average": 674793, 
        "date": "2013-11-30", 
        "operating_revenue": 763699, 
        "short_term_average": 849647
    }, 
    {
        "accumulated_operating_revenue_yoy": -5.376221078249946, 
        "accumulated_operating_revenue": 8015093, 
        "long_term_average": 667924, 
        "date": "2013-12-31", 
        "operating_revenue": 694928, 
        "short_term_average": 798612
    }, 
    {
        "accumulated_operating_revenue_yoy": -23.60244421187671, 
        "accumulated_operating_revenue": 565743, 
        "long_term_average": 653359, 
        "date": "2014-01-31", 
        "operating_revenue": 565743, 
        "short_term_average": 674790
    }, 
    {
        "accumulated_operating_revenue_yoy": -18.66442240169274, 
        "accumulated_operating_revenue": 971756, 
        "long_term_average": 649341, 
        "date": "2014-02-28", 
        "operating_revenue": 406013, 
        "short_term_average": 555561
    }, 
    {
        "accumulated_operating_revenue_yoy": -13.228543235886448, 
        "accumulated_operating_revenue": 1588145, 
        "long_term_average": 647748, 
        "date": "2014-03-31", 
        "operating_revenue": 616389, 
        "short_term_average": 529381
    }, 
    {
        "accumulated_operating_revenue_yoy": -9.676591071913327, 
        "accumulated_operating_revenue": 2212639, 
        "long_term_average": 648170, 
        "date": "2014-04-30", 
        "operating_revenue": 624494, 
        "short_term_average": 548965
    }, 
    {
        "accumulated_operating_revenue_yoy": -1.0526329820113691, 
        "accumulated_operating_revenue": 2969362, 
        "long_term_average": 665292, 
        "date": "2014-05-31", 
        "operating_revenue": 756723, 
        "short_term_average": 665868
    }, 
    {
        "accumulated_operating_revenue_yoy": 4.350581485532296, 
        "accumulated_operating_revenue": 3693277, 
        "long_term_average": 680756, 
        "date": "2014-06-30", 
        "operating_revenue": 723915, 
        "short_term_average": 701710
    }, 
    {
        "accumulated_operating_revenue_yoy": 8.641167717180915, 
        "accumulated_operating_revenue": 4447626, 
        "long_term_average": 697404, 
        "date": "2014-07-31", 
        "operating_revenue": 754349, 
        "short_term_average": 744995
    }, 
    {
        "accumulated_operating_revenue_yoy": 9.285671469489367, 
        "accumulated_operating_revenue": 5214262, 
        "long_term_average": 704844, 
        "date": "2014-08-31", 
        "operating_revenue": 766636, 
        "short_term_average": 748300
    }, 
    {
        "accumulated_operating_revenue_yoy": 8.718946294857131, 
        "accumulated_operating_revenue": 6109197, 
        "long_term_average": 708752, 
        "date": "2014-09-30", 
        "operating_revenue": 894935, 
        "short_term_average": 805306
    }, 
    {
        "accumulated_operating_revenue_yoy": 10.213856062091988, 
        "accumulated_operating_revenue": 7226134, 
        "long_term_average": 723730, 
        "date": "2014-10-31", 
        "operating_revenue": 1116937, 
        "short_term_average": 926169
    }, 
    {
        "accumulated_operating_revenue_yoy": 13.714923092580564, 
        "accumulated_operating_revenue": 8324120, 
        "long_term_average": 751587, 
        "date": "2014-11-30", 
        "operating_revenue": 1097986, 
        "short_term_average": 1036619
    }, 
    {
        "accumulated_operating_revenue_yoy": 17.826617857085374, 
        "accumulated_operating_revenue": 9443913, 
        "long_term_average": 786992, 
        "date": "2014-12-31", 
        "operating_revenue": 1119793, 
        "short_term_average": 1111572
    }, 
    {
        "accumulated_operating_revenue_yoy": 84.84099670698532, 
        "accumulated_operating_revenue": 1045725, 
        "long_term_average": 826991, 
        "date": "2015-01-31", 
        "operating_revenue": 1045725, 
        "short_term_average": 1087834
    }, 
    {
        "accumulated_operating_revenue_yoy": 67.51221500047338, 
        "accumulated_operating_revenue": 1627810, 
        "long_term_average": 841663, 
        "date": "2015-02-28", 
        "operating_revenue": 582085, 
        "short_term_average": 915867
    }, 
    {
        "accumulated_operating_revenue_yoy": 57.25679959953279, 
        "accumulated_operating_revenue": 2497466, 
        "long_term_average": 862769, 
        "date": "2015-03-31", 
        "operating_revenue": 869656, 
        "short_term_average": 832488
    }, 
    {
        "accumulated_operating_revenue_yoy": 46.74323285452349, 
        "accumulated_operating_revenue": 3246898, 
        "long_term_average": 873181, 
        "date": "2015-04-30", 
        "operating_revenue": 749432, 
        "short_term_average": 733724
    }, 
    {
        "accumulated_operating_revenue_yoy": 33.391011267740346, 
        "accumulated_operating_revenue": 3960862, 
        "long_term_average": 869617, 
        "date": "2015-05-31", 
        "operating_revenue": 713964, 
        "short_term_average": 777684
    }, 
    {
        "accumulated_operating_revenue_yoy": 31.451905719500594, 
        "accumulated_operating_revenue": 4854883, 
        "long_term_average": 883793, 
        "date": "2015-06-30", 
        "operating_revenue": 894021, 
        "short_term_average": 785805
    }, 
    {
        "accumulated_operating_revenue_yoy": 26.980236197917723, 
        "accumulated_operating_revenue": 5647606, 
        "long_term_average": 886991, 
        "date": "2015-07-31", 
        "operating_revenue": 792723, 
        "short_term_average": 800236
    }, 
    {
        "accumulated_operating_revenue_yoy": 23.440229892552388, 
        "accumulated_operating_revenue": 6436497, 
        "long_term_average": 888845, 
        "date": "2015-08-31", 
        "operating_revenue": 788891, 
        "short_term_average": 825211
    }
]