[
    {
        "date": "2011-09-30", 
        "operating_revenue": 103807, 
        "accumulated_operating_revenue": 103807, 
        "long_term_average": 103807, 
        "short_term_average": 103807
    }, 
    {
        "date": "2011-10-31", 
        "operating_revenue": 72981, 
        "accumulated_operating_revenue": 176788, 
        "long_term_average": 88394, 
        "short_term_average": 88394
    }, 
    {
        "date": "2011-11-30", 
        "operating_revenue": 65014, 
        "accumulated_operating_revenue": 241802, 
        "long_term_average": 80600, 
        "short_term_average": 80600
    }, 
    {
        "date": "2011-12-31", 
        "operating_revenue": 69661, 
        "accumulated_operating_revenue": 311463, 
        "long_term_average": 77865, 
        "short_term_average": 69218
    }, 
    {
        "date": "2012-01-31", 
        "operating_revenue": 78178, 
        "accumulated_operating_revenue": 78178, 
        "long_term_average": 77928, 
        "short_term_average": 70951
    }, 
    {
        "date": "2012-02-29", 
        "operating_revenue": 74229, 
        "accumulated_operating_revenue": 152407, 
        "long_term_average": 77311, 
        "short_term_average": 74022
    }, 
    {
        "date": "2012-03-31", 
        "operating_revenue": 79775, 
        "accumulated_operating_revenue": 232182, 
        "long_term_average": 77663, 
        "short_term_average": 77394
    }, 
    {
        "date": "2012-04-30", 
        "operating_revenue": 82413, 
        "accumulated_operating_revenue": 314595, 
        "long_term_average": 78257, 
        "short_term_average": 78805
    }, 
    {
        "date": "2012-05-31", 
        "operating_revenue": 82218, 
        "accumulated_operating_revenue": 396813, 
        "long_term_average": 78697, 
        "short_term_average": 81468
    }, 
    {
        "date": "2012-06-30", 
        "operating_revenue": 64508, 
        "accumulated_operating_revenue": 461321, 
        "long_term_average": 77278, 
        "short_term_average": 76379
    }, 
    {
        "date": "2012-07-31", 
        "operating_revenue": 97514, 
        "accumulated_operating_revenue": 558835, 
        "long_term_average": 79118, 
        "short_term_average": 81413
    }, 
    {
        "date": "2012-08-31", 
        "operating_revenue": 69025, 
        "accumulated_operating_revenue": 627860, 
        "long_term_average": 78276, 
        "short_term_average": 77015
    }, 
    {
        "accumulated_operating_revenue_yoy": 570.3391871453755, 
        "accumulated_operating_revenue": 695859, 
        "long_term_average": 75292, 
        "date": "2012-09-30", 
        "operating_revenue": 67999, 
        "short_term_average": 78179
    }, 
    {
        "accumulated_operating_revenue_yoy": 332.0689187048895, 
        "accumulated_operating_revenue": 763846, 
        "long_term_average": 74876, 
        "date": "2012-10-31", 
        "operating_revenue": 67987, 
        "short_term_average": 68337
    }, 
    {
        "accumulated_operating_revenue_yoy": 240.02779133340502, 
        "accumulated_operating_revenue": 822194, 
        "long_term_average": 74321, 
        "date": "2012-11-30", 
        "operating_revenue": 58348, 
        "short_term_average": 64778
    }, 
    {
        "accumulated_operating_revenue_yoy": 188.99066662813883, 
        "accumulated_operating_revenue": 900099, 
        "long_term_average": 75008, 
        "date": "2012-12-31", 
        "operating_revenue": 77905, 
        "short_term_average": 68080
    }, 
    {
        "accumulated_operating_revenue_yoy": -6.564506638696309, 
        "accumulated_operating_revenue": 73046, 
        "long_term_average": 74580, 
        "date": "2013-01-31", 
        "operating_revenue": 73046, 
        "short_term_average": 69766
    }, 
    {
        "accumulated_operating_revenue_yoy": -22.612478429468464, 
        "accumulated_operating_revenue": 117944, 
        "long_term_average": 72136, 
        "date": "2013-02-28", 
        "operating_revenue": 44898, 
        "short_term_average": 65283
    }, 
    {
        "accumulated_operating_revenue_yoy": -18.619445090489357, 
        "accumulated_operating_revenue": 188951, 
        "long_term_average": 71405, 
        "date": "2013-03-31", 
        "operating_revenue": 71007, 
        "short_term_average": 62983
    }, 
    {
        "accumulated_operating_revenue_yoy": -15.500882086492156, 
        "accumulated_operating_revenue": 265830, 
        "long_term_average": 70944, 
        "date": "2013-04-30", 
        "operating_revenue": 76879, 
        "short_term_average": 64261
    }, 
    {
        "accumulated_operating_revenue_yoy": -11.079778132268853, 
        "accumulated_operating_revenue": 352847, 
        "long_term_average": 71344, 
        "date": "2013-05-31", 
        "operating_revenue": 87017, 
        "short_term_average": 78301
    }, 
    {
        "accumulated_operating_revenue_yoy": -8.73361498826197, 
        "accumulated_operating_revenue": 421031, 
        "long_term_average": 71650, 
        "date": "2013-06-30", 
        "operating_revenue": 68184, 
        "short_term_average": 77360
    }, 
    {
        "accumulated_operating_revenue_yoy": -12.70518131469933, 
        "accumulated_operating_revenue": 487834, 
        "long_term_average": 69091, 
        "date": "2013-07-31", 
        "operating_revenue": 66803, 
        "short_term_average": 74001
    }, 
    {
        "accumulated_operating_revenue_yoy": -8.485012582422833, 
        "accumulated_operating_revenue": 574586, 
        "long_term_average": 70568, 
        "date": "2013-08-31", 
        "operating_revenue": 86752, 
        "short_term_average": 73913
    }, 
    {
        "accumulated_operating_revenue_yoy": -6.308749329964834, 
        "accumulated_operating_revenue": 651959, 
        "long_term_average": 71349, 
        "date": "2013-09-30", 
        "operating_revenue": 77373, 
        "short_term_average": 76976
    }, 
    {
        "accumulated_operating_revenue_yoy": -3.983787307912851, 
        "accumulated_operating_revenue": 733416, 
        "long_term_average": 72472, 
        "date": "2013-10-31", 
        "operating_revenue": 81457, 
        "short_term_average": 81860
    }, 
    {
        "accumulated_operating_revenue_yoy": -2.1458439249130983, 
        "accumulated_operating_revenue": 804551, 
        "long_term_average": 73538, 
        "date": "2013-11-30", 
        "operating_revenue": 71135, 
        "short_term_average": 76655
    }, 
    {
        "accumulated_operating_revenue_yoy": -0.8861247484998872, 
        "accumulated_operating_revenue": 892123, 
        "long_term_average": 74343, 
        "date": "2013-12-31", 
        "operating_revenue": 87572, 
        "short_term_average": 80054
    }, 
    {
        "accumulated_operating_revenue_yoy": -15.011088902883115, 
        "accumulated_operating_revenue": 62081, 
        "long_term_average": 73429, 
        "date": "2014-01-31", 
        "operating_revenue": 62081, 
        "short_term_average": 73596
    }, 
    {
        "accumulated_operating_revenue_yoy": 6.038458929661535, 
        "accumulated_operating_revenue": 125066, 
        "long_term_average": 74937, 
        "date": "2014-02-28", 
        "operating_revenue": 62985, 
        "short_term_average": 70879
    }, 
    {
        "accumulated_operating_revenue_yoy": 10.04387380855354, 
        "accumulated_operating_revenue": 207929, 
        "long_term_average": 75925, 
        "date": "2014-03-31", 
        "operating_revenue": 82863, 
        "short_term_average": 69309
    }, 
    {
        "accumulated_operating_revenue_yoy": -0.5706654628898168, 
        "accumulated_operating_revenue": 264313, 
        "long_term_average": 74217, 
        "date": "2014-04-30", 
        "operating_revenue": 56384, 
        "short_term_average": 67410
    }, 
    {
        "accumulated_operating_revenue_yoy": -3.674680527254022, 
        "accumulated_operating_revenue": 339881, 
        "long_term_average": 73263, 
        "date": "2014-05-31", 
        "operating_revenue": 75568, 
        "short_term_average": 71605
    }, 
    {
        "accumulated_operating_revenue_yoy": -2.863922133999634, 
        "accumulated_operating_revenue": 408973, 
        "long_term_average": 73338, 
        "date": "2014-06-30", 
        "operating_revenue": 69092, 
        "short_term_average": 67014
    }, 
    {
        "accumulated_operating_revenue_yoy": -0.8066268443773906, 
        "accumulated_operating_revenue": 483899, 
        "long_term_average": 74015, 
        "date": "2014-07-31", 
        "operating_revenue": 74926, 
        "short_term_average": 73195
    }, 
    {
        "accumulated_operating_revenue_yoy": -4.045695509462465, 
        "accumulated_operating_revenue": 551340, 
        "long_term_average": 72406, 
        "date": "2014-08-31", 
        "operating_revenue": 67441, 
        "short_term_average": 70486
    }, 
    {
        "accumulated_operating_revenue_yoy": -3.5707766899452267, 
        "accumulated_operating_revenue": 628679, 
        "long_term_average": 72403, 
        "date": "2014-09-30", 
        "operating_revenue": 77339, 
        "short_term_average": 73235
    }, 
    {
        "accumulated_operating_revenue_yoy": -5.719673418632809, 
        "accumulated_operating_revenue": 691467, 
        "long_term_average": 70847, 
        "date": "2014-10-31", 
        "operating_revenue": 62788, 
        "short_term_average": 69189
    }, 
    {
        "accumulated_operating_revenue_yoy": -5.905157037900643, 
        "accumulated_operating_revenue": 757041, 
        "long_term_average": 70384, 
        "date": "2014-11-30", 
        "operating_revenue": 65574, 
        "short_term_average": 68567
    }, 
    {
        "accumulated_operating_revenue_yoy": -7.365015810600108, 
        "accumulated_operating_revenue": 826418, 
        "long_term_average": 68868, 
        "date": "2014-12-31", 
        "operating_revenue": 69377, 
        "short_term_average": 65913
    }, 
    {
        "accumulated_operating_revenue_yoy": 24.688713132842576, 
        "accumulated_operating_revenue": 77408, 
        "long_term_average": 70145, 
        "date": "2015-01-31", 
        "operating_revenue": 77408, 
        "short_term_average": 70786
    }, 
    {
        "accumulated_operating_revenue_yoy": 8.270833000175907, 
        "accumulated_operating_revenue": 135410, 
        "long_term_average": 69730, 
        "date": "2015-02-28", 
        "operating_revenue": 58002, 
        "short_term_average": 68262
    }, 
    {
        "accumulated_operating_revenue_yoy": -6.648423259862741, 
        "accumulated_operating_revenue": 194105, 
        "long_term_average": 67716, 
        "date": "2015-03-31", 
        "operating_revenue": 58695, 
        "short_term_average": 64701
    }, 
    {
        "accumulated_operating_revenue_yoy": -3.094815616333665, 
        "accumulated_operating_revenue": 256133, 
        "long_term_average": 68186, 
        "date": "2015-04-30", 
        "operating_revenue": 62028, 
        "short_term_average": 59575
    }, 
    {
        "accumulated_operating_revenue_yoy": -1.205127677039905, 
        "accumulated_operating_revenue": 335785, 
        "long_term_average": 68526, 
        "date": "2015-05-31", 
        "operating_revenue": 79652, 
        "short_term_average": 66791
    }, 
    {
        "accumulated_operating_revenue_yoy": -1.7006012621860123, 
        "accumulated_operating_revenue": 402018, 
        "long_term_average": 68288, 
        "date": "2015-06-30", 
        "operating_revenue": 66233, 
        "short_term_average": 69304
    }, 
    {
        "accumulated_operating_revenue_yoy": -0.8580302914451157, 
        "accumulated_operating_revenue": 479747, 
        "long_term_average": 68522, 
        "date": "2015-07-31", 
        "operating_revenue": 77729, 
        "short_term_average": 74538
    }, 
    {
        "accumulated_operating_revenue_yoy": -0.22817136431240254, 
        "accumulated_operating_revenue": 550082, 
        "long_term_average": 68763, 
        "date": "2015-08-31", 
        "operating_revenue": 70335, 
        "short_term_average": 71432
    }
]