[
    {
        "date": "2011-09-30", 
        "operating_revenue": 161092, 
        "accumulated_operating_revenue": 161092, 
        "long_term_average": 161092, 
        "short_term_average": 161092
    }, 
    {
        "date": "2011-10-31", 
        "operating_revenue": 124308, 
        "accumulated_operating_revenue": 285400, 
        "long_term_average": 142700, 
        "short_term_average": 142700
    }, 
    {
        "date": "2011-11-30", 
        "operating_revenue": 142719, 
        "accumulated_operating_revenue": 428119, 
        "long_term_average": 142706, 
        "short_term_average": 142706
    }, 
    {
        "date": "2011-12-31", 
        "operating_revenue": 143623, 
        "accumulated_operating_revenue": 571742, 
        "long_term_average": 142935, 
        "short_term_average": 136883
    }, 
    {
        "date": "2012-01-31", 
        "operating_revenue": 90307, 
        "accumulated_operating_revenue": 90307, 
        "long_term_average": 132409, 
        "short_term_average": 125549
    }, 
    {
        "date": "2012-02-29", 
        "operating_revenue": 134400, 
        "accumulated_operating_revenue": 224707, 
        "long_term_average": 132741, 
        "short_term_average": 122776
    }, 
    {
        "date": "2012-03-31", 
        "operating_revenue": 153845, 
        "accumulated_operating_revenue": 378552, 
        "long_term_average": 135756, 
        "short_term_average": 126184
    }, 
    {
        "date": "2012-04-30", 
        "operating_revenue": 152448, 
        "accumulated_operating_revenue": 531000, 
        "long_term_average": 137842, 
        "short_term_average": 146897
    }, 
    {
        "date": "2012-05-31", 
        "operating_revenue": 157122, 
        "accumulated_operating_revenue": 688122, 
        "long_term_average": 139984, 
        "short_term_average": 154471
    }, 
    {
        "date": "2012-06-30", 
        "operating_revenue": 188951, 
        "accumulated_operating_revenue": 877073, 
        "long_term_average": 144881, 
        "short_term_average": 166173
    }, 
    {
        "date": "2012-07-31", 
        "operating_revenue": 147182, 
        "accumulated_operating_revenue": 1024255, 
        "long_term_average": 145090, 
        "short_term_average": 164418
    }, 
    {
        "date": "2012-08-31", 
        "operating_revenue": 165247, 
        "accumulated_operating_revenue": 1189502, 
        "long_term_average": 146770, 
        "short_term_average": 167126
    }, 
    {
        "accumulated_operating_revenue_yoy": 742.891639560003, 
        "accumulated_operating_revenue": 1357831, 
        "long_term_average": 147373, 
        "date": "2012-09-30", 
        "operating_revenue": 168329, 
        "short_term_average": 160252
    }, 
    {
        "accumulated_operating_revenue_yoy": 427.52487736510164, 
        "accumulated_operating_revenue": 1505556, 
        "long_term_average": 149324, 
        "date": "2012-10-31", 
        "operating_revenue": 147725, 
        "short_term_average": 160433
    }, 
    {
        "accumulated_operating_revenue_yoy": 287.3969620596143, 
        "accumulated_operating_revenue": 1658520, 
        "long_term_average": 150178, 
        "date": "2012-11-30", 
        "operating_revenue": 152964, 
        "short_term_average": 156339
    }, 
    {
        "accumulated_operating_revenue_yoy": 215.9496766023836, 
        "accumulated_operating_revenue": 1806417, 
        "long_term_average": 150534, 
        "date": "2012-12-31", 
        "operating_revenue": 147897, 
        "short_term_average": 149528
    }, 
    {
        "accumulated_operating_revenue_yoy": 81.31706290763728, 
        "accumulated_operating_revenue": 163742, 
        "long_term_average": 156654, 
        "date": "2013-01-31", 
        "operating_revenue": 163742, 
        "short_term_average": 154867
    }, 
    {
        "accumulated_operating_revenue_yoy": 31.876176532106253, 
        "accumulated_operating_revenue": 296335, 
        "long_term_average": 156503, 
        "date": "2013-02-28", 
        "operating_revenue": 132593, 
        "short_term_average": 148077
    }, 
    {
        "accumulated_operating_revenue_yoy": 31.79457511781737, 
        "accumulated_operating_revenue": 498911, 
        "long_term_average": 160564, 
        "date": "2013-03-31", 
        "operating_revenue": 202576, 
        "short_term_average": 166303
    }, 
    {
        "accumulated_operating_revenue_yoy": 28.60075329566855, 
        "accumulated_operating_revenue": 682870, 
        "long_term_average": 163190, 
        "date": "2013-04-30", 
        "operating_revenue": 183959, 
        "short_term_average": 173042
    }, 
    {
        "accumulated_operating_revenue_yoy": 26.25246685907441, 
        "accumulated_operating_revenue": 868771, 
        "long_term_average": 165588, 
        "date": "2013-05-31", 
        "operating_revenue": 185901, 
        "short_term_average": 190812
    }, 
    {
        "accumulated_operating_revenue_yoy": 19.584914824649715, 
        "accumulated_operating_revenue": 1048847, 
        "long_term_average": 164849, 
        "date": "2013-06-30", 
        "operating_revenue": 180076, 
        "short_term_average": 183312
    }, 
    {
        "accumulated_operating_revenue_yoy": 20.128190733752827, 
        "accumulated_operating_revenue": 1230419, 
        "long_term_average": 167715, 
        "date": "2013-07-31", 
        "operating_revenue": 181572, 
        "short_term_average": 182516
    }, 
    {
        "accumulated_operating_revenue_yoy": 18.080255434627265, 
        "accumulated_operating_revenue": 1404567, 
        "long_term_average": 168456, 
        "date": "2013-08-31", 
        "operating_revenue": 174148, 
        "short_term_average": 178598
    }, 
    {
        "accumulated_operating_revenue_yoy": 18.378207597263575, 
        "accumulated_operating_revenue": 1607376, 
        "long_term_average": 171330, 
        "date": "2013-09-30", 
        "operating_revenue": 202809, 
        "short_term_average": 186176
    }, 
    {
        "accumulated_operating_revenue_yoy": 18.241699412044454, 
        "accumulated_operating_revenue": 1780195, 
        "long_term_average": 173421, 
        "date": "2013-10-31", 
        "operating_revenue": 172819, 
        "short_term_average": 183258
    }, 
    {
        "accumulated_operating_revenue_yoy": 17.293490581964644, 
        "accumulated_operating_revenue": 1945336, 
        "long_term_average": 174436, 
        "date": "2013-11-30", 
        "operating_revenue": 165141, 
        "short_term_average": 180256
    }, 
    {
        "accumulated_operating_revenue_yoy": 16.484178348631573, 
        "accumulated_operating_revenue": 2104190, 
        "long_term_average": 175349, 
        "date": "2013-12-31", 
        "operating_revenue": 158854, 
        "short_term_average": 165604
    }, 
    {
        "accumulated_operating_revenue_yoy": -0.978979125697744, 
        "accumulated_operating_revenue": 162139, 
        "long_term_average": 175215, 
        "date": "2014-01-31", 
        "operating_revenue": 162139, 
        "short_term_average": 162044
    }, 
    {
        "accumulated_operating_revenue_yoy": 1.8587072063711678, 
        "accumulated_operating_revenue": 301843, 
        "long_term_average": 175808, 
        "date": "2014-02-28", 
        "operating_revenue": 139704, 
        "short_term_average": 153565
    }, 
    {
        "accumulated_operating_revenue_yoy": 4.902678032755341, 
        "accumulated_operating_revenue": 523371, 
        "long_term_average": 177387, 
        "date": "2014-03-31", 
        "operating_revenue": 221528, 
        "short_term_average": 174457
    }, 
    {
        "accumulated_operating_revenue_yoy": 7.847906629373087, 
        "accumulated_operating_revenue": 736461, 
        "long_term_average": 179815, 
        "date": "2014-04-30", 
        "operating_revenue": 213090, 
        "short_term_average": 191440
    }, 
    {
        "accumulated_operating_revenue_yoy": 12.065550070156577, 
        "accumulated_operating_revenue": 973593, 
        "long_term_average": 184084, 
        "date": "2014-05-31", 
        "operating_revenue": 237132, 
        "short_term_average": 223916
    }, 
    {
        "accumulated_operating_revenue_yoy": 12.311900591792702, 
        "accumulated_operating_revenue": 1177980, 
        "long_term_average": 186110, 
        "date": "2014-06-30", 
        "operating_revenue": 204387, 
        "short_term_average": 218203
    }, 
    {
        "accumulated_operating_revenue_yoy": 13.689401740382747, 
        "accumulated_operating_revenue": 1398856, 
        "long_term_average": 189385, 
        "date": "2014-07-31", 
        "operating_revenue": 220876, 
        "short_term_average": 220798
    }, 
    {
        "accumulated_operating_revenue_yoy": 14.343281594968413, 
        "accumulated_operating_revenue": 1606028, 
        "long_term_average": 192137, 
        "date": "2014-08-31", 
        "operating_revenue": 207172, 
        "short_term_average": 210811
    }, 
    {
        "accumulated_operating_revenue_yoy": 12.334388469157185, 
        "accumulated_operating_revenue": 1805636, 
        "long_term_average": 191870, 
        "date": "2014-09-30", 
        "operating_revenue": 199608, 
        "short_term_average": 209218
    }, 
    {
        "accumulated_operating_revenue_yoy": 12.870500141838395, 
        "accumulated_operating_revenue": 2009315, 
        "long_term_average": 194442, 
        "date": "2014-10-31", 
        "operating_revenue": 203679, 
        "short_term_average": 203486
    }, 
    {
        "accumulated_operating_revenue_yoy": 13.163175924364737, 
        "accumulated_operating_revenue": 2201404, 
        "long_term_average": 196688, 
        "date": "2014-11-30", 
        "operating_revenue": 192089, 
        "short_term_average": 198458
    }, 
    {
        "accumulated_operating_revenue_yoy": 15.992187017332085, 
        "accumulated_operating_revenue": 2440696, 
        "long_term_average": 203391, 
        "date": "2014-12-31", 
        "operating_revenue": 239292, 
        "short_term_average": 211686
    }, 
    {
        "accumulated_operating_revenue_yoy": 13.643848796403086, 
        "accumulated_operating_revenue": 184261, 
        "long_term_average": 205234, 
        "date": "2015-01-31", 
        "operating_revenue": 184261, 
        "short_term_average": 205214
    }, 
    {
        "accumulated_operating_revenue_yoy": 8.608448763098696, 
        "accumulated_operating_revenue": 327827, 
        "long_term_average": 205556, 
        "date": "2015-02-28", 
        "operating_revenue": 143566, 
        "short_term_average": 189039
    }, 
    {
        "accumulated_operating_revenue_yoy": 8.969927642150596, 
        "accumulated_operating_revenue": 570317, 
        "long_term_average": 207303, 
        "date": "2015-03-31", 
        "operating_revenue": 242490, 
        "short_term_average": 190105
    }, 
    {
        "accumulated_operating_revenue_yoy": 7.83707487565533, 
        "accumulated_operating_revenue": 794178, 
        "long_term_average": 208201, 
        "date": "2015-04-30", 
        "operating_revenue": 223861, 
        "short_term_average": 203305
    }, 
    {
        "accumulated_operating_revenue_yoy": 8.26156309669441, 
        "accumulated_operating_revenue": 1054027, 
        "long_term_average": 210094, 
        "date": "2015-05-31", 
        "operating_revenue": 259849, 
        "short_term_average": 242066
    }, 
    {
        "accumulated_operating_revenue_yoy": 11.698925278867213, 
        "accumulated_operating_revenue": 1315791, 
        "long_term_average": 214875, 
        "date": "2015-06-30", 
        "operating_revenue": 261764, 
        "short_term_average": 248491
    }, 
    {
        "accumulated_operating_revenue_yoy": 11.506187913552218, 
        "accumulated_operating_revenue": 1559811, 
        "long_term_average": 216804, 
        "date": "2015-07-31", 
        "operating_revenue": 244020, 
        "short_term_average": 255211
    }, 
    {
        "accumulated_operating_revenue_yoy": 10.351251659373311, 
        "accumulated_operating_revenue": 1772272, 
        "long_term_average": 217245, 
        "date": "2015-08-31", 
        "operating_revenue": 212461, 
        "short_term_average": 239415
    }, 
    {
        "accumulated_operating_revenue_yoy": 9.60104915940976, 
        "accumulated_operating_revenue": 1978996, 
        "long_term_average": 217838, 
        "date": "2015-09-30", 
        "operating_revenue": 206724, 
        "short_term_average": 221068
    }
]