[
    {
        "date": "2012-01-31", 
        "operating_revenue": 70452, 
        "accumulated_operating_revenue": 70452, 
        "long_term_average": 70452, 
        "short_term_average": 70452
    }, 
    {
        "date": "2012-02-29", 
        "operating_revenue": 60491, 
        "accumulated_operating_revenue": 130943, 
        "long_term_average": 65471, 
        "short_term_average": 65471
    }, 
    {
        "date": "2012-03-31", 
        "operating_revenue": 57857, 
        "accumulated_operating_revenue": 188800, 
        "long_term_average": 62933, 
        "short_term_average": 62933
    }, 
    {
        "date": "2012-04-30", 
        "operating_revenue": 57785, 
        "accumulated_operating_revenue": 246585, 
        "long_term_average": 61646, 
        "short_term_average": 58711
    }, 
    {
        "date": "2012-05-31", 
        "operating_revenue": 93371, 
        "accumulated_operating_revenue": 339956, 
        "long_term_average": 67991, 
        "short_term_average": 69671
    }, 
    {
        "date": "2012-06-30", 
        "operating_revenue": 91958, 
        "accumulated_operating_revenue": 431914, 
        "long_term_average": 71985, 
        "short_term_average": 81038
    }, 
    {
        "date": "2012-07-31", 
        "operating_revenue": 82973, 
        "accumulated_operating_revenue": 514887, 
        "long_term_average": 73555, 
        "short_term_average": 89434
    }, 
    {
        "date": "2012-08-31", 
        "operating_revenue": 115795, 
        "accumulated_operating_revenue": 630682, 
        "long_term_average": 78835, 
        "short_term_average": 96908
    }, 
    {
        "date": "2012-09-30", 
        "operating_revenue": 158263, 
        "accumulated_operating_revenue": 788945, 
        "long_term_average": 87660, 
        "short_term_average": 119010
    }, 
    {
        "date": "2012-10-31", 
        "operating_revenue": 176128, 
        "accumulated_operating_revenue": 965073, 
        "long_term_average": 96507, 
        "short_term_average": 150062
    }, 
    {
        "date": "2012-11-30", 
        "operating_revenue": 186038, 
        "accumulated_operating_revenue": 1151111, 
        "long_term_average": 104646, 
        "short_term_average": 173476
    }, 
    {
        "date": "2012-12-31", 
        "operating_revenue": 135416, 
        "accumulated_operating_revenue": 1286527, 
        "long_term_average": 107210, 
        "short_term_average": 165860
    }, 
    {
        "accumulated_operating_revenue_yoy": 51.23488332481689, 
        "accumulated_operating_revenue": 106548, 
        "long_term_average": 110218, 
        "date": "2013-01-31", 
        "operating_revenue": 106548, 
        "short_term_average": 142667
    }, 
    {
        "accumulated_operating_revenue_yoy": 50.602170410025735, 
        "accumulated_operating_revenue": 197203, 
        "long_term_average": 112732, 
        "date": "2013-02-28", 
        "operating_revenue": 90655, 
        "short_term_average": 110873
    }, 
    {
        "accumulated_operating_revenue_yoy": 56.5323093220339, 
        "accumulated_operating_revenue": 295533, 
        "long_term_average": 116105, 
        "date": "2013-03-31", 
        "operating_revenue": 98330, 
        "short_term_average": 98511
    }, 
    {
        "accumulated_operating_revenue_yoy": 70.86602996938176, 
        "accumulated_operating_revenue": 421330, 
        "long_term_average": 121772, 
        "date": "2013-04-30", 
        "operating_revenue": 125797, 
        "short_term_average": 104927
    }, 
    {
        "accumulated_operating_revenue_yoy": 55.33216063255245, 
        "accumulated_operating_revenue": 528061, 
        "long_term_average": 122886, 
        "date": "2013-05-31", 
        "operating_revenue": 106731, 
        "short_term_average": 110286
    }, 
    {
        "accumulated_operating_revenue_yoy": 40.885454048722664, 
        "accumulated_operating_revenue": 608504, 
        "long_term_average": 121926, 
        "date": "2013-06-30", 
        "operating_revenue": 80443, 
        "short_term_average": 104323
    }, 
    {
        "accumulated_operating_revenue_yoy": 29.696613043250263, 
        "accumulated_operating_revenue": 667791, 
        "long_term_average": 119952, 
        "date": "2013-07-31", 
        "operating_revenue": 59287, 
        "short_term_average": 82153
    }, 
    {
        "accumulated_operating_revenue_yoy": 13.110093517810878, 
        "accumulated_operating_revenue": 713365, 
        "long_term_average": 114100, 
        "date": "2013-08-31", 
        "operating_revenue": 45574, 
        "short_term_average": 61768
    }, 
    {
        "accumulated_operating_revenue_yoy": -1.9079910513407146, 
        "accumulated_operating_revenue": 773892, 
        "long_term_average": 105956, 
        "date": "2013-09-30", 
        "operating_revenue": 60527, 
        "short_term_average": 55129
    }, 
    {
        "accumulated_operating_revenue_yoy": -14.097275542886392, 
        "accumulated_operating_revenue": 829024, 
        "long_term_average": 95873, 
        "date": "2013-10-31", 
        "operating_revenue": 55132, 
        "short_term_average": 53744
    }, 
    {
        "accumulated_operating_revenue_yoy": -23.543602658648904, 
        "accumulated_operating_revenue": 880098, 
        "long_term_average": 84626, 
        "date": "2013-11-30", 
        "operating_revenue": 51074, 
        "short_term_average": 55577
    }, 
    {
        "accumulated_operating_revenue_yoy": -27.578511760732578, 
        "accumulated_operating_revenue": 931722, 
        "long_term_average": 77643, 
        "date": "2013-12-31", 
        "operating_revenue": 51624, 
        "short_term_average": 52610
    }, 
    {
        "accumulated_operating_revenue_yoy": -51.81232871569621, 
        "accumulated_operating_revenue": 51343, 
        "long_term_average": 73043, 
        "date": "2014-01-31", 
        "operating_revenue": 51343, 
        "short_term_average": 51347
    }, 
    {
        "accumulated_operating_revenue_yoy": -52.313605776788386, 
        "accumulated_operating_revenue": 94039, 
        "long_term_average": 69046, 
        "date": "2014-02-28", 
        "operating_revenue": 42696, 
        "short_term_average": 48554
    }, 
    {
        "accumulated_operating_revenue_yoy": -50.91546460124589, 
        "accumulated_operating_revenue": 145061, 
        "long_term_average": 65104, 
        "date": "2014-03-31", 
        "operating_revenue": 51022, 
        "short_term_average": 48353
    }, 
    {
        "accumulated_operating_revenue_yoy": -53.49488524434529, 
        "accumulated_operating_revenue": 195940, 
        "long_term_average": 58861, 
        "date": "2014-04-30", 
        "operating_revenue": 50879, 
        "short_term_average": 48199
    }, 
    {
        "accumulated_operating_revenue_yoy": -53.421858459534036, 
        "accumulated_operating_revenue": 245961, 
        "long_term_average": 54135, 
        "date": "2014-05-31", 
        "operating_revenue": 50021, 
        "short_term_average": 50640
    }, 
    {
        "accumulated_operating_revenue_yoy": -50.335084075043056, 
        "accumulated_operating_revenue": 302213, 
        "long_term_average": 52119, 
        "date": "2014-06-30", 
        "operating_revenue": 56252, 
        "short_term_average": 52384
    }, 
    {
        "accumulated_operating_revenue_yoy": -46.23212951357535, 
        "accumulated_operating_revenue": 359057, 
        "long_term_average": 51915, 
        "date": "2014-07-31", 
        "operating_revenue": 56844, 
        "short_term_average": 54372
    }, 
    {
        "accumulated_operating_revenue_yoy": -41.233590097635854, 
        "accumulated_operating_revenue": 419219, 
        "long_term_average": 53131, 
        "date": "2014-08-31", 
        "operating_revenue": 60162, 
        "short_term_average": 57752
    }, 
    {
        "accumulated_operating_revenue_yoy": -37.25558605076677, 
        "accumulated_operating_revenue": 485574, 
        "long_term_average": 53617, 
        "date": "2014-09-30", 
        "operating_revenue": 66355, 
        "short_term_average": 61120
    }, 
    {
        "accumulated_operating_revenue_yoy": -31.983513143165936, 
        "accumulated_operating_revenue": 563873, 
        "long_term_average": 55547, 
        "date": "2014-10-31", 
        "operating_revenue": 78299, 
        "short_term_average": 68272
    }, 
    {
        "accumulated_operating_revenue_yoy": -28.171749055218854, 
        "accumulated_operating_revenue": 632159, 
        "long_term_average": 56981, 
        "date": "2014-11-30", 
        "operating_revenue": 68286, 
        "short_term_average": 70980
    }, 
    {
        "accumulated_operating_revenue_yoy": -25.57844507267189, 
        "accumulated_operating_revenue": 693402, 
        "long_term_average": 57783, 
        "date": "2014-12-31", 
        "operating_revenue": 61243, 
        "short_term_average": 69276
    }, 
    {
        "accumulated_operating_revenue_yoy": -1.7626550844321525, 
        "accumulated_operating_revenue": 50438, 
        "long_term_average": 57708, 
        "date": "2015-01-31", 
        "operating_revenue": 50438, 
        "short_term_average": 59989
    }, 
    {
        "accumulated_operating_revenue_yoy": 8.866534097555268, 
        "accumulated_operating_revenue": 102377, 
        "long_term_average": 58478, 
        "date": "2015-02-28", 
        "operating_revenue": 51939, 
        "short_term_average": 54540
    }, 
    {
        "accumulated_operating_revenue_yoy": 7.21558516761914, 
        "accumulated_operating_revenue": 155528, 
        "long_term_average": 58655, 
        "date": "2015-03-31", 
        "operating_revenue": 53151, 
        "short_term_average": 51842
    }, 
    {
        "accumulated_operating_revenue_yoy": 9.67847300193937, 
        "accumulated_operating_revenue": 214904, 
        "long_term_average": 59363, 
        "date": "2015-04-30", 
        "operating_revenue": 59376, 
        "short_term_average": 54822
    }, 
    {
        "accumulated_operating_revenue_yoy": 11.968157553433267, 
        "accumulated_operating_revenue": 275398, 
        "long_term_average": 60236, 
        "date": "2015-05-31", 
        "operating_revenue": 60494, 
        "short_term_average": 57673
    }, 
    {
        "accumulated_operating_revenue_yoy": 13.347539649187826, 
        "accumulated_operating_revenue": 342551, 
        "long_term_average": 61145, 
        "date": "2015-06-30", 
        "operating_revenue": 67153, 
        "short_term_average": 62341
    }, 
    {
        "accumulated_operating_revenue_yoy": 14.055707032588142, 
        "accumulated_operating_revenue": 409525, 
        "long_term_average": 61989, 
        "date": "2015-07-31", 
        "operating_revenue": 66974, 
        "short_term_average": 64873
    }, 
    {
        "accumulated_operating_revenue_yoy": 13.685686955982435, 
        "accumulated_operating_revenue": 476592, 
        "long_term_average": 62564, 
        "date": "2015-08-31", 
        "operating_revenue": 67067, 
        "short_term_average": 67064
    }
]