[
    {
        "date": "2011-09-30", 
        "operating_revenue": 421829, 
        "accumulated_operating_revenue": 421829, 
        "long_term_average": 421829, 
        "short_term_average": 421829
    }, 
    {
        "date": "2011-10-31", 
        "operating_revenue": 400779, 
        "accumulated_operating_revenue": 822608, 
        "long_term_average": 411304, 
        "short_term_average": 411304
    }, 
    {
        "date": "2011-11-30", 
        "operating_revenue": 421834, 
        "accumulated_operating_revenue": 1244442, 
        "long_term_average": 414814, 
        "short_term_average": 414814
    }, 
    {
        "date": "2011-12-31", 
        "operating_revenue": 397725, 
        "accumulated_operating_revenue": 1642167, 
        "long_term_average": 410541, 
        "short_term_average": 406779
    }, 
    {
        "date": "2012-01-31", 
        "operating_revenue": 308635, 
        "accumulated_operating_revenue": 308635, 
        "long_term_average": 390160, 
        "short_term_average": 376064
    }, 
    {
        "date": "2012-02-29", 
        "operating_revenue": 321136, 
        "accumulated_operating_revenue": 629771, 
        "long_term_average": 378656, 
        "short_term_average": 342498
    }, 
    {
        "date": "2012-03-31", 
        "operating_revenue": 379344, 
        "accumulated_operating_revenue": 1009115, 
        "long_term_average": 378754, 
        "short_term_average": 336371
    }, 
    {
        "date": "2012-04-30", 
        "operating_revenue": 363950, 
        "accumulated_operating_revenue": 1373065, 
        "long_term_average": 376904, 
        "short_term_average": 354810
    }, 
    {
        "date": "2012-05-31", 
        "operating_revenue": 342336, 
        "accumulated_operating_revenue": 1715401, 
        "long_term_average": 373063, 
        "short_term_average": 361876
    }, 
    {
        "date": "2012-06-30", 
        "operating_revenue": 554520, 
        "accumulated_operating_revenue": 2269921, 
        "long_term_average": 391208, 
        "short_term_average": 420268
    }, 
    {
        "date": "2012-07-31", 
        "operating_revenue": 465032, 
        "accumulated_operating_revenue": 2734953, 
        "long_term_average": 397920, 
        "short_term_average": 453962
    }, 
    {
        "date": "2012-08-31", 
        "operating_revenue": 429203, 
        "accumulated_operating_revenue": 3164156, 
        "long_term_average": 400526, 
        "short_term_average": 482918
    }, 
    {
        "accumulated_operating_revenue_yoy": 756.5044129256167, 
        "accumulated_operating_revenue": 3612984, 
        "long_term_average": 402776, 
        "date": "2012-09-30", 
        "operating_revenue": 448828, 
        "short_term_average": 447687
    }, 
    {
        "accumulated_operating_revenue_yoy": 391.6695436951744, 
        "accumulated_operating_revenue": 4044513, 
        "long_term_average": 405339, 
        "date": "2012-10-31", 
        "operating_revenue": 431529, 
        "short_term_average": 436520
    }, 
    {
        "accumulated_operating_revenue_yoy": 263.08136498125265, 
        "accumulated_operating_revenue": 4518337, 
        "long_term_average": 409671, 
        "date": "2012-11-30", 
        "operating_revenue": 473824, 
        "short_term_average": 451393
    }, 
    {
        "accumulated_operating_revenue_yoy": 198.87971199031526, 
        "accumulated_operating_revenue": 4908104, 
        "long_term_average": 409008, 
        "date": "2012-12-31", 
        "operating_revenue": 389767, 
        "short_term_average": 431706
    }, 
    {
        "accumulated_operating_revenue_yoy": 24.014126719263857, 
        "accumulated_operating_revenue": 382751, 
        "long_term_average": 415185, 
        "date": "2013-01-31", 
        "operating_revenue": 382751, 
        "short_term_average": 415447
    }, 
    {
        "accumulated_operating_revenue_yoy": 15.13137314992275, 
        "accumulated_operating_revenue": 725064, 
        "long_term_average": 416949, 
        "date": "2013-02-28", 
        "operating_revenue": 342313, 
        "short_term_average": 371610
    }, 
    {
        "accumulated_operating_revenue_yoy": 7.282321638267194, 
        "accumulated_operating_revenue": 1082602, 
        "long_term_average": 415132, 
        "date": "2013-03-31", 
        "operating_revenue": 357538, 
        "short_term_average": 360867
    }, 
    {
        "accumulated_operating_revenue_yoy": 7.246343035471736, 
        "accumulated_operating_revenue": 1472562, 
        "long_term_average": 417300, 
        "date": "2013-04-30", 
        "operating_revenue": 389960, 
        "short_term_average": 363270
    }, 
    {
        "accumulated_operating_revenue_yoy": 6.620317931492403, 
        "accumulated_operating_revenue": 1828966, 
        "long_term_average": 418472, 
        "date": "2013-05-31", 
        "operating_revenue": 356404, 
        "short_term_average": 367967
    }, 
    {
        "accumulated_operating_revenue_yoy": -0.8533777166694347, 
        "accumulated_operating_revenue": 2250550, 
        "long_term_average": 407394, 
        "date": "2013-06-30", 
        "operating_revenue": 421584, 
        "short_term_average": 389316
    }, 
    {
        "accumulated_operating_revenue_yoy": -2.4836989886115046, 
        "accumulated_operating_revenue": 2667025, 
        "long_term_average": 403348, 
        "date": "2013-07-31", 
        "operating_revenue": 416475, 
        "short_term_average": 398154
    }, 
    {
        "accumulated_operating_revenue_yoy": -1.5809271097885187, 
        "accumulated_operating_revenue": 3114133, 
        "long_term_average": 404840, 
        "date": "2013-08-31", 
        "operating_revenue": 447108, 
        "short_term_average": 428389
    }, 
    {
        "accumulated_operating_revenue_yoy": -2.0362946528409758, 
        "accumulated_operating_revenue": 3539413, 
        "long_term_average": 402877, 
        "date": "2013-09-30", 
        "operating_revenue": 425280, 
        "short_term_average": 429621
    }, 
    {
        "accumulated_operating_revenue_yoy": -0.8675951838948225, 
        "accumulated_operating_revenue": 4009423, 
        "long_term_average": 406084, 
        "date": "2013-10-31", 
        "operating_revenue": 470010, 
        "short_term_average": 447466
    }, 
    {
        "accumulated_operating_revenue_yoy": -0.033795619937158294, 
        "accumulated_operating_revenue": 4516810, 
        "long_term_average": 408881, 
        "date": "2013-11-30", 
        "operating_revenue": 507387, 
        "short_term_average": 467559
    }, 
    {
        "accumulated_operating_revenue_yoy": 0.09394666453685578, 
        "accumulated_operating_revenue": 4912715, 
        "long_term_average": 409392, 
        "date": "2013-12-31", 
        "operating_revenue": 395905, 
        "short_term_average": 457767
    }, 
    {
        "accumulated_operating_revenue_yoy": -4.795023396411766, 
        "accumulated_operating_revenue": 364398, 
        "long_term_average": 407863, 
        "date": "2014-01-31", 
        "operating_revenue": 364398, 
        "short_term_average": 422563
    }, 
    {
        "accumulated_operating_revenue_yoy": -1.7339159025961848, 
        "accumulated_operating_revenue": 712492, 
        "long_term_average": 408345, 
        "date": "2014-02-28", 
        "operating_revenue": 348094, 
        "short_term_average": 369465
    }, 
    {
        "accumulated_operating_revenue_yoy": 2.8522947491321835, 
        "accumulated_operating_revenue": 1113481, 
        "long_term_average": 411966, 
        "date": "2014-03-31", 
        "operating_revenue": 400989, 
        "short_term_average": 371160
    }, 
    {
        "accumulated_operating_revenue_yoy": 2.8742423069453102, 
        "accumulated_operating_revenue": 1514887, 
        "long_term_average": 412920, 
        "date": "2014-04-30", 
        "operating_revenue": 401406, 
        "short_term_average": 383496
    }, 
    {
        "accumulated_operating_revenue_yoy": 8.872882273371948, 
        "accumulated_operating_revenue": 1991248, 
        "long_term_average": 422916, 
        "date": "2014-05-31", 
        "operating_revenue": 476361, 
        "short_term_average": 426252
    }, 
    {
        "accumulated_operating_revenue_yoy": 8.300148852502721, 
        "accumulated_operating_revenue": 2437349, 
        "long_term_average": 424959, 
        "date": "2014-06-30", 
        "operating_revenue": 446101, 
        "short_term_average": 441289
    }, 
    {
        "accumulated_operating_revenue_yoy": 8.032283161950113, 
        "accumulated_operating_revenue": 2881248, 
        "long_term_average": 427244, 
        "date": "2014-07-31", 
        "operating_revenue": 443899, 
        "short_term_average": 455453
    }, 
    {
        "accumulated_operating_revenue_yoy": 8.246147483103645, 
        "accumulated_operating_revenue": 3370929, 
        "long_term_average": 430792, 
        "date": "2014-08-31", 
        "operating_revenue": 489681, 
        "short_term_average": 459893
    }, 
    {
        "accumulated_operating_revenue_yoy": 8.120103531291772, 
        "accumulated_operating_revenue": 3826817, 
        "long_term_average": 433343, 
        "date": "2014-09-30", 
        "operating_revenue": 455888, 
        "short_term_average": 463156
    }, 
    {
        "accumulated_operating_revenue_yoy": 7.653470337253017, 
        "accumulated_operating_revenue": 4316283, 
        "long_term_average": 434964, 
        "date": "2014-10-31", 
        "operating_revenue": 489466, 
        "short_term_average": 478345
    }, 
    {
        "accumulated_operating_revenue_yoy": 6.3792366736701345, 
        "accumulated_operating_revenue": 4804948, 
        "long_term_average": 433404, 
        "date": "2014-11-30", 
        "operating_revenue": 488665, 
        "short_term_average": 478006
    }, 
    {
        "accumulated_operating_revenue_yoy": 6.202293436521353, 
        "accumulated_operating_revenue": 5217416, 
        "long_term_average": 434784, 
        "date": "2014-12-31", 
        "operating_revenue": 412468, 
        "short_term_average": 463533
    }, 
    {
        "accumulated_operating_revenue_yoy": 13.039314156499213, 
        "accumulated_operating_revenue": 411913, 
        "long_term_average": 438744, 
        "date": "2015-01-31", 
        "operating_revenue": 411913, 
        "short_term_average": 437682
    }, 
    {
        "accumulated_operating_revenue_yoy": 1.4393144063371939, 
        "accumulated_operating_revenue": 722747, 
        "long_term_average": 435639, 
        "date": "2015-02-28", 
        "operating_revenue": 310834, 
        "short_term_average": 378405
    }, 
    {
        "accumulated_operating_revenue_yoy": 8.923367349779655, 
        "accumulated_operating_revenue": 1212841, 
        "long_term_average": 443064, 
        "date": "2015-03-31", 
        "operating_revenue": 490094, 
        "short_term_average": 404280
    }, 
    {
        "accumulated_operating_revenue_yoy": 8.610477217112564, 
        "accumulated_operating_revenue": 1645326, 
        "long_term_average": 445654, 
        "date": "2015-04-30", 
        "operating_revenue": 432485, 
        "short_term_average": 411137
    }, 
    {
        "accumulated_operating_revenue_yoy": 11.101480076816147, 
        "accumulated_operating_revenue": 2212306, 
        "long_term_average": 453206, 
        "date": "2015-05-31", 
        "operating_revenue": 566980, 
        "short_term_average": 496519
    }, 
    {
        "accumulated_operating_revenue_yoy": 17.893662335594943, 
        "accumulated_operating_revenue": 2873480, 
        "long_term_average": 471128, 
        "date": "2015-06-30", 
        "operating_revenue": 661174, 
        "short_term_average": 553546
    }, 
    {
        "accumulated_operating_revenue_yoy": 18.62415175646109, 
        "accumulated_operating_revenue": 3417856, 
        "long_term_average": 479502, 
        "date": "2015-07-31", 
        "operating_revenue": 544376, 
        "short_term_average": 590843
    }, 
    {
        "accumulated_operating_revenue_yoy": 18.637295534851077, 
        "accumulated_operating_revenue": 3999179, 
        "long_term_average": 487138, 
        "date": "2015-08-31", 
        "operating_revenue": 581323, 
        "short_term_average": 595624
    }
]