[
    {
        "date": "2012-01-31", 
        "operating_revenue": 776858, 
        "accumulated_operating_revenue": 776858, 
        "long_term_average": 776858, 
        "short_term_average": 776858
    }, 
    {
        "date": "2012-02-29", 
        "operating_revenue": 844023, 
        "accumulated_operating_revenue": 1620881, 
        "long_term_average": 810440, 
        "short_term_average": 810440
    }, 
    {
        "date": "2012-03-31", 
        "operating_revenue": 918530, 
        "accumulated_operating_revenue": 2539411, 
        "long_term_average": 846470, 
        "short_term_average": 846470
    }, 
    {
        "date": "2012-04-30", 
        "operating_revenue": 747096, 
        "accumulated_operating_revenue": 3286507, 
        "long_term_average": 821626, 
        "short_term_average": 836549
    }, 
    {
        "date": "2012-05-31", 
        "operating_revenue": 772723, 
        "accumulated_operating_revenue": 4059230, 
        "long_term_average": 811846, 
        "short_term_average": 812783
    }, 
    {
        "date": "2012-06-30", 
        "operating_revenue": 765991, 
        "accumulated_operating_revenue": 4825221, 
        "long_term_average": 804203, 
        "short_term_average": 761936
    }, 
    {
        "date": "2012-07-31", 
        "operating_revenue": 1158141, 
        "accumulated_operating_revenue": 5983362, 
        "long_term_average": 854766, 
        "short_term_average": 898951
    }, 
    {
        "date": "2012-08-31", 
        "operating_revenue": 1444601, 
        "accumulated_operating_revenue": 7427963, 
        "long_term_average": 928495, 
        "short_term_average": 1122911
    }, 
    {
        "date": "2012-09-30", 
        "operating_revenue": 1350778, 
        "accumulated_operating_revenue": 8778741, 
        "long_term_average": 975415, 
        "short_term_average": 1317840
    }, 
    {
        "date": "2012-10-31", 
        "operating_revenue": 1697526, 
        "accumulated_operating_revenue": 10476267, 
        "long_term_average": 1047626, 
        "short_term_average": 1497635
    }, 
    {
        "date": "2012-11-30", 
        "operating_revenue": 1497550, 
        "accumulated_operating_revenue": 11973817, 
        "long_term_average": 1088528, 
        "short_term_average": 1515284
    }, 
    {
        "date": "2012-12-31", 
        "operating_revenue": 1138735, 
        "accumulated_operating_revenue": 13112552, 
        "long_term_average": 1092712, 
        "short_term_average": 1444603
    }, 
    {
        "accumulated_operating_revenue_yoy": 53.648285787106516, 
        "accumulated_operating_revenue": 1193629, 
        "long_term_average": 1127443, 
        "date": "2013-01-31", 
        "operating_revenue": 1193629, 
        "short_term_average": 1276638
    }, 
    {
        "accumulated_operating_revenue_yoy": 11.978177299875808, 
        "accumulated_operating_revenue": 1815033, 
        "long_term_average": 1108892, 
        "date": "2013-02-28", 
        "operating_revenue": 621404, 
        "short_term_average": 984589
    }, 
    {
        "accumulated_operating_revenue_yoy": 12.14017738759106, 
        "accumulated_operating_revenue": 2847700, 
        "long_term_average": 1118403, 
        "date": "2013-03-31", 
        "operating_revenue": 1032667, 
        "short_term_average": 949233
    }, 
    {
        "accumulated_operating_revenue_yoy": 8.322057430579031, 
        "accumulated_operating_revenue": 3560012, 
        "long_term_average": 1115504, 
        "date": "2013-04-30", 
        "operating_revenue": 712312, 
        "short_term_average": 788794
    }, 
    {
        "accumulated_operating_revenue_yoy": 4.7543006924958675, 
        "accumulated_operating_revenue": 4252218, 
        "long_term_average": 1108795, 
        "date": "2013-05-31", 
        "operating_revenue": 692206, 
        "short_term_average": 812395
    }, 
    {
        "accumulated_operating_revenue_yoy": -0.29967539310634683, 
        "accumulated_operating_revenue": 4810761, 
        "long_term_average": 1091507, 
        "date": "2013-06-30", 
        "operating_revenue": 558543, 
        "short_term_average": 654353
    }, 
    {
        "accumulated_operating_revenue_yoy": -7.529128272700198, 
        "accumulated_operating_revenue": 5532867, 
        "long_term_average": 1055171, 
        "date": "2013-07-31", 
        "operating_revenue": 722106, 
        "short_term_average": 657618
    }, 
    {
        "accumulated_operating_revenue_yoy": -15.956178026196415, 
        "accumulated_operating_revenue": 6242744, 
        "long_term_average": 993944, 
        "date": "2013-08-31", 
        "operating_revenue": 709877, 
        "short_term_average": 663508
    }, 
    {
        "accumulated_operating_revenue_yoy": -20.83168873532093, 
        "accumulated_operating_revenue": 6949981, 
        "long_term_average": 940316, 
        "date": "2013-09-30", 
        "operating_revenue": 707237, 
        "short_term_average": 713073
    }, 
    {
        "accumulated_operating_revenue_yoy": -28.7924028664027, 
        "accumulated_operating_revenue": 7459898, 
        "long_term_average": 841348, 
        "date": "2013-10-31", 
        "operating_revenue": 509917, 
        "short_term_average": 642343
    }, 
    {
        "accumulated_operating_revenue_yoy": -33.87680803873986, 
        "accumulated_operating_revenue": 7917470, 
        "long_term_average": 754683, 
        "date": "2013-11-30", 
        "operating_revenue": 457572, 
        "short_term_average": 558242
    }, 
    {
        "accumulated_operating_revenue_yoy": -36.94158086084234, 
        "accumulated_operating_revenue": 8268568, 
        "long_term_average": 689047, 
        "date": "2013-12-31", 
        "operating_revenue": 351098, 
        "short_term_average": 439529
    }, 
    {
        "accumulated_operating_revenue_yoy": -64.31948285438776, 
        "accumulated_operating_revenue": 425893, 
        "long_term_average": 625069, 
        "date": "2014-01-31", 
        "operating_revenue": 425893, 
        "short_term_average": 411521
    }, 
    {
        "accumulated_operating_revenue_yoy": -56.02416044226193, 
        "accumulated_operating_revenue": 798176, 
        "long_term_average": 604309, 
        "date": "2014-02-28", 
        "operating_revenue": 372283, 
        "short_term_average": 383091
    }, 
    {
        "accumulated_operating_revenue_yoy": -50.83453313200127, 
        "accumulated_operating_revenue": 1400085, 
        "long_term_average": 568412, 
        "date": "2014-03-31", 
        "operating_revenue": 601909, 
        "short_term_average": 466695
    }, 
    {
        "accumulated_operating_revenue_yoy": -40.850817356795424, 
        "accumulated_operating_revenue": 2105718, 
        "long_term_average": 567856, 
        "date": "2014-04-30", 
        "operating_revenue": 705633, 
        "short_term_average": 559941
    }, 
    {
        "accumulated_operating_revenue_yoy": -36.49366048495162, 
        "accumulated_operating_revenue": 2700428, 
        "long_term_average": 559731, 
        "date": "2014-05-31", 
        "operating_revenue": 594710, 
        "short_term_average": 634084
    }, 
    {
        "accumulated_operating_revenue_yoy": -36.13991632508869, 
        "accumulated_operating_revenue": 3072156, 
        "long_term_average": 544163, 
        "date": "2014-06-30", 
        "operating_revenue": 371728, 
        "short_term_average": 557357
    }, 
    {
        "accumulated_operating_revenue_yoy": -37.15708329876717, 
        "accumulated_operating_revenue": 3477015, 
        "long_term_average": 517726, 
        "date": "2014-07-31", 
        "operating_revenue": 404859, 
        "short_term_average": 457099
    }, 
    {
        "accumulated_operating_revenue_yoy": -38.792140122997196, 
        "accumulated_operating_revenue": 3821050, 
        "long_term_average": 487239, 
        "date": "2014-08-31", 
        "operating_revenue": 344035, 
        "short_term_average": 373540
    }, 
    {
        "accumulated_operating_revenue_yoy": -40.36859956883335, 
        "accumulated_operating_revenue": 4144371, 
        "long_term_average": 455246, 
        "date": "2014-09-30", 
        "operating_revenue": 323321, 
        "short_term_average": 357405
    }, 
    {
        "accumulated_operating_revenue_yoy": -39.94464803674259, 
        "accumulated_operating_revenue": 4480068, 
        "long_term_average": 440728, 
        "date": "2014-10-31", 
        "operating_revenue": 335697, 
        "short_term_average": 334351
    }, 
    {
        "accumulated_operating_revenue_yoy": -39.06970282173472, 
        "accumulated_operating_revenue": 4824138, 
        "long_term_average": 431269, 
        "date": "2014-11-30", 
        "operating_revenue": 344070, 
        "short_term_average": 334362
    }, 
    {
        "accumulated_operating_revenue_yoy": -37.18509662132548, 
        "accumulated_operating_revenue": 5193893, 
        "long_term_average": 432824, 
        "date": "2014-12-31", 
        "operating_revenue": 369755, 
        "short_term_average": 349840
    }, 
    {
        "accumulated_operating_revenue_yoy": -17.22122692789034, 
        "accumulated_operating_revenue": 352549, 
        "long_term_average": 426712, 
        "date": "2015-01-31", 
        "operating_revenue": 352549, 
        "short_term_average": 355458
    }, 
    {
        "accumulated_operating_revenue_yoy": -34.15925810848735, 
        "accumulated_operating_revenue": 525525, 
        "long_term_average": 410103, 
        "date": "2015-02-28", 
        "operating_revenue": 172976, 
        "short_term_average": 298426
    }, 
    {
        "accumulated_operating_revenue_yoy": -38.994846741447844, 
        "accumulated_operating_revenue": 854124, 
        "long_term_average": 387327, 
        "date": "2015-03-31", 
        "operating_revenue": 328599, 
        "short_term_average": 284708
    }, 
    {
        "accumulated_operating_revenue_yoy": -47.87982056476699, 
        "accumulated_operating_revenue": 1097504, 
        "long_term_average": 348806, 
        "date": "2015-04-30", 
        "operating_revenue": 243380, 
        "short_term_average": 248318
    }, 
    {
        "accumulated_operating_revenue_yoy": -53.75555282347835, 
        "accumulated_operating_revenue": 1248798, 
        "long_term_average": 311855, 
        "date": "2015-05-31", 
        "operating_revenue": 151294, 
        "short_term_average": 241091
    }, 
    {
        "accumulated_operating_revenue_yoy": -53.89394288571283, 
        "accumulated_operating_revenue": 1416450, 
        "long_term_average": 294848, 
        "date": "2015-06-30", 
        "operating_revenue": 167652, 
        "short_term_average": 187442
    }, 
    {
        "accumulated_operating_revenue_yoy": -55.1432191117956, 
        "accumulated_operating_revenue": 1559677, 
        "long_term_average": 273046, 
        "date": "2015-07-31", 
        "operating_revenue": 143227, 
        "short_term_average": 154057
    }, 
    {
        "accumulated_operating_revenue_yoy": -56.26924536449406, 
        "accumulated_operating_revenue": 1670974, 
        "long_term_average": 253651, 
        "date": "2015-08-31", 
        "operating_revenue": 111297, 
        "short_term_average": 140725
    }, 
    {
        "accumulated_operating_revenue_yoy": -56.14079917073062, 
        "accumulated_operating_revenue": 1817688, 
        "long_term_average": 238934, 
        "date": "2015-09-30", 
        "operating_revenue": 146714, 
        "short_term_average": 133746
    }, 
    {
        "accumulated_operating_revenue_yoy": -55.592415115127714, 
        "accumulated_operating_revenue": 1989490, 
        "long_term_average": 225276, 
        "date": "2015-10-31", 
        "operating_revenue": 171802, 
        "short_term_average": 143271
    }
]