[
    {
        "date": "2012-01-31", 
        "operating_revenue": 56442, 
        "accumulated_operating_revenue": 56442, 
        "long_term_average": 56442, 
        "short_term_average": 56442
    }, 
    {
        "date": "2012-02-29", 
        "operating_revenue": 62493, 
        "accumulated_operating_revenue": 118935, 
        "long_term_average": 59467, 
        "short_term_average": 59467
    }, 
    {
        "date": "2012-03-31", 
        "operating_revenue": 74663, 
        "accumulated_operating_revenue": 193598, 
        "long_term_average": 64532, 
        "short_term_average": 64532
    }, 
    {
        "date": "2012-04-30", 
        "operating_revenue": 75322, 
        "accumulated_operating_revenue": 268920, 
        "long_term_average": 67230, 
        "short_term_average": 70826
    }, 
    {
        "date": "2012-05-31", 
        "operating_revenue": 75625, 
        "accumulated_operating_revenue": 344545, 
        "long_term_average": 68909, 
        "short_term_average": 75203
    }, 
    {
        "date": "2012-06-30", 
        "operating_revenue": 70409, 
        "accumulated_operating_revenue": 414954, 
        "long_term_average": 69159, 
        "short_term_average": 73785
    }, 
    {
        "date": "2012-07-31", 
        "operating_revenue": 80490, 
        "accumulated_operating_revenue": 495444, 
        "long_term_average": 70777, 
        "short_term_average": 75508
    }, 
    {
        "date": "2012-08-31", 
        "operating_revenue": 70033, 
        "accumulated_operating_revenue": 565477, 
        "long_term_average": 70684, 
        "short_term_average": 73644
    }, 
    {
        "date": "2012-09-30", 
        "operating_revenue": 65279, 
        "accumulated_operating_revenue": 630756, 
        "long_term_average": 70084, 
        "short_term_average": 71934
    }, 
    {
        "date": "2012-10-31", 
        "operating_revenue": 65038, 
        "accumulated_operating_revenue": 695794, 
        "long_term_average": 69579, 
        "short_term_average": 66783
    }, 
    {
        "date": "2012-11-30", 
        "operating_revenue": 70246, 
        "accumulated_operating_revenue": 766040, 
        "long_term_average": 69640, 
        "short_term_average": 66854
    }, 
    {
        "date": "2012-12-31", 
        "operating_revenue": 64675, 
        "accumulated_operating_revenue": 830715, 
        "long_term_average": 69226, 
        "short_term_average": 66653
    }, 
    {
        "accumulated_operating_revenue_yoy": 32.85319442968003, 
        "accumulated_operating_revenue": 74985, 
        "long_term_average": 70771, 
        "date": "2013-01-31", 
        "operating_revenue": 74985, 
        "short_term_average": 69968
    }, 
    {
        "accumulated_operating_revenue_yoy": 14.874511287678144, 
        "accumulated_operating_revenue": 136626, 
        "long_term_average": 70700, 
        "date": "2013-02-28", 
        "operating_revenue": 61641, 
        "short_term_average": 67100
    }, 
    {
        "accumulated_operating_revenue_yoy": 9.088936869182533, 
        "accumulated_operating_revenue": 211194, 
        "long_term_average": 70692, 
        "date": "2013-03-31", 
        "operating_revenue": 74568, 
        "short_term_average": 70398
    }, 
    {
        "accumulated_operating_revenue_yoy": 4.379369329168526, 
        "accumulated_operating_revenue": 280697, 
        "long_term_average": 70207, 
        "date": "2013-04-30", 
        "operating_revenue": 69503, 
        "short_term_average": 68570
    }, 
    {
        "accumulated_operating_revenue_yoy": 1.9321133669041781, 
        "accumulated_operating_revenue": 351202, 
        "long_term_average": 69781, 
        "date": "2013-05-31", 
        "operating_revenue": 70505, 
        "short_term_average": 71525
    }, 
    {
        "accumulated_operating_revenue_yoy": 0.5619900037112547, 
        "accumulated_operating_revenue": 417286, 
        "long_term_average": 69420, 
        "date": "2013-06-30", 
        "operating_revenue": 66084, 
        "short_term_average": 68697
    }, 
    {
        "accumulated_operating_revenue_yoy": -0.8346049200313255, 
        "accumulated_operating_revenue": 491309, 
        "long_term_average": 68881, 
        "date": "2013-07-31", 
        "operating_revenue": 74023, 
        "short_term_average": 70204
    }, 
    {
        "accumulated_operating_revenue_yoy": -0.29391115819034197, 
        "accumulated_operating_revenue": 563815, 
        "long_term_average": 69087, 
        "date": "2013-08-31", 
        "operating_revenue": 72506, 
        "short_term_average": 70871
    }, 
    {
        "accumulated_operating_revenue_yoy": 1.1535363912511336, 
        "accumulated_operating_revenue": 638032, 
        "long_term_average": 69832, 
        "date": "2013-09-30", 
        "operating_revenue": 74217, 
        "short_term_average": 73582
    }, 
    {
        "accumulated_operating_revenue_yoy": 3.2015222896431985, 
        "accumulated_operating_revenue": 718070, 
        "long_term_average": 71082, 
        "date": "2013-10-31", 
        "operating_revenue": 80038, 
        "short_term_average": 75587
    }, 
    {
        "accumulated_operating_revenue_yoy": 5.524776774058796, 
        "accumulated_operating_revenue": 808362, 
        "long_term_average": 72753, 
        "date": "2013-11-30", 
        "operating_revenue": 90292, 
        "short_term_average": 81515
    }, 
    {
        "accumulated_operating_revenue_yoy": 7.699632244512257, 
        "accumulated_operating_revenue": 894677, 
        "long_term_average": 74556, 
        "date": "2013-12-31", 
        "operating_revenue": 86315, 
        "short_term_average": 85548
    }, 
    {
        "accumulated_operating_revenue_yoy": 58.43168633726745, 
        "accumulated_operating_revenue": 118800, 
        "long_term_average": 78207, 
        "date": "2014-01-31", 
        "operating_revenue": 118800, 
        "short_term_average": 98469
    }, 
    {
        "accumulated_operating_revenue_yoy": 50.08783101313073, 
        "accumulated_operating_revenue": 205059, 
        "long_term_average": 80259, 
        "date": "2014-02-28", 
        "operating_revenue": 86259, 
        "short_term_average": 97124
    }, 
    {
        "accumulated_operating_revenue_yoy": 45.21624667367444, 
        "accumulated_operating_revenue": 306688, 
        "long_term_average": 82514, 
        "date": "2014-03-31", 
        "operating_revenue": 101629, 
        "short_term_average": 102229
    }, 
    {
        "accumulated_operating_revenue_yoy": 45.30650487892638, 
        "accumulated_operating_revenue": 407871, 
        "long_term_average": 85154, 
        "date": "2014-04-30", 
        "operating_revenue": 101183, 
        "short_term_average": 96357
    }, 
    {
        "accumulated_operating_revenue_yoy": 44.78903878679507, 
        "accumulated_operating_revenue": 508502, 
        "long_term_average": 87664, 
        "date": "2014-05-31", 
        "operating_revenue": 100631, 
        "short_term_average": 101147
    }, 
    {
        "accumulated_operating_revenue_yoy": 43.507330703642104, 
        "accumulated_operating_revenue": 598836, 
        "long_term_average": 89685, 
        "date": "2014-06-30", 
        "operating_revenue": 90334, 
        "short_term_average": 97382
    }, 
    {
        "accumulated_operating_revenue_yoy": 42.294360575523754, 
        "accumulated_operating_revenue": 699105, 
        "long_term_average": 91872, 
        "date": "2014-07-31", 
        "operating_revenue": 100269, 
        "short_term_average": 97078
    }, 
    {
        "accumulated_operating_revenue_yoy": 41.78923937816482, 
        "accumulated_operating_revenue": 799429, 
        "long_term_average": 94190, 
        "date": "2014-08-31", 
        "operating_revenue": 100324, 
        "short_term_average": 96975
    }, 
    {
        "accumulated_operating_revenue_yoy": 41.004369686786866, 
        "accumulated_operating_revenue": 899653, 
        "long_term_average": 96358, 
        "date": "2014-09-30", 
        "operating_revenue": 100224, 
        "short_term_average": 100272
    }, 
    {
        "accumulated_operating_revenue_yoy": 38.3356775801802, 
        "accumulated_operating_revenue": 993347, 
        "long_term_average": 97496, 
        "date": "2014-10-31", 
        "operating_revenue": 93694, 
        "short_term_average": 98080
    }, 
    {
        "accumulated_operating_revenue_yoy": 34.33449370455316, 
        "accumulated_operating_revenue": 1085909, 
        "long_term_average": 97685, 
        "date": "2014-11-30", 
        "operating_revenue": 92562, 
        "short_term_average": 95493
    }, 
    {
        "accumulated_operating_revenue_yoy": 30.370737148714007, 
        "accumulated_operating_revenue": 1166397, 
        "long_term_average": 97199, 
        "date": "2014-12-31", 
        "operating_revenue": 80488, 
        "short_term_average": 88914
    }, 
    {
        "accumulated_operating_revenue_yoy": -14.914983164983164, 
        "accumulated_operating_revenue": 101081, 
        "long_term_average": 95723, 
        "date": "2015-01-31", 
        "operating_revenue": 101081, 
        "short_term_average": 91377
    }, 
    {
        "accumulated_operating_revenue_yoy": -17.456439366231184, 
        "accumulated_operating_revenue": 169263, 
        "long_term_average": 94216, 
        "date": "2015-02-28", 
        "operating_revenue": 68182, 
        "short_term_average": 83250
    }, 
    {
        "accumulated_operating_revenue_yoy": -15.29958785475793, 
        "accumulated_operating_revenue": 259766, 
        "long_term_average": 93289, 
        "date": "2015-03-31", 
        "operating_revenue": 90503, 
        "short_term_average": 86588
    }, 
    {
        "accumulated_operating_revenue_yoy": -16.667034430003604, 
        "accumulated_operating_revenue": 339891, 
        "long_term_average": 91534, 
        "date": "2015-04-30", 
        "operating_revenue": 80125, 
        "short_term_average": 79603
    }, 
    {
        "accumulated_operating_revenue_yoy": -17.383412454621613, 
        "accumulated_operating_revenue": 420107, 
        "long_term_average": 89833, 
        "date": "2015-05-31", 
        "operating_revenue": 80216, 
        "short_term_average": 83614
    }, 
    {
        "accumulated_operating_revenue_yoy": -18.08675497131101, 
        "accumulated_operating_revenue": 490526, 
        "long_term_average": 88173, 
        "date": "2015-06-30", 
        "operating_revenue": 70419, 
        "short_term_average": 76920
    }, 
    {
        "accumulated_operating_revenue_yoy": -17.59521101980389, 
        "accumulated_operating_revenue": 576096, 
        "long_term_average": 86949, 
        "date": "2015-07-31", 
        "operating_revenue": 85570, 
        "short_term_average": 78735
    }, 
    {
        "accumulated_operating_revenue_yoy": -17.23204937524158, 
        "accumulated_operating_revenue": 661671, 
        "long_term_average": 85719, 
        "date": "2015-08-31", 
        "operating_revenue": 85575, 
        "short_term_average": 80521
    }
]