[
    {
        "date": "2012-01-31", 
        "operating_revenue": 78595, 
        "accumulated_operating_revenue": 78595, 
        "long_term_average": 78595, 
        "short_term_average": 78595
    }, 
    {
        "date": "2012-02-29", 
        "operating_revenue": 94182, 
        "accumulated_operating_revenue": 172777, 
        "long_term_average": 86388, 
        "short_term_average": 86388
    }, 
    {
        "date": "2012-03-31", 
        "operating_revenue": 103444, 
        "accumulated_operating_revenue": 276221, 
        "long_term_average": 92073, 
        "short_term_average": 92073
    }, 
    {
        "date": "2012-04-30", 
        "operating_revenue": 105248, 
        "accumulated_operating_revenue": 381469, 
        "long_term_average": 95367, 
        "short_term_average": 100958
    }, 
    {
        "date": "2012-05-31", 
        "operating_revenue": 115216, 
        "accumulated_operating_revenue": 496685, 
        "long_term_average": 99337, 
        "short_term_average": 107969
    }, 
    {
        "date": "2012-06-30", 
        "operating_revenue": 97181, 
        "accumulated_operating_revenue": 593866, 
        "long_term_average": 98977, 
        "short_term_average": 105881
    }, 
    {
        "date": "2012-07-31", 
        "operating_revenue": 108454, 
        "accumulated_operating_revenue": 702320, 
        "long_term_average": 100331, 
        "short_term_average": 106950
    }, 
    {
        "date": "2012-08-31", 
        "operating_revenue": 107763, 
        "accumulated_operating_revenue": 810083, 
        "long_term_average": 101260, 
        "short_term_average": 104466
    }, 
    {
        "date": "2012-09-30", 
        "operating_revenue": 104547, 
        "accumulated_operating_revenue": 914630, 
        "long_term_average": 101625, 
        "short_term_average": 106921
    }, 
    {
        "date": "2012-10-31", 
        "operating_revenue": 90675, 
        "accumulated_operating_revenue": 1005305, 
        "long_term_average": 100530, 
        "short_term_average": 100995
    }, 
    {
        "date": "2012-11-30", 
        "operating_revenue": 106852, 
        "accumulated_operating_revenue": 1112157, 
        "long_term_average": 101105, 
        "short_term_average": 100691
    }, 
    {
        "date": "2012-12-31", 
        "operating_revenue": 92181, 
        "accumulated_operating_revenue": 1204338, 
        "long_term_average": 100361, 
        "short_term_average": 96569
    }, 
    {
        "accumulated_operating_revenue_yoy": 32.154717221197274, 
        "accumulated_operating_revenue": 103867, 
        "long_term_average": 102467, 
        "date": "2013-01-31", 
        "operating_revenue": 103867, 
        "short_term_average": 100966
    }, 
    {
        "accumulated_operating_revenue_yoy": 6.181957089195899, 
        "accumulated_operating_revenue": 183458, 
        "long_term_average": 101251, 
        "date": "2013-02-28", 
        "operating_revenue": 79591, 
        "short_term_average": 91879
    }, 
    {
        "accumulated_operating_revenue_yoy": 9.274457771132536, 
        "accumulated_operating_revenue": 301839, 
        "long_term_average": 102496, 
        "date": "2013-03-31", 
        "operating_revenue": 118381, 
        "short_term_average": 100613
    }, 
    {
        "accumulated_operating_revenue_yoy": 8.279309721104468, 
        "accumulated_operating_revenue": 413052, 
        "long_term_average": 102993, 
        "date": "2013-04-30", 
        "operating_revenue": 111213, 
        "short_term_average": 103061
    }, 
    {
        "accumulated_operating_revenue_yoy": 6.64183536849311, 
        "accumulated_operating_revenue": 529674, 
        "long_term_average": 103110, 
        "date": "2013-05-31", 
        "operating_revenue": 116622, 
        "short_term_average": 115405
    }, 
    {
        "accumulated_operating_revenue_yoy": 7.281777370652638, 
        "accumulated_operating_revenue": 637110, 
        "long_term_average": 103965, 
        "date": "2013-06-30", 
        "operating_revenue": 107436, 
        "short_term_average": 111757
    }, 
    {
        "accumulated_operating_revenue_yoy": 6.8801970611686984, 
        "accumulated_operating_revenue": 750641, 
        "long_term_average": 104388, 
        "date": "2013-07-31", 
        "operating_revenue": 113531, 
        "short_term_average": 112529
    }, 
    {
        "accumulated_operating_revenue_yoy": 6.680550017714235, 
        "accumulated_operating_revenue": 864201, 
        "long_term_average": 104871, 
        "date": "2013-08-31", 
        "operating_revenue": 113560, 
        "short_term_average": 111509
    }, 
    {
        "accumulated_operating_revenue_yoy": 7.252222210074019, 
        "accumulated_operating_revenue": 980961, 
        "long_term_average": 105889, 
        "date": "2013-09-30", 
        "operating_revenue": 116760, 
        "short_term_average": 114617
    }, 
    {
        "accumulated_operating_revenue_yoy": 9.459417788631312, 
        "accumulated_operating_revenue": 1100401, 
        "long_term_average": 108286, 
        "date": "2013-10-31", 
        "operating_revenue": 119440, 
        "short_term_average": 116586
    }, 
    {
        "accumulated_operating_revenue_yoy": 9.04413675407339, 
        "accumulated_operating_revenue": 1212742, 
        "long_term_average": 108743, 
        "date": "2013-11-30", 
        "operating_revenue": 112341, 
        "short_term_average": 116180
    }, 
    {
        "accumulated_operating_revenue_yoy": 9.42949570635486, 
        "accumulated_operating_revenue": 1317901, 
        "long_term_average": 109825, 
        "date": "2013-12-31", 
        "operating_revenue": 105159, 
        "short_term_average": 112313
    }, 
    {
        "accumulated_operating_revenue_yoy": 5.986501968864029, 
        "accumulated_operating_revenue": 110085, 
        "long_term_average": 110343, 
        "date": "2014-01-31", 
        "operating_revenue": 110085, 
        "short_term_average": 109195
    }, 
    {
        "accumulated_operating_revenue_yoy": 14.066979908207875, 
        "accumulated_operating_revenue": 209265, 
        "long_term_average": 111975, 
        "date": "2014-02-28", 
        "operating_revenue": 99180, 
        "short_term_average": 104808
    }, 
    {
        "accumulated_operating_revenue_yoy": 8.737108193440873, 
        "accumulated_operating_revenue": 328211, 
        "long_term_average": 112022, 
        "date": "2014-03-31", 
        "operating_revenue": 118946, 
        "short_term_average": 109403
    }, 
    {
        "accumulated_operating_revenue_yoy": 11.514772958368438, 
        "accumulated_operating_revenue": 460614, 
        "long_term_average": 113788, 
        "date": "2014-04-30", 
        "operating_revenue": 132403, 
        "short_term_average": 116843
    }, 
    {
        "accumulated_operating_revenue_yoy": 10.121697496950954, 
        "accumulated_operating_revenue": 583286, 
        "long_term_average": 114292, 
        "date": "2014-05-31", 
        "operating_revenue": 122672, 
        "short_term_average": 124673
    }, 
    {
        "accumulated_operating_revenue_yoy": 11.781795922211236, 
        "accumulated_operating_revenue": 712173, 
        "long_term_average": 116080, 
        "date": "2014-06-30", 
        "operating_revenue": 128887, 
        "short_term_average": 127987
    }, 
    {
        "accumulated_operating_revenue_yoy": 11.216014046661453, 
        "accumulated_operating_revenue": 834833, 
        "long_term_average": 116841, 
        "date": "2014-07-31", 
        "operating_revenue": 122660, 
        "short_term_average": 124739
    }, 
    {
        "accumulated_operating_revenue_yoy": 10.98274591211998, 
        "accumulated_operating_revenue": 959114, 
        "long_term_average": 117734, 
        "date": "2014-08-31", 
        "operating_revenue": 124281, 
        "short_term_average": 125276
    }, 
    {
        "accumulated_operating_revenue_yoy": 11.044577715118134, 
        "accumulated_operating_revenue": 1089304, 
        "long_term_average": 118853, 
        "date": "2014-09-30", 
        "operating_revenue": 130190, 
        "short_term_average": 125710
    }, 
    {
        "accumulated_operating_revenue_yoy": 9.836505055884173, 
        "accumulated_operating_revenue": 1208642, 
        "long_term_average": 118845, 
        "date": "2014-10-31", 
        "operating_revenue": 119338, 
        "short_term_average": 124603
    }, 
    {
        "accumulated_operating_revenue_yoy": 8.991854821553142, 
        "accumulated_operating_revenue": 1321790, 
        "long_term_average": 118912, 
        "date": "2014-11-30", 
        "operating_revenue": 113148, 
        "short_term_average": 120892
    }, 
    {
        "accumulated_operating_revenue_yoy": 9.043092007669772, 
        "accumulated_operating_revenue": 1437080, 
        "long_term_average": 119756, 
        "date": "2014-12-31", 
        "operating_revenue": 115290, 
        "short_term_average": 115925
    }, 
    {
        "accumulated_operating_revenue_yoy": 34.6150701730481, 
        "accumulated_operating_revenue": 148191, 
        "long_term_average": 122932, 
        "date": "2015-01-31", 
        "operating_revenue": 148191, 
        "short_term_average": 125543
    }, 
    {
        "accumulated_operating_revenue_yoy": 16.462858098583137, 
        "accumulated_operating_revenue": 243716, 
        "long_term_average": 122627, 
        "date": "2015-02-28", 
        "operating_revenue": 95525, 
        "short_term_average": 119668
    }, 
    {
        "accumulated_operating_revenue_yoy": 16.19781177352374, 
        "accumulated_operating_revenue": 381374, 
        "long_term_average": 124186, 
        "date": "2015-03-31", 
        "operating_revenue": 137658, 
        "short_term_average": 127124
    }, 
    {
        "accumulated_operating_revenue_yoy": 13.020446621249029, 
        "accumulated_operating_revenue": 520588, 
        "long_term_average": 124754, 
        "date": "2015-04-30", 
        "operating_revenue": 139214, 
        "short_term_average": 124132
    }, 
    {
        "accumulated_operating_revenue_yoy": 9.90783252126744, 
        "accumulated_operating_revenue": 641077, 
        "long_term_average": 124572, 
        "date": "2015-05-31", 
        "operating_revenue": 120489, 
        "short_term_average": 132453
    }, 
    {
        "accumulated_operating_revenue_yoy": 7.943154261675183, 
        "accumulated_operating_revenue": 768742, 
        "long_term_average": 124470, 
        "date": "2015-06-30", 
        "operating_revenue": 127665, 
        "short_term_average": 129122
    }, 
    {
        "accumulated_operating_revenue_yoy": 7.334760365246702, 
        "accumulated_operating_revenue": 896066, 
        "long_term_average": 124859, 
        "date": "2015-07-31", 
        "operating_revenue": 127324, 
        "short_term_average": 125159
    }, 
    {
        "accumulated_operating_revenue_yoy": 7.4579247096799755, 
        "accumulated_operating_revenue": 1030644, 
        "long_term_average": 125717, 
        "date": "2015-08-31", 
        "operating_revenue": 134578, 
        "short_term_average": 129855
    }, 
    {
        "accumulated_operating_revenue_yoy": 7.197990643566901, 
        "accumulated_operating_revenue": 1167712, 
        "long_term_average": 126290, 
        "date": "2015-09-30", 
        "operating_revenue": 137068, 
        "short_term_average": 132990
    }, 
    {
        "accumulated_operating_revenue_yoy": 7.970515669652387, 
        "accumulated_operating_revenue": 1304977, 
        "long_term_average": 127784, 
        "date": "2015-10-31", 
        "operating_revenue": 137265, 
        "short_term_average": 136303
    }
]