[
    {
        "date": "2012-01-31", 
        "operating_revenue": 27548, 
        "accumulated_operating_revenue": 27548, 
        "long_term_average": 27548, 
        "short_term_average": 27548
    }, 
    {
        "date": "2012-02-29", 
        "operating_revenue": 36250, 
        "accumulated_operating_revenue": 63798, 
        "long_term_average": 31899, 
        "short_term_average": 31899
    }, 
    {
        "date": "2012-03-31", 
        "operating_revenue": 34162, 
        "accumulated_operating_revenue": 97960, 
        "long_term_average": 32653, 
        "short_term_average": 32653
    }, 
    {
        "date": "2012-04-30", 
        "operating_revenue": 36112, 
        "accumulated_operating_revenue": 134072, 
        "long_term_average": 33518, 
        "short_term_average": 35508
    }, 
    {
        "date": "2012-05-31", 
        "operating_revenue": 44871, 
        "accumulated_operating_revenue": 178943, 
        "long_term_average": 35788, 
        "short_term_average": 38381
    }, 
    {
        "date": "2012-06-30", 
        "operating_revenue": 51416, 
        "accumulated_operating_revenue": 230359, 
        "long_term_average": 38393, 
        "short_term_average": 44133
    }, 
    {
        "date": "2012-07-31", 
        "operating_revenue": 32170, 
        "accumulated_operating_revenue": 262529, 
        "long_term_average": 37504, 
        "short_term_average": 42819
    }, 
    {
        "date": "2012-08-31", 
        "operating_revenue": 46748, 
        "accumulated_operating_revenue": 309277, 
        "long_term_average": 38659, 
        "short_term_average": 43444
    }, 
    {
        "date": "2012-09-30", 
        "operating_revenue": 30807, 
        "accumulated_operating_revenue": 340084, 
        "long_term_average": 37787, 
        "short_term_average": 36575
    }, 
    {
        "date": "2012-10-31", 
        "operating_revenue": 34399, 
        "accumulated_operating_revenue": 374483, 
        "long_term_average": 37448, 
        "short_term_average": 37318
    }, 
    {
        "date": "2012-11-30", 
        "operating_revenue": 38088, 
        "accumulated_operating_revenue": 412571, 
        "long_term_average": 37506, 
        "short_term_average": 34431
    }, 
    {
        "date": "2012-12-31", 
        "operating_revenue": 36188, 
        "accumulated_operating_revenue": 448759, 
        "long_term_average": 37396, 
        "short_term_average": 36225
    }, 
    {
        "accumulated_operating_revenue_yoy": 85.53797008857266, 
        "accumulated_operating_revenue": 51112, 
        "long_term_average": 39360, 
        "date": "2013-01-31", 
        "operating_revenue": 51112, 
        "short_term_average": 41796
    }, 
    {
        "accumulated_operating_revenue_yoy": 37.77391140788112, 
        "accumulated_operating_revenue": 87897, 
        "long_term_average": 39404, 
        "date": "2013-02-28", 
        "operating_revenue": 36785, 
        "short_term_average": 41361
    }, 
    {
        "accumulated_operating_revenue_yoy": 8.108411596570027, 
        "accumulated_operating_revenue": 105903, 
        "long_term_average": 38058, 
        "date": "2013-03-31", 
        "operating_revenue": 18006, 
        "short_term_average": 35301
    }, 
    {
        "accumulated_operating_revenue_yoy": 6.962676770690375, 
        "accumulated_operating_revenue": 143407, 
        "long_term_average": 38174, 
        "date": "2013-04-30", 
        "operating_revenue": 37504, 
        "short_term_average": 30765
    }, 
    {
        "accumulated_operating_revenue_yoy": -2.178906132120284, 
        "accumulated_operating_revenue": 175044, 
        "long_term_average": 37071, 
        "date": "2013-05-31", 
        "operating_revenue": 31637, 
        "short_term_average": 29049
    }, 
    {
        "accumulated_operating_revenue_yoy": -9.595457524993597, 
        "accumulated_operating_revenue": 208255, 
        "long_term_average": 35554, 
        "date": "2013-06-30", 
        "operating_revenue": 33211, 
        "short_term_average": 34117
    }, 
    {
        "accumulated_operating_revenue_yoy": -6.86971725028473, 
        "accumulated_operating_revenue": 244494, 
        "long_term_average": 35893, 
        "date": "2013-07-31", 
        "operating_revenue": 36239, 
        "short_term_average": 33695
    }, 
    {
        "accumulated_operating_revenue_yoy": -10.4731357326927, 
        "accumulated_operating_revenue": 276886, 
        "long_term_average": 34697, 
        "date": "2013-08-31", 
        "operating_revenue": 32392, 
        "short_term_average": 33947
    }, 
    {
        "accumulated_operating_revenue_yoy": -4.562990320038578, 
        "accumulated_operating_revenue": 324566, 
        "long_term_average": 36103, 
        "date": "2013-09-30", 
        "operating_revenue": 47680, 
        "short_term_average": 38770
    }, 
    {
        "accumulated_operating_revenue_yoy": -1.5690965945049575, 
        "accumulated_operating_revenue": 368607, 
        "long_term_average": 36906, 
        "date": "2013-10-31", 
        "operating_revenue": 44041, 
        "short_term_average": 41371
    }, 
    {
        "accumulated_operating_revenue_yoy": 1.898339922098257, 
        "accumulated_operating_revenue": 420403, 
        "long_term_average": 38049, 
        "date": "2013-11-30", 
        "operating_revenue": 51796, 
        "short_term_average": 47839
    }, 
    {
        "accumulated_operating_revenue_yoy": 2.926960796329433, 
        "accumulated_operating_revenue": 461894, 
        "long_term_average": 38491, 
        "date": "2013-12-31", 
        "operating_revenue": 41491, 
        "short_term_average": 45776
    }, 
    {
        "accumulated_operating_revenue_yoy": -31.413366724056974, 
        "accumulated_operating_revenue": 35056, 
        "long_term_average": 37153, 
        "date": "2014-01-31", 
        "operating_revenue": 35056, 
        "short_term_average": 42781
    }, 
    {
        "accumulated_operating_revenue_yoy": -29.741629407147002, 
        "accumulated_operating_revenue": 61755, 
        "long_term_average": 36312, 
        "date": "2014-02-28", 
        "operating_revenue": 26699, 
        "short_term_average": 34415
    }, 
    {
        "accumulated_operating_revenue_yoy": 0.16807833583562315, 
        "accumulated_operating_revenue": 106081, 
        "long_term_average": 38506, 
        "date": "2014-03-31", 
        "operating_revenue": 44326, 
        "short_term_average": 35360
    }, 
    {
        "accumulated_operating_revenue_yoy": 23.189244597544054, 
        "accumulated_operating_revenue": 176662, 
        "long_term_average": 41262, 
        "date": "2014-04-30", 
        "operating_revenue": 70581, 
        "short_term_average": 47202
    }, 
    {
        "accumulated_operating_revenue_yoy": 43.28797330956788, 
        "accumulated_operating_revenue": 250817, 
        "long_term_average": 44805, 
        "date": "2014-05-31", 
        "operating_revenue": 74155, 
        "short_term_average": 63020
    }, 
    {
        "accumulated_operating_revenue_yoy": 44.120909461957694, 
        "accumulated_operating_revenue": 300139, 
        "long_term_average": 46148, 
        "date": "2014-06-30", 
        "operating_revenue": 49322, 
        "short_term_average": 64686
    }, 
    {
        "accumulated_operating_revenue_yoy": 43.88573952735037, 
        "accumulated_operating_revenue": 351792, 
        "long_term_average": 47432, 
        "date": "2014-07-31", 
        "operating_revenue": 51653, 
        "short_term_average": 58376
    }, 
    {
        "accumulated_operating_revenue_yoy": 50.69270385646079, 
        "accumulated_operating_revenue": 417247, 
        "long_term_average": 50187, 
        "date": "2014-08-31", 
        "operating_revenue": 65455, 
        "short_term_average": 55476
    }, 
    {
        "accumulated_operating_revenue_yoy": 46.155173369977135, 
        "accumulated_operating_revenue": 474370, 
        "long_term_average": 50974, 
        "date": "2014-09-30", 
        "operating_revenue": 57123, 
        "short_term_average": 58077
    }, 
    {
        "accumulated_operating_revenue_yoy": 42.83776488238151, 
        "accumulated_operating_revenue": 526510, 
        "long_term_average": 51649, 
        "date": "2014-10-31", 
        "operating_revenue": 52140, 
        "short_term_average": 58239
    }, 
    {
        "accumulated_operating_revenue_yoy": 40.096764295211976, 
        "accumulated_operating_revenue": 588971, 
        "long_term_average": 52538, 
        "date": "2014-11-30", 
        "operating_revenue": 62461, 
        "short_term_average": 57241
    }, 
    {
        "accumulated_operating_revenue_yoy": 42.536815806223935, 
        "accumulated_operating_revenue": 658369, 
        "long_term_average": 54864, 
        "date": "2014-12-31", 
        "operating_revenue": 69398, 
        "short_term_average": 61333
    }, 
    {
        "accumulated_operating_revenue_yoy": 107.48231401186672, 
        "accumulated_operating_revenue": 72735, 
        "long_term_average": 58004, 
        "date": "2015-01-31", 
        "operating_revenue": 72735, 
        "short_term_average": 68198
    }, 
    {
        "accumulated_operating_revenue_yoy": 86.24240952149623, 
        "accumulated_operating_revenue": 115014, 
        "long_term_average": 59302, 
        "date": "2015-02-28", 
        "operating_revenue": 42279, 
        "short_term_average": 61470
    }, 
    {
        "accumulated_operating_revenue_yoy": 51.60207765763898, 
        "accumulated_operating_revenue": 160821, 
        "long_term_average": 59425, 
        "date": "2015-03-31", 
        "operating_revenue": 45807, 
        "short_term_average": 53607
    }, 
    {
        "accumulated_operating_revenue_yoy": 23.829120014490947, 
        "accumulated_operating_revenue": 218759, 
        "long_term_average": 58372, 
        "date": "2015-04-30", 
        "operating_revenue": 57938, 
        "short_term_average": 48674
    }, 
    {
        "accumulated_operating_revenue_yoy": 12.257941048653002, 
        "accumulated_operating_revenue": 281562, 
        "long_term_average": 57426, 
        "date": "2015-05-31", 
        "operating_revenue": 62803, 
        "short_term_average": 55516
    }, 
    {
        "accumulated_operating_revenue_yoy": 12.372933873971727, 
        "accumulated_operating_revenue": 337275, 
        "long_term_average": 57958, 
        "date": "2015-06-30", 
        "operating_revenue": 55713, 
        "short_term_average": 58818
    }, 
    {
        "accumulated_operating_revenue_yoy": 10.319165870741802, 
        "accumulated_operating_revenue": 388094, 
        "long_term_average": 57889, 
        "date": "2015-07-31", 
        "operating_revenue": 50819, 
        "short_term_average": 56445
    }, 
    {
        "accumulated_operating_revenue_yoy": 7.963628258561475, 
        "accumulated_operating_revenue": 450475, 
        "long_term_average": 57633, 
        "date": "2015-08-31", 
        "operating_revenue": 62381, 
        "short_term_average": 56304
    }
]