[
    {
        "date": "2012-01-31", 
        "operating_revenue": 191807, 
        "accumulated_operating_revenue": 191807, 
        "long_term_average": 191807, 
        "short_term_average": 191807
    }, 
    {
        "date": "2012-02-29", 
        "operating_revenue": 184150, 
        "accumulated_operating_revenue": 375957, 
        "long_term_average": 187978, 
        "short_term_average": 187978
    }, 
    {
        "date": "2012-03-31", 
        "operating_revenue": 248216, 
        "accumulated_operating_revenue": 624173, 
        "long_term_average": 208057, 
        "short_term_average": 208057
    }, 
    {
        "date": "2012-04-30", 
        "operating_revenue": 236347, 
        "accumulated_operating_revenue": 860520, 
        "long_term_average": 215130, 
        "short_term_average": 222904
    }, 
    {
        "date": "2012-05-31", 
        "operating_revenue": 155737, 
        "accumulated_operating_revenue": 1016257, 
        "long_term_average": 203251, 
        "short_term_average": 213433
    }, 
    {
        "date": "2012-06-30", 
        "operating_revenue": 143976, 
        "accumulated_operating_revenue": 1160233, 
        "long_term_average": 193372, 
        "short_term_average": 178686
    }, 
    {
        "date": "2012-07-31", 
        "operating_revenue": 209175, 
        "accumulated_operating_revenue": 1369408, 
        "long_term_average": 195629, 
        "short_term_average": 169629
    }, 
    {
        "date": "2012-08-31", 
        "operating_revenue": 172933, 
        "accumulated_operating_revenue": 1542341, 
        "long_term_average": 192792, 
        "short_term_average": 175361
    }, 
    {
        "date": "2012-09-30", 
        "operating_revenue": 209287, 
        "accumulated_operating_revenue": 1751628, 
        "long_term_average": 194625, 
        "short_term_average": 197131
    }, 
    {
        "date": "2012-10-31", 
        "operating_revenue": 173281, 
        "accumulated_operating_revenue": 1924909, 
        "long_term_average": 192490, 
        "short_term_average": 185167
    }, 
    {
        "date": "2012-11-30", 
        "operating_revenue": 202124, 
        "accumulated_operating_revenue": 2127033, 
        "long_term_average": 193366, 
        "short_term_average": 194897
    }, 
    {
        "date": "2012-12-31", 
        "operating_revenue": 193607, 
        "accumulated_operating_revenue": 2320640, 
        "long_term_average": 193386, 
        "short_term_average": 189670
    }, 
    {
        "accumulated_operating_revenue_yoy": 3.28507301610473, 
        "accumulated_operating_revenue": 198108, 
        "long_term_average": 193911, 
        "date": "2013-01-31", 
        "operating_revenue": 198108, 
        "short_term_average": 197946
    }, 
    {
        "accumulated_operating_revenue_yoy": -11.525786193633847, 
        "accumulated_operating_revenue": 332625, 
        "long_term_average": 189775, 
        "date": "2013-02-28", 
        "operating_revenue": 134517, 
        "short_term_average": 175410
    }, 
    {
        "accumulated_operating_revenue_yoy": -13.057597813426728, 
        "accumulated_operating_revenue": 542671, 
        "long_term_average": 186594, 
        "date": "2013-03-31", 
        "operating_revenue": 210046, 
        "short_term_average": 180890
    }, 
    {
        "accumulated_operating_revenue_yoy": -5.5645423697299305, 
        "accumulated_operating_revenue": 812636, 
        "long_term_average": 189396, 
        "date": "2013-04-30", 
        "operating_revenue": 269965, 
        "short_term_average": 204842
    }, 
    {
        "accumulated_operating_revenue_yoy": 4.179454606462736, 
        "accumulated_operating_revenue": 1058731, 
        "long_term_average": 196926, 
        "date": "2013-05-31", 
        "operating_revenue": 246095, 
        "short_term_average": 242035
    }, 
    {
        "accumulated_operating_revenue_yoy": 7.181229977082189, 
        "accumulated_operating_revenue": 1243552, 
        "long_term_average": 200329, 
        "date": "2013-06-30", 
        "operating_revenue": 184821, 
        "short_term_average": 233627
    }, 
    {
        "accumulated_operating_revenue_yoy": 4.871229027433753, 
        "accumulated_operating_revenue": 1436115, 
        "long_term_average": 198945, 
        "date": "2013-07-31", 
        "operating_revenue": 192563, 
        "short_term_average": 207826
    }, 
    {
        "accumulated_operating_revenue_yoy": 5.5249779393791645, 
        "accumulated_operating_revenue": 1627555, 
        "long_term_average": 200487, 
        "date": "2013-08-31", 
        "operating_revenue": 191440, 
        "short_term_average": 189608
    }, 
    {
        "accumulated_operating_revenue_yoy": 3.5050250395631948, 
        "accumulated_operating_revenue": 1813023, 
        "long_term_average": 198502, 
        "date": "2013-09-30", 
        "operating_revenue": 185468, 
        "short_term_average": 189823
    }, 
    {
        "accumulated_operating_revenue_yoy": 3.5801172938564885, 
        "accumulated_operating_revenue": 1993823, 
        "long_term_average": 199129, 
        "date": "2013-10-31", 
        "operating_revenue": 180800, 
        "short_term_average": 185902
    }, 
    {
        "accumulated_operating_revenue_yoy": 2.8739093375608182, 
        "accumulated_operating_revenue": 2188162, 
        "long_term_average": 198480, 
        "date": "2013-11-30", 
        "operating_revenue": 194339, 
        "short_term_average": 186869
    }, 
    {
        "accumulated_operating_revenue_yoy": 4.511729522890237, 
        "accumulated_operating_revenue": 2425341, 
        "long_term_average": 202111, 
        "date": "2013-12-31", 
        "operating_revenue": 237179, 
        "short_term_average": 204106
    }, 
    {
        "accumulated_operating_revenue_yoy": 0.9701778827710138, 
        "accumulated_operating_revenue": 200030, 
        "long_term_average": 202271, 
        "date": "2014-01-31", 
        "operating_revenue": 200030, 
        "short_term_average": 210516
    }, 
    {
        "accumulated_operating_revenue_yoy": 4.061931604659903, 
        "accumulated_operating_revenue": 346136, 
        "long_term_average": 203237, 
        "date": "2014-02-28", 
        "operating_revenue": 146106, 
        "short_term_average": 194438
    }, 
    {
        "accumulated_operating_revenue_yoy": 11.21581952969663, 
        "accumulated_operating_revenue": 603536, 
        "long_term_average": 207183, 
        "date": "2014-03-31", 
        "operating_revenue": 257400, 
        "short_term_average": 201178
    }, 
    {
        "accumulated_operating_revenue_yoy": 5.100438572743516, 
        "accumulated_operating_revenue": 854084, 
        "long_term_average": 205565, 
        "date": "2014-04-30", 
        "operating_revenue": 250548, 
        "short_term_average": 218018
    }, 
    {
        "accumulated_operating_revenue_yoy": 1.8488171216295737, 
        "accumulated_operating_revenue": 1078305, 
        "long_term_average": 203742, 
        "date": "2014-05-31", 
        "operating_revenue": 224221, 
        "short_term_average": 244056
    }, 
    {
        "accumulated_operating_revenue_yoy": 4.044704202156404, 
        "accumulated_operating_revenue": 1293850, 
        "long_term_average": 206303, 
        "date": "2014-06-30", 
        "operating_revenue": 215545, 
        "short_term_average": 230104
    }, 
    {
        "accumulated_operating_revenue_yoy": 8.210414904098906, 
        "accumulated_operating_revenue": 1554026, 
        "long_term_average": 211937, 
        "date": "2014-07-31", 
        "operating_revenue": 260176, 
        "short_term_average": 233314
    }, 
    {
        "accumulated_operating_revenue_yoy": 10.88774265693018, 
        "accumulated_operating_revenue": 1804759, 
        "long_term_average": 216878, 
        "date": "2014-08-31", 
        "operating_revenue": 250733, 
        "short_term_average": 242151
    }, 
    {
        "accumulated_operating_revenue_yoy": 14.523202408353342, 
        "accumulated_operating_revenue": 2076332, 
        "long_term_average": 224054, 
        "date": "2014-09-30", 
        "operating_revenue": 271573, 
        "short_term_average": 260827
    }, 
    {
        "accumulated_operating_revenue_yoy": 14.398369363780034, 
        "accumulated_operating_revenue": 2280901, 
        "long_term_average": 226034, 
        "date": "2014-10-31", 
        "operating_revenue": 204569, 
        "short_term_average": 242291
    }, 
    {
        "accumulated_operating_revenue_yoy": 15.235297934979219, 
        "accumulated_operating_revenue": 2521535, 
        "long_term_average": 229892, 
        "date": "2014-11-30", 
        "operating_revenue": 240634, 
        "short_term_average": 238925
    }, 
    {
        "accumulated_operating_revenue_yoy": 16.628094771003337, 
        "accumulated_operating_revenue": 2828629, 
        "long_term_average": 235719, 
        "date": "2014-12-31", 
        "operating_revenue": 307094, 
        "short_term_average": 250765
    }, 
    {
        "accumulated_operating_revenue_yoy": 30.754886766984953, 
        "accumulated_operating_revenue": 261549, 
        "long_term_average": 240845, 
        "date": "2015-01-31", 
        "operating_revenue": 261549, 
        "short_term_average": 269759
    }, 
    {
        "accumulated_operating_revenue_yoy": 30.963551898675668, 
        "accumulated_operating_revenue": 453312, 
        "long_term_average": 244650, 
        "date": "2015-02-28", 
        "operating_revenue": 191763, 
        "short_term_average": 253468
    }, 
    {
        "accumulated_operating_revenue_yoy": 14.145635057395085, 
        "accumulated_operating_revenue": 688910, 
        "long_term_average": 242833, 
        "date": "2015-03-31", 
        "operating_revenue": 235598, 
        "short_term_average": 229636
    }, 
    {
        "accumulated_operating_revenue_yoy": 10.518286257557804, 
        "accumulated_operating_revenue": 943919, 
        "long_term_average": 243205, 
        "date": "2015-04-30", 
        "operating_revenue": 255009, 
        "short_term_average": 227456
    }, 
    {
        "accumulated_operating_revenue_yoy": 12.281775564427504, 
        "accumulated_operating_revenue": 1210740, 
        "long_term_average": 246755, 
        "date": "2015-05-31", 
        "operating_revenue": 266821, 
        "short_term_average": 252476
    }, 
    {
        "accumulated_operating_revenue_yoy": 11.458283417706843, 
        "accumulated_operating_revenue": 1442103, 
        "long_term_average": 248073, 
        "date": "2015-06-30", 
        "operating_revenue": 231363, 
        "short_term_average": 251064
    }, 
    {
        "accumulated_operating_revenue_yoy": 7.6207219184235, 
        "accumulated_operating_revenue": 1672454, 
        "long_term_average": 245588, 
        "date": "2015-07-31", 
        "operating_revenue": 230351, 
        "short_term_average": 242845
    }, 
    {
        "accumulated_operating_revenue_yoy": 2.1174018248419872, 
        "accumulated_operating_revenue": 1842973, 
        "long_term_average": 238903, 
        "date": "2015-08-31", 
        "operating_revenue": 170519, 
        "short_term_average": 210744
    }
]