[
    {
        "date": "2012-01-31", 
        "operating_revenue": 31177, 
        "accumulated_operating_revenue": 31177, 
        "long_term_average": 31177, 
        "short_term_average": 31177
    }, 
    {
        "date": "2012-02-29", 
        "operating_revenue": 52940, 
        "accumulated_operating_revenue": 84117, 
        "long_term_average": 42058, 
        "short_term_average": 42058
    }, 
    {
        "date": "2012-03-31", 
        "operating_revenue": 67948, 
        "accumulated_operating_revenue": 152065, 
        "long_term_average": 50688, 
        "short_term_average": 50688
    }, 
    {
        "date": "2012-04-30", 
        "operating_revenue": 38433, 
        "accumulated_operating_revenue": 190498, 
        "long_term_average": 47624, 
        "short_term_average": 53107
    }, 
    {
        "date": "2012-05-31", 
        "operating_revenue": 36801, 
        "accumulated_operating_revenue": 227299, 
        "long_term_average": 45459, 
        "short_term_average": 47727
    }, 
    {
        "date": "2012-06-30", 
        "operating_revenue": 12515, 
        "accumulated_operating_revenue": 239814, 
        "long_term_average": 39969, 
        "short_term_average": 29249
    }, 
    {
        "date": "2012-07-31", 
        "operating_revenue": 28009, 
        "accumulated_operating_revenue": 267823, 
        "long_term_average": 38260, 
        "short_term_average": 25775
    }, 
    {
        "date": "2012-08-31", 
        "operating_revenue": 41950, 
        "accumulated_operating_revenue": 309773, 
        "long_term_average": 38721, 
        "short_term_average": 27491
    }, 
    {
        "date": "2012-09-30", 
        "operating_revenue": 26533, 
        "accumulated_operating_revenue": 336306, 
        "long_term_average": 37367, 
        "short_term_average": 32164
    }, 
    {
        "date": "2012-10-31", 
        "operating_revenue": 35989, 
        "accumulated_operating_revenue": 372295, 
        "long_term_average": 37229, 
        "short_term_average": 34824
    }, 
    {
        "date": "2012-11-30", 
        "operating_revenue": 37282, 
        "accumulated_operating_revenue": 409577, 
        "long_term_average": 37234, 
        "short_term_average": 33268
    }, 
    {
        "date": "2012-12-31", 
        "operating_revenue": 28505, 
        "accumulated_operating_revenue": 438082, 
        "long_term_average": 36506, 
        "short_term_average": 33925
    }, 
    {
        "accumulated_operating_revenue_yoy": -27.49783494242551, 
        "accumulated_operating_revenue": 22604, 
        "long_term_average": 35792, 
        "date": "2013-01-31", 
        "operating_revenue": 22604, 
        "short_term_average": 29463
    }, 
    {
        "accumulated_operating_revenue_yoy": -60.33976485133802, 
        "accumulated_operating_revenue": 33361, 
        "long_term_average": 32277, 
        "date": "2013-02-28", 
        "operating_revenue": 10757, 
        "short_term_average": 20622
    }, 
    {
        "accumulated_operating_revenue_yoy": -52.006707657909445, 
        "accumulated_operating_revenue": 72981, 
        "long_term_average": 29916, 
        "date": "2013-03-31", 
        "operating_revenue": 39620, 
        "short_term_average": 24327
    }, 
    {
        "accumulated_operating_revenue_yoy": -37.18674211802749, 
        "accumulated_operating_revenue": 119658, 
        "long_term_average": 30603, 
        "date": "2013-04-30", 
        "operating_revenue": 46677, 
        "short_term_average": 32351
    }, 
    {
        "accumulated_operating_revenue_yoy": -25.972837539980375, 
        "accumulated_operating_revenue": 168263, 
        "long_term_average": 31587, 
        "date": "2013-05-31", 
        "operating_revenue": 48605, 
        "short_term_average": 44967
    }, 
    {
        "accumulated_operating_revenue_yoy": -16.88975622774317, 
        "accumulated_operating_revenue": 199310, 
        "long_term_average": 33131, 
        "date": "2013-06-30", 
        "operating_revenue": 31047, 
        "short_term_average": 42109
    }, 
    {
        "accumulated_operating_revenue_yoy": -11.463541219387432, 
        "accumulated_operating_revenue": 237121, 
        "long_term_average": 33948, 
        "date": "2013-07-31", 
        "operating_revenue": 37811, 
        "short_term_average": 39154
    }, 
    {
        "accumulated_operating_revenue_yoy": -12.871683458532537, 
        "accumulated_operating_revenue": 269900, 
        "long_term_average": 33184, 
        "date": "2013-08-31", 
        "operating_revenue": 32779, 
        "short_term_average": 33879
    }, 
    {
        "accumulated_operating_revenue_yoy": -10.45565645572782, 
        "accumulated_operating_revenue": 301143, 
        "long_term_average": 33576, 
        "date": "2013-09-30", 
        "operating_revenue": 31243, 
        "short_term_average": 33944
    }, 
    {
        "accumulated_operating_revenue_yoy": -13.026497804160678, 
        "accumulated_operating_revenue": 323798, 
        "long_term_average": 32465, 
        "date": "2013-10-31", 
        "operating_revenue": 22655, 
        "short_term_average": 28892
    }, 
    {
        "accumulated_operating_revenue_yoy": -15.818759354162953, 
        "accumulated_operating_revenue": 344787, 
        "long_term_average": 31107, 
        "date": "2013-11-30", 
        "operating_revenue": 20989, 
        "short_term_average": 24962
    }, 
    {
        "accumulated_operating_revenue_yoy": -16.107258458462116, 
        "accumulated_operating_revenue": 367519, 
        "long_term_average": 30626, 
        "date": "2013-12-31", 
        "operating_revenue": 22732, 
        "short_term_average": 22125
    }, 
    {
        "accumulated_operating_revenue_yoy": -34.89647849938064, 
        "accumulated_operating_revenue": 14716, 
        "long_term_average": 29969, 
        "date": "2014-01-31", 
        "operating_revenue": 14716, 
        "short_term_average": 19479
    }, 
    {
        "accumulated_operating_revenue_yoy": -10.98288420610893, 
        "accumulated_operating_revenue": 29697, 
        "long_term_average": 30321, 
        "date": "2014-02-28", 
        "operating_revenue": 14981, 
        "short_term_average": 17476
    }, 
    {
        "accumulated_operating_revenue_yoy": -33.43335936750661, 
        "accumulated_operating_revenue": 48581, 
        "long_term_average": 28593, 
        "date": "2014-03-31", 
        "operating_revenue": 18884, 
        "short_term_average": 16193
    }, 
    {
        "accumulated_operating_revenue_yoy": -41.97797054939912, 
        "accumulated_operating_revenue": 69428, 
        "long_term_average": 26440, 
        "date": "2014-04-30", 
        "operating_revenue": 20847, 
        "short_term_average": 18237
    }, 
    {
        "accumulated_operating_revenue_yoy": -50.2522836274166, 
        "accumulated_operating_revenue": 83707, 
        "long_term_average": 23580, 
        "date": "2014-05-31", 
        "operating_revenue": 14279, 
        "short_term_average": 18003
    }, 
    {
        "accumulated_operating_revenue_yoy": -49.80633184486478, 
        "accumulated_operating_revenue": 100041, 
        "long_term_average": 22354, 
        "date": "2014-06-30", 
        "operating_revenue": 16334, 
        "short_term_average": 17153
    }, 
    {
        "accumulated_operating_revenue_yoy": -51.243036255751285, 
        "accumulated_operating_revenue": 115613, 
        "long_term_average": 20500, 
        "date": "2014-07-31", 
        "operating_revenue": 15572, 
        "short_term_average": 15395
    }, 
    {
        "accumulated_operating_revenue_yoy": -50.4998147462023, 
        "accumulated_operating_revenue": 133601, 
        "long_term_average": 19268, 
        "date": "2014-08-31", 
        "operating_revenue": 17988, 
        "short_term_average": 16631
    }, 
    {
        "accumulated_operating_revenue_yoy": -51.708324616544296, 
        "accumulated_operating_revenue": 145427, 
        "long_term_average": 17650, 
        "date": "2014-09-30", 
        "operating_revenue": 11826, 
        "short_term_average": 15128
    }, 
    {
        "accumulated_operating_revenue_yoy": -50.03953081859678, 
        "accumulated_operating_revenue": 161771, 
        "long_term_average": 17124, 
        "date": "2014-10-31", 
        "operating_revenue": 16344, 
        "short_term_average": 15386
    }, 
    {
        "accumulated_operating_revenue_yoy": -49.70837067522847, 
        "accumulated_operating_revenue": 173399, 
        "long_term_average": 16344, 
        "date": "2014-11-30", 
        "operating_revenue": 11628, 
        "short_term_average": 13266
    }, 
    {
        "accumulated_operating_revenue_yoy": -50.50024624577233, 
        "accumulated_operating_revenue": 181921, 
        "long_term_average": 15160, 
        "date": "2014-12-31", 
        "operating_revenue": 8522, 
        "short_term_average": 12164
    }, 
    {
        "accumulated_operating_revenue_yoy": -44.754009241641754, 
        "accumulated_operating_revenue": 8130, 
        "long_term_average": 14611, 
        "date": "2015-01-31", 
        "operating_revenue": 8130, 
        "short_term_average": 9426
    }, 
    {
        "accumulated_operating_revenue_yoy": -60.72667272788497, 
        "accumulated_operating_revenue": 11663, 
        "long_term_average": 13657, 
        "date": "2015-02-28", 
        "operating_revenue": 3533, 
        "short_term_average": 6728
    }, 
    {
        "accumulated_operating_revenue_yoy": -46.831065642946825, 
        "accumulated_operating_revenue": 25830, 
        "long_term_average": 13264, 
        "date": "2015-03-31", 
        "operating_revenue": 14167, 
        "short_term_average": 8610
    }, 
    {
        "accumulated_operating_revenue_yoy": -42.072362735495766, 
        "accumulated_operating_revenue": 40218, 
        "long_term_average": 12725, 
        "date": "2015-04-30", 
        "operating_revenue": 14388, 
        "short_term_average": 10696
    }, 
    {
        "accumulated_operating_revenue_yoy": -40.77197844863632, 
        "accumulated_operating_revenue": 49578, 
        "long_term_average": 12316, 
        "date": "2015-05-31", 
        "operating_revenue": 9360, 
        "short_term_average": 12638
    }, 
    {
        "accumulated_operating_revenue_yoy": -43.17229935726352, 
        "accumulated_operating_revenue": 56851, 
        "long_term_average": 11560, 
        "date": "2015-06-30", 
        "operating_revenue": 7273, 
        "short_term_average": 10340
    }, 
    {
        "accumulated_operating_revenue_yoy": -43.03149299819224, 
        "accumulated_operating_revenue": 65863, 
        "long_term_average": 11014, 
        "date": "2015-07-31", 
        "operating_revenue": 9012, 
        "short_term_average": 8548
    }, 
    {
        "accumulated_operating_revenue_yoy": -45.23094887014319, 
        "accumulated_operating_revenue": 73172, 
        "long_term_average": 10124, 
        "date": "2015-08-31", 
        "operating_revenue": 7309, 
        "short_term_average": 7864
    }
]