[
    {
        "date": "2011-09-30", 
        "operating_revenue": 121558, 
        "accumulated_operating_revenue": 121558, 
        "long_term_average": 121558, 
        "short_term_average": 121558
    }, 
    {
        "date": "2011-10-31", 
        "operating_revenue": 110470, 
        "accumulated_operating_revenue": 232028, 
        "long_term_average": 116014, 
        "short_term_average": 116014
    }, 
    {
        "date": "2011-11-30", 
        "operating_revenue": 103517, 
        "accumulated_operating_revenue": 335545, 
        "long_term_average": 111848, 
        "short_term_average": 111848
    }, 
    {
        "date": "2011-12-31", 
        "operating_revenue": 79815, 
        "accumulated_operating_revenue": 415360, 
        "long_term_average": 103840, 
        "short_term_average": 97934
    }, 
    {
        "date": "2012-01-31", 
        "operating_revenue": 45025, 
        "accumulated_operating_revenue": 45025, 
        "long_term_average": 92077, 
        "short_term_average": 76119
    }, 
    {
        "date": "2012-02-29", 
        "operating_revenue": 55805, 
        "accumulated_operating_revenue": 100830, 
        "long_term_average": 86031, 
        "short_term_average": 60215
    }, 
    {
        "date": "2012-03-31", 
        "operating_revenue": 100724, 
        "accumulated_operating_revenue": 201554, 
        "long_term_average": 88130, 
        "short_term_average": 67184
    }, 
    {
        "date": "2012-04-30", 
        "operating_revenue": 117396, 
        "accumulated_operating_revenue": 318950, 
        "long_term_average": 91788, 
        "short_term_average": 91308
    }, 
    {
        "date": "2012-05-31", 
        "operating_revenue": 119034, 
        "accumulated_operating_revenue": 437984, 
        "long_term_average": 94816, 
        "short_term_average": 112384
    }, 
    {
        "date": "2012-06-30", 
        "operating_revenue": 83397, 
        "accumulated_operating_revenue": 521381, 
        "long_term_average": 93674, 
        "short_term_average": 106609
    }, 
    {
        "date": "2012-07-31", 
        "operating_revenue": 96365, 
        "accumulated_operating_revenue": 617746, 
        "long_term_average": 93918, 
        "short_term_average": 99598
    }, 
    {
        "date": "2012-08-31", 
        "operating_revenue": 110356, 
        "accumulated_operating_revenue": 728102, 
        "long_term_average": 95288, 
        "short_term_average": 96706
    }, 
    {
        "accumulated_operating_revenue_yoy": 612.1892429951134, 
        "accumulated_operating_revenue": 865723, 
        "long_term_average": 96627, 
        "date": "2012-09-30", 
        "operating_revenue": 137621, 
        "short_term_average": 114780
    }, 
    {
        "accumulated_operating_revenue_yoy": 319.4493767993518, 
        "accumulated_operating_revenue": 973240, 
        "long_term_average": 96381, 
        "date": "2012-10-31", 
        "operating_revenue": 107517, 
        "short_term_average": 118498
    }, 
    {
        "accumulated_operating_revenue_yoy": 219.92400423192123, 
        "accumulated_operating_revenue": 1073489, 
        "long_term_average": 96108, 
        "date": "2012-11-30", 
        "operating_revenue": 100249, 
        "short_term_average": 115129
    }, 
    {
        "accumulated_operating_revenue_yoy": 178.76444530046226, 
        "accumulated_operating_revenue": 1157876, 
        "long_term_average": 96489, 
        "date": "2012-12-31", 
        "operating_revenue": 84387, 
        "short_term_average": 97384
    }, 
    {
        "accumulated_operating_revenue_yoy": 106.4963908939478, 
        "accumulated_operating_revenue": 92975, 
        "long_term_average": 100485, 
        "date": "2013-01-31", 
        "operating_revenue": 92975, 
        "short_term_average": 92537
    }, 
    {
        "accumulated_operating_revenue_yoy": 51.30219180799366, 
        "accumulated_operating_revenue": 152558, 
        "long_term_average": 100800, 
        "date": "2013-02-28", 
        "operating_revenue": 59583, 
        "short_term_average": 78981
    }, 
    {
        "accumulated_operating_revenue_yoy": 21.90083054665251, 
        "accumulated_operating_revenue": 245696, 
        "long_term_average": 100168, 
        "date": "2013-03-31", 
        "operating_revenue": 93138, 
        "short_term_average": 81898
    }, 
    {
        "accumulated_operating_revenue_yoy": 9.068192506662488, 
        "accumulated_operating_revenue": 347873, 
        "long_term_average": 98899, 
        "date": "2013-04-30", 
        "operating_revenue": 102177, 
        "short_term_average": 84966
    }, 
    {
        "accumulated_operating_revenue_yoy": 5.346770658288888, 
        "accumulated_operating_revenue": 461402, 
        "long_term_average": 98441, 
        "date": "2013-05-31", 
        "operating_revenue": 113529, 
        "short_term_average": 102948
    }, 
    {
        "accumulated_operating_revenue_yoy": 17.198555375052024, 
        "accumulated_operating_revenue": 611051, 
        "long_term_average": 103962, 
        "date": "2013-06-30", 
        "operating_revenue": 149649, 
        "short_term_average": 121785
    }, 
    {
        "accumulated_operating_revenue_yoy": 26.16496100338974, 
        "accumulated_operating_revenue": 779379, 
        "long_term_average": 109959, 
        "date": "2013-07-31", 
        "operating_revenue": 168328, 
        "short_term_average": 143835
    }, 
    {
        "accumulated_operating_revenue_yoy": 57.6226957212039, 
        "accumulated_operating_revenue": 1147654, 
        "long_term_average": 131452, 
        "date": "2013-08-31", 
        "operating_revenue": 368275, 
        "short_term_average": 228750
    }, 
    {
        "accumulated_operating_revenue_yoy": 97.41557056933915, 
        "accumulated_operating_revenue": 1709072, 
        "long_term_average": 166768, 
        "date": "2013-09-30", 
        "operating_revenue": 561418, 
        "short_term_average": 366007
    }, 
    {
        "accumulated_operating_revenue_yoy": 143.38816735851384, 
        "accumulated_operating_revenue": 2368751, 
        "long_term_average": 212782, 
        "date": "2013-10-31", 
        "operating_revenue": 659679, 
        "short_term_average": 529790
    }, 
    {
        "accumulated_operating_revenue_yoy": 162.2487049238511, 
        "accumulated_operating_revenue": 2815211, 
        "long_term_average": 241633, 
        "date": "2013-11-30", 
        "operating_revenue": 446460, 
        "short_term_average": 555852
    }, 
    {
        "accumulated_operating_revenue_yoy": 178.52049787714748, 
        "accumulated_operating_revenue": 3224922, 
        "long_term_average": 268743, 
        "date": "2013-12-31", 
        "operating_revenue": 409711, 
        "short_term_average": 505283
    }, 
    {
        "accumulated_operating_revenue_yoy": 288.3140629201398, 
        "accumulated_operating_revenue": 361035, 
        "long_term_average": 291081, 
        "date": "2014-01-31", 
        "operating_revenue": 361035, 
        "short_term_average": 405735
    }, 
    {
        "accumulated_operating_revenue_yoy": 278.5924042003697, 
        "accumulated_operating_revenue": 577573, 
        "long_term_average": 304161, 
        "date": "2014-02-28", 
        "operating_revenue": 216538, 
        "short_term_average": 329094
    }, 
    {
        "accumulated_operating_revenue_yoy": 234.07015173222194, 
        "accumulated_operating_revenue": 820797, 
        "long_term_average": 316668, 
        "date": "2014-03-31", 
        "operating_revenue": 243224, 
        "short_term_average": 273599
    }, 
    {
        "accumulated_operating_revenue_yoy": 177.66656222242025, 
        "accumulated_operating_revenue": 965927, 
        "long_term_average": 320248, 
        "date": "2014-04-30", 
        "operating_revenue": 145130, 
        "short_term_average": 201630
    }, 
    {
        "accumulated_operating_revenue_yoy": 135.01631982522832, 
        "accumulated_operating_revenue": 1084370, 
        "long_term_average": 320657, 
        "date": "2014-05-31", 
        "operating_revenue": 118443, 
        "short_term_average": 168932
    }, 
    {
        "accumulated_operating_revenue_yoy": 89.89593339999443, 
        "accumulated_operating_revenue": 1160361, 
        "long_term_average": 314519, 
        "date": "2014-06-30", 
        "operating_revenue": 75991, 
        "short_term_average": 113188
    }, 
    {
        "accumulated_operating_revenue_yoy": 57.90122648929468, 
        "accumulated_operating_revenue": 1230649, 
        "long_term_average": 306349, 
        "date": "2014-07-31", 
        "operating_revenue": 70288, 
        "short_term_average": 88240
    }, 
    {
        "accumulated_operating_revenue_yoy": 14.474658738609373, 
        "accumulated_operating_revenue": 1313773, 
        "long_term_average": 282586, 
        "date": "2014-08-31", 
        "operating_revenue": 83124, 
        "short_term_average": 76467
    }, 
    {
        "accumulated_operating_revenue_yoy": -18.109652489772227, 
        "accumulated_operating_revenue": 1399565, 
        "long_term_average": 242951, 
        "date": "2014-09-30", 
        "operating_revenue": 85792, 
        "short_term_average": 79734
    }, 
    {
        "accumulated_operating_revenue_yoy": -37.03783132967543, 
        "accumulated_operating_revenue": 1491417, 
        "long_term_average": 195632, 
        "date": "2014-10-31", 
        "operating_revenue": 91852, 
        "short_term_average": 86922
    }, 
    {
        "accumulated_operating_revenue_yoy": -44.75668076034088, 
        "accumulated_operating_revenue": 1555216, 
        "long_term_average": 163743, 
        "date": "2014-11-30", 
        "operating_revenue": 63799, 
        "short_term_average": 80481
    }, 
    {
        "accumulated_operating_revenue_yoy": -49.71100076218898, 
        "accumulated_operating_revenue": 1621781, 
        "long_term_average": 135148, 
        "date": "2014-12-31", 
        "operating_revenue": 66565, 
        "short_term_average": 74072
    }, 
    {
        "accumulated_operating_revenue_yoy": -79.9869818715637, 
        "accumulated_operating_revenue": 72254, 
        "long_term_average": 111083, 
        "date": "2015-01-31", 
        "operating_revenue": 72254, 
        "short_term_average": 67539
    }, 
    {
        "accumulated_operating_revenue_yoy": -80.44853204703128, 
        "accumulated_operating_revenue": 112924, 
        "long_term_average": 96427, 
        "date": "2015-02-28", 
        "operating_revenue": 40670, 
        "short_term_average": 59829
    }, 
    {
        "accumulated_operating_revenue_yoy": -77.61992307476757, 
        "accumulated_operating_revenue": 183695, 
        "long_term_average": 82056, 
        "date": "2015-03-31", 
        "operating_revenue": 70771, 
        "short_term_average": 61231
    }, 
    {
        "accumulated_operating_revenue_yoy": -72.19582846322756, 
        "accumulated_operating_revenue": 268568, 
        "long_term_average": 77035, 
        "date": "2015-04-30", 
        "operating_revenue": 84873, 
        "short_term_average": 65438
    }, 
    {
        "accumulated_operating_revenue_yoy": -67.70078478748029, 
        "accumulated_operating_revenue": 350243, 
        "long_term_average": 73971, 
        "date": "2015-05-31", 
        "operating_revenue": 81675, 
        "short_term_average": 79106
    }, 
    {
        "accumulated_operating_revenue_yoy": -61.60358715951328, 
        "accumulated_operating_revenue": 445537, 
        "long_term_average": 75579, 
        "date": "2015-06-30", 
        "operating_revenue": 95294, 
        "short_term_average": 87280
    }, 
    {
        "accumulated_operating_revenue_yoy": -56.80173631961672, 
        "accumulated_operating_revenue": 531619, 
        "long_term_average": 76895, 
        "date": "2015-07-31", 
        "operating_revenue": 86082, 
        "short_term_average": 87683
    }, 
    {
        "accumulated_operating_revenue_yoy": -53.02445704090432, 
        "accumulated_operating_revenue": 617152, 
        "long_term_average": 77096, 
        "date": "2015-08-31", 
        "operating_revenue": 85533, 
        "short_term_average": 88969
    }, 
    {
        "accumulated_operating_revenue_yoy": -48.83467363073527, 
        "accumulated_operating_revenue": 716092, 
        "long_term_average": 78192, 
        "date": "2015-09-30", 
        "operating_revenue": 98940, 
        "short_term_average": 90185
    }, 
    {
        "accumulated_operating_revenue_yoy": -44.9673029072352, 
        "accumulated_operating_revenue": 820767, 
        "long_term_average": 79260, 
        "date": "2015-10-31", 
        "operating_revenue": 104675, 
        "short_term_average": 96382
    }
]