[
    {
        "date": "2011-09-30", 
        "operating_revenue": 173877, 
        "accumulated_operating_revenue": 173877, 
        "long_term_average": 173877, 
        "short_term_average": 173877
    }, 
    {
        "date": "2011-10-31", 
        "operating_revenue": 183587, 
        "accumulated_operating_revenue": 357464, 
        "long_term_average": 178732, 
        "short_term_average": 178732
    }, 
    {
        "date": "2011-11-30", 
        "operating_revenue": 159836, 
        "accumulated_operating_revenue": 517300, 
        "long_term_average": 172433, 
        "short_term_average": 172433
    }, 
    {
        "date": "2011-12-31", 
        "operating_revenue": 153094, 
        "accumulated_operating_revenue": 670394, 
        "long_term_average": 167598, 
        "short_term_average": 165505
    }, 
    {
        "date": "2012-01-31", 
        "operating_revenue": 107738, 
        "accumulated_operating_revenue": 107738, 
        "long_term_average": 155626, 
        "short_term_average": 140222
    }, 
    {
        "date": "2012-02-29", 
        "operating_revenue": 143900, 
        "accumulated_operating_revenue": 251638, 
        "long_term_average": 153672, 
        "short_term_average": 134910
    }, 
    {
        "date": "2012-03-31", 
        "operating_revenue": 156404, 
        "accumulated_operating_revenue": 408042, 
        "long_term_average": 154062, 
        "short_term_average": 136014
    }, 
    {
        "date": "2012-04-30", 
        "operating_revenue": 148822, 
        "accumulated_operating_revenue": 556864, 
        "long_term_average": 153407, 
        "short_term_average": 149708
    }, 
    {
        "date": "2012-05-31", 
        "operating_revenue": 137377, 
        "accumulated_operating_revenue": 694241, 
        "long_term_average": 151626, 
        "short_term_average": 147534
    }, 
    {
        "date": "2012-06-30", 
        "operating_revenue": 153649, 
        "accumulated_operating_revenue": 847890, 
        "long_term_average": 151828, 
        "short_term_average": 146616
    }, 
    {
        "date": "2012-07-31", 
        "operating_revenue": 109482, 
        "accumulated_operating_revenue": 957372, 
        "long_term_average": 147978, 
        "short_term_average": 133502
    }, 
    {
        "date": "2012-08-31", 
        "operating_revenue": 113224, 
        "accumulated_operating_revenue": 1070596, 
        "long_term_average": 145082, 
        "short_term_average": 125451
    }, 
    {
        "accumulated_operating_revenue_yoy": 587.6004301891567, 
        "accumulated_operating_revenue": 1195579, 
        "long_term_average": 141008, 
        "date": "2012-09-30", 
        "operating_revenue": 124983, 
        "short_term_average": 115896
    }, 
    {
        "accumulated_operating_revenue_yoy": 270.3905847861603, 
        "accumulated_operating_revenue": 1324013, 
        "long_term_average": 136411, 
        "date": "2012-10-31", 
        "operating_revenue": 128434, 
        "short_term_average": 122213
    }, 
    {
        "accumulated_operating_revenue_yoy": 180.38449642373863, 
        "accumulated_operating_revenue": 1450429, 
        "long_term_average": 133626, 
        "date": "2012-11-30", 
        "operating_revenue": 126416, 
        "short_term_average": 126611
    }, 
    {
        "accumulated_operating_revenue_yoy": 139.15488503775393, 
        "accumulated_operating_revenue": 1603280, 
        "long_term_average": 133606, 
        "date": "2012-12-31", 
        "operating_revenue": 152851, 
        "short_term_average": 135900
    }, 
    {
        "accumulated_operating_revenue_yoy": 40.47875401436819, 
        "accumulated_operating_revenue": 151349, 
        "long_term_average": 137240, 
        "date": "2013-01-31", 
        "operating_revenue": 151349, 
        "short_term_average": 143538
    }, 
    {
        "accumulated_operating_revenue_yoy": 1.7354294661378646, 
        "accumulated_operating_revenue": 256005, 
        "long_term_average": 133970, 
        "date": "2013-02-28", 
        "operating_revenue": 104656, 
        "short_term_average": 136285
    }, 
    {
        "accumulated_operating_revenue_yoy": -4.766666176521044, 
        "accumulated_operating_revenue": 388592, 
        "long_term_average": 131985, 
        "date": "2013-03-31", 
        "operating_revenue": 132587, 
        "short_term_average": 129530
    }, 
    {
        "accumulated_operating_revenue_yoy": -5.57604729341455, 
        "accumulated_operating_revenue": 525813, 
        "long_term_average": 131019, 
        "date": "2013-04-30", 
        "operating_revenue": 137221, 
        "short_term_average": 124821
    }, 
    {
        "accumulated_operating_revenue_yoy": -10.089867927708102, 
        "accumulated_operating_revenue": 624193, 
        "long_term_average": 127769, 
        "date": "2013-05-31", 
        "operating_revenue": 98380, 
        "short_term_average": 122729
    }, 
    {
        "accumulated_operating_revenue_yoy": -14.72337213553645, 
        "accumulated_operating_revenue": 723052, 
        "long_term_average": 123203, 
        "date": "2013-06-30", 
        "operating_revenue": 98859, 
        "short_term_average": 111486
    }, 
    {
        "accumulated_operating_revenue_yoy": -12.873261386378546, 
        "accumulated_operating_revenue": 834127, 
        "long_term_average": 123336, 
        "date": "2013-07-31", 
        "operating_revenue": 111075, 
        "short_term_average": 102771
    }, 
    {
        "accumulated_operating_revenue_yoy": -10.886552910715153, 
        "accumulated_operating_revenue": 954045, 
        "long_term_average": 123894, 
        "date": "2013-08-31", 
        "operating_revenue": 119918, 
        "short_term_average": 109950
    }, 
    {
        "accumulated_operating_revenue_yoy": -9.925651086210111, 
        "accumulated_operating_revenue": 1076910, 
        "long_term_average": 123717, 
        "date": "2013-09-30", 
        "operating_revenue": 122865, 
        "short_term_average": 117952
    }, 
    {
        "accumulated_operating_revenue_yoy": -9.26418396193995, 
        "accumulated_operating_revenue": 1201354, 
        "long_term_average": 123385, 
        "date": "2013-10-31", 
        "operating_revenue": 124444, 
        "short_term_average": 122409
    }, 
    {
        "accumulated_operating_revenue_yoy": -7.238754878728983, 
        "accumulated_operating_revenue": 1345436, 
        "long_term_average": 124857, 
        "date": "2013-11-30", 
        "operating_revenue": 144082, 
        "short_term_average": 130463
    }, 
    {
        "accumulated_operating_revenue_yoy": -6.927299036974204, 
        "accumulated_operating_revenue": 1492216, 
        "long_term_average": 124351, 
        "date": "2013-12-31", 
        "operating_revenue": 146780, 
        "short_term_average": 138435
    }, 
    {
        "accumulated_operating_revenue_yoy": -29.07254094840402, 
        "accumulated_operating_revenue": 107348, 
        "long_term_average": 120684, 
        "date": "2014-01-31", 
        "operating_revenue": 107348, 
        "short_term_average": 132736
    }, 
    {
        "accumulated_operating_revenue_yoy": -15.12665768246714, 
        "accumulated_operating_revenue": 217280, 
        "long_term_average": 121124, 
        "date": "2014-02-28", 
        "operating_revenue": 109932, 
        "short_term_average": 121353
    }, 
    {
        "accumulated_operating_revenue_yoy": -17.72630419566023, 
        "accumulated_operating_revenue": 319709, 
        "long_term_average": 118611, 
        "date": "2014-03-31", 
        "operating_revenue": 102429, 
        "short_term_average": 106569
    }, 
    {
        "accumulated_operating_revenue_yoy": -20.11380471764677, 
        "accumulated_operating_revenue": 420052, 
        "long_term_average": 115537, 
        "date": "2014-04-30", 
        "operating_revenue": 100343, 
        "short_term_average": 104234
    }, 
    {
        "accumulated_operating_revenue_yoy": -17.25107458750739, 
        "accumulated_operating_revenue": 516513, 
        "long_term_average": 115378, 
        "date": "2014-05-31", 
        "operating_revenue": 96461, 
        "short_term_average": 99744
    }, 
    {
        "accumulated_operating_revenue_yoy": -16.57529472292449, 
        "accumulated_operating_revenue": 603204, 
        "long_term_average": 114364, 
        "date": "2014-06-30", 
        "operating_revenue": 86691, 
        "short_term_average": 94498
    }, 
    {
        "accumulated_operating_revenue_yoy": -17.107107191111183, 
        "accumulated_operating_revenue": 691432, 
        "long_term_average": 112460, 
        "date": "2014-07-31", 
        "operating_revenue": 88228, 
        "short_term_average": 90460
    }, 
    {
        "accumulated_operating_revenue_yoy": -18.040868093224113, 
        "accumulated_operating_revenue": 781927, 
        "long_term_average": 110008, 
        "date": "2014-08-31", 
        "operating_revenue": 90495, 
        "short_term_average": 88471
    }, 
    {
        "accumulated_operating_revenue_yoy": -20.315718119434305, 
        "accumulated_operating_revenue": 858128, 
        "long_term_average": 106119, 
        "date": "2014-09-30", 
        "operating_revenue": 76201, 
        "short_term_average": 84974
    }, 
    {
        "accumulated_operating_revenue_yoy": -23.277069040432714, 
        "accumulated_operating_revenue": 921714, 
        "long_term_average": 101048, 
        "date": "2014-10-31", 
        "operating_revenue": 63586, 
        "short_term_average": 76760
    }, 
    {
        "accumulated_operating_revenue_yoy": -26.33562651809525, 
        "accumulated_operating_revenue": 991107, 
        "long_term_average": 94823, 
        "date": "2014-11-30", 
        "operating_revenue": 69393, 
        "short_term_average": 69726
    }, 
    {
        "accumulated_operating_revenue_yoy": -28.87316581513668, 
        "accumulated_operating_revenue": 1061366, 
        "long_term_average": 88447, 
        "date": "2014-12-31", 
        "operating_revenue": 70259, 
        "short_term_average": 67746
    }, 
    {
        "accumulated_operating_revenue_yoy": -34.95826657226962, 
        "accumulated_operating_revenue": 69821, 
        "long_term_average": 85319, 
        "date": "2015-01-31", 
        "operating_revenue": 69821, 
        "short_term_average": 69824
    }, 
    {
        "accumulated_operating_revenue_yoy": -47.232603092783506, 
        "accumulated_operating_revenue": 114653, 
        "long_term_average": 79894, 
        "date": "2015-02-28", 
        "operating_revenue": 44832, 
        "short_term_average": 61637
    }, 
    {
        "accumulated_operating_revenue_yoy": -43.029442399181754, 
        "accumulated_operating_revenue": 182140, 
        "long_term_average": 76983, 
        "date": "2015-03-31", 
        "operating_revenue": 67487, 
        "short_term_average": 60713
    }, 
    {
        "accumulated_operating_revenue_yoy": -41.561044823021916, 
        "accumulated_operating_revenue": 245474, 
        "long_term_average": 73899, 
        "date": "2015-04-30", 
        "operating_revenue": 63334, 
        "short_term_average": 58551
    }, 
    {
        "accumulated_operating_revenue_yoy": -41.170890180886055, 
        "accumulated_operating_revenue": 303860, 
        "long_term_average": 70726, 
        "date": "2015-05-31", 
        "operating_revenue": 58386, 
        "short_term_average": 63069
    }, 
    {
        "accumulated_operating_revenue_yoy": -40.04001962851705, 
        "accumulated_operating_revenue": 361681, 
        "long_term_average": 68320, 
        "date": "2015-06-30", 
        "operating_revenue": 57821, 
        "short_term_average": 59847
    }, 
    {
        "accumulated_operating_revenue_yoy": -40.39760959863009, 
        "accumulated_operating_revenue": 412110, 
        "long_term_average": 65170, 
        "date": "2015-07-31", 
        "operating_revenue": 50429, 
        "short_term_average": 55545
    }, 
    {
        "accumulated_operating_revenue_yoy": -41.19489415252319, 
        "accumulated_operating_revenue": 459813, 
        "long_term_average": 61604, 
        "date": "2015-08-31", 
        "operating_revenue": 47703, 
        "short_term_average": 51984
    }, 
    {
        "accumulated_operating_revenue_yoy": -40.777716144910784, 
        "accumulated_operating_revenue": 508203, 
        "long_term_average": 59286, 
        "date": "2015-09-30", 
        "operating_revenue": 48390, 
        "short_term_average": 48840
    }
]