[
    {
        "date": "2012-01-31", 
        "operating_revenue": 49103, 
        "accumulated_operating_revenue": 49103, 
        "long_term_average": 49103, 
        "short_term_average": 49103
    }, 
    {
        "date": "2012-02-29", 
        "operating_revenue": 51272, 
        "accumulated_operating_revenue": 100375, 
        "long_term_average": 50187, 
        "short_term_average": 50187
    }, 
    {
        "date": "2012-03-31", 
        "operating_revenue": 55459, 
        "accumulated_operating_revenue": 155834, 
        "long_term_average": 51944, 
        "short_term_average": 51944
    }, 
    {
        "date": "2012-04-30", 
        "operating_revenue": 60566, 
        "accumulated_operating_revenue": 216400, 
        "long_term_average": 54100, 
        "short_term_average": 55765
    }, 
    {
        "date": "2012-05-31", 
        "operating_revenue": 55054, 
        "accumulated_operating_revenue": 271454, 
        "long_term_average": 54290, 
        "short_term_average": 57026
    }, 
    {
        "date": "2012-06-30", 
        "operating_revenue": 70820, 
        "accumulated_operating_revenue": 342274, 
        "long_term_average": 57045, 
        "short_term_average": 62146
    }, 
    {
        "date": "2012-07-31", 
        "operating_revenue": 64808, 
        "accumulated_operating_revenue": 407082, 
        "long_term_average": 58154, 
        "short_term_average": 63560
    }, 
    {
        "date": "2012-08-31", 
        "operating_revenue": 87820, 
        "accumulated_operating_revenue": 494902, 
        "long_term_average": 61862, 
        "short_term_average": 74482
    }, 
    {
        "date": "2012-09-30", 
        "operating_revenue": 100079, 
        "accumulated_operating_revenue": 594981, 
        "long_term_average": 66109, 
        "short_term_average": 84235
    }, 
    {
        "date": "2012-10-31", 
        "operating_revenue": 86783, 
        "accumulated_operating_revenue": 681764, 
        "long_term_average": 68176, 
        "short_term_average": 91560
    }, 
    {
        "date": "2012-11-30", 
        "operating_revenue": 81879, 
        "accumulated_operating_revenue": 763643, 
        "long_term_average": 69422, 
        "short_term_average": 89580
    }, 
    {
        "date": "2012-12-31", 
        "operating_revenue": 107781, 
        "accumulated_operating_revenue": 871424, 
        "long_term_average": 72618, 
        "short_term_average": 92147
    }, 
    {
        "accumulated_operating_revenue_yoy": 85.68315581532696, 
        "accumulated_operating_revenue": 91176, 
        "long_term_average": 76124, 
        "date": "2013-01-31", 
        "operating_revenue": 91176, 
        "short_term_average": 93612
    }, 
    {
        "accumulated_operating_revenue_yoy": 76.16737235367373, 
        "accumulated_operating_revenue": 176828, 
        "long_term_average": 78989, 
        "date": "2013-02-28", 
        "operating_revenue": 85652, 
        "short_term_average": 94869
    }, 
    {
        "accumulated_operating_revenue_yoy": 69.54451531758153, 
        "accumulated_operating_revenue": 264208, 
        "long_term_average": 81649, 
        "date": "2013-03-31", 
        "operating_revenue": 87380, 
        "short_term_average": 88069
    }, 
    {
        "accumulated_operating_revenue_yoy": 59.77449168207024, 
        "accumulated_operating_revenue": 345752, 
        "long_term_average": 83398, 
        "date": "2013-04-30", 
        "operating_revenue": 81544, 
        "short_term_average": 84858
    }, 
    {
        "accumulated_operating_revenue_yoy": 64.75314417912426, 
        "accumulated_operating_revenue": 447229, 
        "long_term_average": 87266, 
        "date": "2013-05-31", 
        "operating_revenue": 101477, 
        "short_term_average": 90133
    }, 
    {
        "accumulated_operating_revenue_yoy": 52.42028316494972, 
        "accumulated_operating_revenue": 521695, 
        "long_term_average": 87570, 
        "date": "2013-06-30", 
        "operating_revenue": 74466, 
        "short_term_average": 85829
    }, 
    {
        "accumulated_operating_revenue_yoy": 46.89964184120153, 
        "accumulated_operating_revenue": 598002, 
        "long_term_average": 88528, 
        "date": "2013-07-31", 
        "operating_revenue": 76307, 
        "short_term_average": 84083
    }, 
    {
        "accumulated_operating_revenue_yoy": 35.24212874468077, 
        "accumulated_operating_revenue": 669316, 
        "long_term_average": 87153, 
        "date": "2013-08-31", 
        "operating_revenue": 71314, 
        "short_term_average": 74029
    }, 
    {
        "accumulated_operating_revenue_yoy": 26.279998857106364, 
        "accumulated_operating_revenue": 751342, 
        "long_term_average": 85648, 
        "date": "2013-09-30", 
        "operating_revenue": 82026, 
        "short_term_average": 76549
    }, 
    {
        "accumulated_operating_revenue_yoy": 20.661108536091668, 
        "accumulated_operating_revenue": 822624, 
        "long_term_average": 84357, 
        "date": "2013-10-31", 
        "operating_revenue": 71282, 
        "short_term_average": 74874
    }, 
    {
        "accumulated_operating_revenue_yoy": 16.897293630662496, 
        "accumulated_operating_revenue": 892678, 
        "long_term_average": 83371, 
        "date": "2013-11-30", 
        "operating_revenue": 70054, 
        "short_term_average": 74454
    }, 
    {
        "accumulated_operating_revenue_yoy": 12.39236009106933, 
        "accumulated_operating_revenue": 979414, 
        "long_term_average": 81617, 
        "date": "2013-12-31", 
        "operating_revenue": 86736, 
        "short_term_average": 76024
    }, 
    {
        "accumulated_operating_revenue_yoy": -27.45349653417566, 
        "accumulated_operating_revenue": 66145, 
        "long_term_average": 79531, 
        "date": "2014-01-31", 
        "operating_revenue": 66145, 
        "short_term_average": 74311
    }, 
    {
        "accumulated_operating_revenue_yoy": -24.380188657904856, 
        "accumulated_operating_revenue": 133717, 
        "long_term_average": 78025, 
        "date": "2014-02-28", 
        "operating_revenue": 67572, 
        "short_term_average": 73484
    }, 
    {
        "accumulated_operating_revenue_yoy": -20.60876279295101, 
        "accumulated_operating_revenue": 209758, 
        "long_term_average": 77080, 
        "date": "2014-03-31", 
        "operating_revenue": 76041, 
        "short_term_average": 69919
    }, 
    {
        "accumulated_operating_revenue_yoy": -17.92932506536477, 
        "accumulated_operating_revenue": 283761, 
        "long_term_average": 76451, 
        "date": "2014-04-30", 
        "operating_revenue": 74003, 
        "short_term_average": 72538
    }, 
    {
        "accumulated_operating_revenue_yoy": -20.90964584139222, 
        "accumulated_operating_revenue": 353715, 
        "long_term_average": 73825, 
        "date": "2014-05-31", 
        "operating_revenue": 69954, 
        "short_term_average": 73332
    }, 
    {
        "accumulated_operating_revenue_yoy": -18.288080200116926, 
        "accumulated_operating_revenue": 426287, 
        "long_term_average": 73667, 
        "date": "2014-06-30", 
        "operating_revenue": 72572, 
        "short_term_average": 72176
    }, 
    {
        "accumulated_operating_revenue_yoy": -18.365657639941006, 
        "accumulated_operating_revenue": 488175, 
        "long_term_average": 72465, 
        "date": "2014-07-31", 
        "operating_revenue": 61888, 
        "short_term_average": 68138
    }, 
    {
        "accumulated_operating_revenue_yoy": -17.045013117869587, 
        "accumulated_operating_revenue": 555231, 
        "long_term_average": 72110, 
        "date": "2014-08-31", 
        "operating_revenue": 67056, 
        "short_term_average": 67172
    }, 
    {
        "accumulated_operating_revenue_yoy": -14.452938874706858, 
        "accumulated_operating_revenue": 642751, 
        "long_term_average": 72568, 
        "date": "2014-09-30", 
        "operating_revenue": 87520, 
        "short_term_average": 72154
    }, 
    {
        "accumulated_operating_revenue_yoy": -10.421772279923756, 
        "accumulated_operating_revenue": 736892, 
        "long_term_average": 74473, 
        "date": "2014-10-31", 
        "operating_revenue": 94141, 
        "short_term_average": 82905
    }, 
    {
        "accumulated_operating_revenue_yoy": -2.290523570649215, 
        "accumulated_operating_revenue": 872231, 
        "long_term_average": 79913, 
        "date": "2014-11-30", 
        "operating_revenue": 135339, 
        "short_term_average": 105666
    }, 
    {
        "accumulated_operating_revenue_yoy": 2.7469486856426393, 
        "accumulated_operating_revenue": 1006318, 
        "long_term_average": 83859, 
        "date": "2014-12-31", 
        "operating_revenue": 134087, 
        "short_term_average": 121189
    }, 
    {
        "accumulated_operating_revenue_yoy": 32.729609191926826, 
        "accumulated_operating_revenue": 87794, 
        "long_term_average": 85663, 
        "date": "2015-01-31", 
        "operating_revenue": 87794, 
        "short_term_average": 119073
    }, 
    {
        "accumulated_operating_revenue_yoy": 17.91170905718794, 
        "accumulated_operating_revenue": 157668, 
        "long_term_average": 85855, 
        "date": "2015-02-28", 
        "operating_revenue": 69874, 
        "short_term_average": 97251
    }, 
    {
        "accumulated_operating_revenue_yoy": 27.13507947253502, 
        "accumulated_operating_revenue": 266676, 
        "long_term_average": 88603, 
        "date": "2015-03-31", 
        "operating_revenue": 109008, 
        "short_term_average": 88892
    }, 
    {
        "accumulated_operating_revenue_yoy": 34.30774489799514, 
        "accumulated_operating_revenue": 381113, 
        "long_term_average": 91972, 
        "date": "2015-04-30", 
        "operating_revenue": 114437, 
        "short_term_average": 97773
    }, 
    {
        "accumulated_operating_revenue_yoy": 43.647852084305164, 
        "accumulated_operating_revenue": 508104, 
        "long_term_average": 96725, 
        "date": "2015-05-31", 
        "operating_revenue": 126991, 
        "short_term_average": 116812
    }, 
    {
        "accumulated_operating_revenue_yoy": 53.17943075908953, 
        "accumulated_operating_revenue": 652984, 
        "long_term_average": 102751, 
        "date": "2015-06-30", 
        "operating_revenue": 144880, 
        "short_term_average": 128769
    }, 
    {
        "accumulated_operating_revenue_yoy": 63.025349516054696, 
        "accumulated_operating_revenue": 795849, 
        "long_term_average": 109499, 
        "date": "2015-07-31", 
        "operating_revenue": 142865, 
        "short_term_average": 138245
    }, 
    {
        "accumulated_operating_revenue_yoy": 64.58158856403912, 
        "accumulated_operating_revenue": 913808, 
        "long_term_average": 113741, 
        "date": "2015-08-31", 
        "operating_revenue": 117959, 
        "short_term_average": 135234
    }
]