[
    {
        "date": "2011-09-30", 
        "operating_revenue": 102309, 
        "accumulated_operating_revenue": 102309, 
        "long_term_average": 102309, 
        "short_term_average": 102309
    }, 
    {
        "date": "2011-10-31", 
        "operating_revenue": 75358, 
        "accumulated_operating_revenue": 177667, 
        "long_term_average": 88833, 
        "short_term_average": 88833
    }, 
    {
        "date": "2011-11-30", 
        "operating_revenue": 54360, 
        "accumulated_operating_revenue": 232027, 
        "long_term_average": 77342, 
        "short_term_average": 77342
    }, 
    {
        "date": "2011-12-31", 
        "operating_revenue": 68047, 
        "accumulated_operating_revenue": 300074, 
        "long_term_average": 75018, 
        "short_term_average": 65921
    }, 
    {
        "date": "2012-01-31", 
        "operating_revenue": 40014, 
        "accumulated_operating_revenue": 40014, 
        "long_term_average": 68017, 
        "short_term_average": 54140
    }, 
    {
        "date": "2012-02-29", 
        "operating_revenue": 61970, 
        "accumulated_operating_revenue": 101984, 
        "long_term_average": 67009, 
        "short_term_average": 56677
    }, 
    {
        "date": "2012-03-31", 
        "operating_revenue": 117101, 
        "accumulated_operating_revenue": 219085, 
        "long_term_average": 74165, 
        "short_term_average": 73028
    }, 
    {
        "date": "2012-04-30", 
        "operating_revenue": 73217, 
        "accumulated_operating_revenue": 292302, 
        "long_term_average": 74047, 
        "short_term_average": 84096
    }, 
    {
        "date": "2012-05-31", 
        "operating_revenue": 82946, 
        "accumulated_operating_revenue": 375248, 
        "long_term_average": 75035, 
        "short_term_average": 91088
    }, 
    {
        "date": "2012-06-30", 
        "operating_revenue": 69868, 
        "accumulated_operating_revenue": 445116, 
        "long_term_average": 74519, 
        "short_term_average": 75343
    }, 
    {
        "date": "2012-07-31", 
        "operating_revenue": 62730, 
        "accumulated_operating_revenue": 507846, 
        "long_term_average": 73447, 
        "short_term_average": 71848
    }, 
    {
        "date": "2012-08-31", 
        "operating_revenue": 47327, 
        "accumulated_operating_revenue": 555173, 
        "long_term_average": 71270, 
        "short_term_average": 59975
    }, 
    {
        "accumulated_operating_revenue_yoy": 506.65141874126425, 
        "accumulated_operating_revenue": 620659, 
        "long_term_average": 68202, 
        "date": "2012-09-30", 
        "operating_revenue": 65486, 
        "short_term_average": 58514
    }, 
    {
        "accumulated_operating_revenue_yoy": 290.1624950046998, 
        "accumulated_operating_revenue": 693190, 
        "long_term_average": 67966, 
        "date": "2012-10-31", 
        "operating_revenue": 72531, 
        "short_term_average": 61781
    }, 
    {
        "accumulated_operating_revenue_yoy": 235.64585156037876, 
        "accumulated_operating_revenue": 778789, 
        "long_term_average": 70569, 
        "date": "2012-11-30", 
        "operating_revenue": 85599, 
        "short_term_average": 74538
    }, 
    {
        "accumulated_operating_revenue_yoy": 190.47968167851928, 
        "accumulated_operating_revenue": 871654, 
        "long_term_average": 72637, 
        "date": "2012-12-31", 
        "operating_revenue": 92865, 
        "short_term_average": 83665
    }, 
    {
        "accumulated_operating_revenue_yoy": 101.53196381266557, 
        "accumulated_operating_revenue": 80641, 
        "long_term_average": 76023, 
        "date": "2013-01-31", 
        "operating_revenue": 80641, 
        "short_term_average": 86368
    }, 
    {
        "accumulated_operating_revenue_yoy": 27.19152023846878, 
        "accumulated_operating_revenue": 129715, 
        "long_term_average": 74948, 
        "date": "2013-02-28", 
        "operating_revenue": 49074, 
        "short_term_average": 74193
    }, 
    {
        "accumulated_operating_revenue_yoy": -6.866284775315516, 
        "accumulated_operating_revenue": 204042, 
        "long_term_average": 71384, 
        "date": "2013-03-31", 
        "operating_revenue": 74327, 
        "short_term_average": 68014
    }, 
    {
        "accumulated_operating_revenue_yoy": -11.514461071084016, 
        "accumulated_operating_revenue": 258645, 
        "long_term_average": 69833, 
        "date": "2013-04-30", 
        "operating_revenue": 54603, 
        "short_term_average": 59334
    }, 
    {
        "accumulated_operating_revenue_yoy": -16.622340425531913, 
        "accumulated_operating_revenue": 312873, 
        "long_term_average": 67439, 
        "date": "2013-05-31", 
        "operating_revenue": 54228, 
        "short_term_average": 61052
    }, 
    {
        "accumulated_operating_revenue_yoy": -13.710807969158601, 
        "accumulated_operating_revenue": 384087, 
        "long_term_average": 67552, 
        "date": "2013-06-30", 
        "operating_revenue": 71214, 
        "short_term_average": 60015
    }, 
    {
        "accumulated_operating_revenue_yoy": -13.333963445611467, 
        "accumulated_operating_revenue": 440130, 
        "long_term_average": 66994, 
        "date": "2013-07-31", 
        "operating_revenue": 56043, 
        "short_term_average": 60495
    }, 
    {
        "accumulated_operating_revenue_yoy": -12.19980078281905, 
        "accumulated_operating_revenue": 487443, 
        "long_term_average": 66993, 
        "date": "2013-08-31", 
        "operating_revenue": 47313, 
        "short_term_average": 58190
    }, 
    {
        "accumulated_operating_revenue_yoy": -13.282494896553501, 
        "accumulated_operating_revenue": 538220, 
        "long_term_average": 65767, 
        "date": "2013-09-30", 
        "operating_revenue": 50777, 
        "short_term_average": 51377
    }, 
    {
        "accumulated_operating_revenue_yoy": -14.21313059911424, 
        "accumulated_operating_revenue": 594666, 
        "long_term_average": 64427, 
        "date": "2013-10-31", 
        "operating_revenue": 56446, 
        "short_term_average": 51512
    }, 
    {
        "accumulated_operating_revenue_yoy": -16.494198043372464, 
        "accumulated_operating_revenue": 650334, 
        "long_term_average": 61933, 
        "date": "2013-11-30", 
        "operating_revenue": 55668, 
        "short_term_average": 54297
    }, 
    {
        "accumulated_operating_revenue_yoy": -17.470349473529634, 
        "accumulated_operating_revenue": 719373, 
        "long_term_average": 59947, 
        "date": "2013-12-31", 
        "operating_revenue": 69039, 
        "short_term_average": 60384
    }, 
    {
        "accumulated_operating_revenue_yoy": -54.91499361367047, 
        "accumulated_operating_revenue": 36357, 
        "long_term_average": 56257, 
        "date": "2014-01-31", 
        "operating_revenue": 36357, 
        "short_term_average": 53688
    }, 
    {
        "accumulated_operating_revenue_yoy": -44.144470570095976, 
        "accumulated_operating_revenue": 72453, 
        "long_term_average": 55175, 
        "date": "2014-02-28", 
        "operating_revenue": 36096, 
        "short_term_average": 47164
    }, 
    {
        "accumulated_operating_revenue_yoy": -37.02816086884073, 
        "accumulated_operating_revenue": 128489, 
        "long_term_average": 53651, 
        "date": "2014-03-31", 
        "operating_revenue": 56036, 
        "short_term_average": 42829
    }, 
    {
        "accumulated_operating_revenue_yoy": -24.917164453208066, 
        "accumulated_operating_revenue": 194198, 
        "long_term_average": 54577, 
        "date": "2014-04-30", 
        "operating_revenue": 65709, 
        "short_term_average": 52613
    }, 
    {
        "accumulated_operating_revenue_yoy": -16.353280724127682, 
        "accumulated_operating_revenue": 261708, 
        "long_term_average": 55684, 
        "date": "2014-05-31", 
        "operating_revenue": 67510, 
        "short_term_average": 63085
    }, 
    {
        "accumulated_operating_revenue_yoy": -13.431592321531319, 
        "accumulated_operating_revenue": 332498, 
        "long_term_average": 55648, 
        "date": "2014-06-30", 
        "operating_revenue": 70790, 
        "short_term_average": 68003
    }, 
    {
        "accumulated_operating_revenue_yoy": -7.7322609229091395, 
        "accumulated_operating_revenue": 406098, 
        "long_term_average": 57111, 
        "date": "2014-07-31", 
        "operating_revenue": 73600, 
        "short_term_average": 70633
    }, 
    {
        "accumulated_operating_revenue_yoy": -1.8627819047560432, 
        "accumulated_operating_revenue": 478363, 
        "long_term_average": 59191, 
        "date": "2014-08-31", 
        "operating_revenue": 72265, 
        "short_term_average": 72218
    }, 
    {
        "accumulated_operating_revenue_yoy": 4.991081713797332, 
        "accumulated_operating_revenue": 565083, 
        "long_term_average": 62186, 
        "date": "2014-09-30", 
        "operating_revenue": 86720, 
        "short_term_average": 77528
    }, 
    {
        "accumulated_operating_revenue_yoy": 7.067160389193261, 
        "accumulated_operating_revenue": 636692, 
        "long_term_average": 63449, 
        "date": "2014-10-31", 
        "operating_revenue": 71609, 
        "short_term_average": 76864
    }, 
    {
        "accumulated_operating_revenue_yoy": 8.886510623771784, 
        "accumulated_operating_revenue": 708126, 
        "long_term_average": 64763, 
        "date": "2014-11-30", 
        "operating_revenue": 71434, 
        "short_term_average": 76587
    }, 
    {
        "accumulated_operating_revenue_yoy": 6.973989849493935, 
        "accumulated_operating_revenue": 769542, 
        "long_term_average": 64128, 
        "date": "2014-12-31", 
        "operating_revenue": 61416, 
        "short_term_average": 68153
    }, 
    {
        "accumulated_operating_revenue_yoy": 51.95148114530902, 
        "accumulated_operating_revenue": 55245, 
        "long_term_average": 65702, 
        "date": "2015-01-31", 
        "operating_revenue": 55245, 
        "short_term_average": 62698
    }, 
    {
        "accumulated_operating_revenue_yoy": 40.034229086442245, 
        "accumulated_operating_revenue": 101459, 
        "long_term_average": 66545, 
        "date": "2015-02-28", 
        "operating_revenue": 46214, 
        "short_term_average": 54291
    }, 
    {
        "accumulated_operating_revenue_yoy": 34.347687350668146, 
        "accumulated_operating_revenue": 172622, 
        "long_term_average": 67806, 
        "date": "2015-03-31", 
        "operating_revenue": 71163, 
        "short_term_average": 57540
    }, 
    {
        "accumulated_operating_revenue_yoy": 33.04153492826909, 
        "accumulated_operating_revenue": 258364, 
        "long_term_average": 69475, 
        "date": "2015-04-30", 
        "operating_revenue": 85742, 
        "short_term_average": 67706
    }, 
    {
        "accumulated_operating_revenue_yoy": 30.33609977532212, 
        "accumulated_operating_revenue": 341100, 
        "long_term_average": 70744, 
        "date": "2015-05-31", 
        "operating_revenue": 82736, 
        "short_term_average": 79880
    }, 
    {
        "accumulated_operating_revenue_yoy": 26.440159038550608, 
        "accumulated_operating_revenue": 420411, 
        "long_term_average": 71454, 
        "date": "2015-06-30", 
        "operating_revenue": 79311, 
        "short_term_average": 82596
    }, 
    {
        "accumulated_operating_revenue_yoy": 16.15028884653458, 
        "accumulated_operating_revenue": 471684, 
        "long_term_average": 69594, 
        "date": "2015-07-31", 
        "operating_revenue": 51273, 
        "short_term_average": 71106
    }, 
    {
        "accumulated_operating_revenue_yoy": 10.24744806768082, 
        "accumulated_operating_revenue": 527383, 
        "long_term_average": 68213, 
        "date": "2015-08-31", 
        "operating_revenue": 55699, 
        "short_term_average": 62094
    }, 
    {
        "accumulated_operating_revenue_yoy": 7.6999308066248675, 
        "accumulated_operating_revenue": 608594, 
        "long_term_average": 67754, 
        "date": "2015-09-30", 
        "operating_revenue": 81211, 
        "short_term_average": 62727
    }
]