[
    {
        "date": "2012-01-31", 
        "operating_revenue": 105404, 
        "accumulated_operating_revenue": 105404, 
        "long_term_average": 105404, 
        "short_term_average": 105404
    }, 
    {
        "date": "2012-02-29", 
        "operating_revenue": 102302, 
        "accumulated_operating_revenue": 207706, 
        "long_term_average": 103853, 
        "short_term_average": 103853
    }, 
    {
        "date": "2012-03-31", 
        "operating_revenue": 101248, 
        "accumulated_operating_revenue": 308954, 
        "long_term_average": 102984, 
        "short_term_average": 102984
    }, 
    {
        "date": "2012-04-30", 
        "operating_revenue": 78289, 
        "accumulated_operating_revenue": 387243, 
        "long_term_average": 96810, 
        "short_term_average": 93946
    }, 
    {
        "date": "2012-05-31", 
        "operating_revenue": 81468, 
        "accumulated_operating_revenue": 468711, 
        "long_term_average": 93742, 
        "short_term_average": 87001
    }, 
    {
        "date": "2012-06-30", 
        "operating_revenue": 90146, 
        "accumulated_operating_revenue": 558857, 
        "long_term_average": 93142, 
        "short_term_average": 83301
    }, 
    {
        "date": "2012-07-31", 
        "operating_revenue": 87475, 
        "accumulated_operating_revenue": 646332, 
        "long_term_average": 92333, 
        "short_term_average": 86363
    }, 
    {
        "date": "2012-08-31", 
        "operating_revenue": 83665, 
        "accumulated_operating_revenue": 729997, 
        "long_term_average": 91249, 
        "short_term_average": 87095
    }, 
    {
        "date": "2012-09-30", 
        "operating_revenue": 75234, 
        "accumulated_operating_revenue": 805231, 
        "long_term_average": 89470, 
        "short_term_average": 82124
    }, 
    {
        "date": "2012-10-31", 
        "operating_revenue": 81734, 
        "accumulated_operating_revenue": 886965, 
        "long_term_average": 88696, 
        "short_term_average": 80211
    }, 
    {
        "date": "2012-11-30", 
        "operating_revenue": 76258, 
        "accumulated_operating_revenue": 963223, 
        "long_term_average": 87565, 
        "short_term_average": 77742
    }, 
    {
        "date": "2012-12-31", 
        "operating_revenue": 47806, 
        "accumulated_operating_revenue": 1011029, 
        "long_term_average": 84252, 
        "short_term_average": 68599
    }, 
    {
        "accumulated_operating_revenue_yoy": -46.53903077682061, 
        "accumulated_operating_revenue": 56350, 
        "long_term_average": 80164, 
        "date": "2013-01-31", 
        "operating_revenue": 56350, 
        "short_term_average": 60138
    }, 
    {
        "accumulated_operating_revenue_yoy": -45.69920945952452, 
        "accumulated_operating_revenue": 112786, 
        "long_term_average": 76342, 
        "date": "2013-02-28", 
        "operating_revenue": 56436, 
        "short_term_average": 53530
    }, 
    {
        "accumulated_operating_revenue_yoy": -42.84521320326003, 
        "accumulated_operating_revenue": 176582, 
        "long_term_average": 73221, 
        "date": "2013-03-31", 
        "operating_revenue": 63796, 
        "short_term_average": 58860
    }, 
    {
        "accumulated_operating_revenue_yoy": -33.562904945989985, 
        "accumulated_operating_revenue": 257273, 
        "long_term_average": 73421, 
        "date": "2013-04-30", 
        "operating_revenue": 80691, 
        "short_term_average": 66974
    }, 
    {
        "accumulated_operating_revenue_yoy": -27.467458625891005, 
        "accumulated_operating_revenue": 339968, 
        "long_term_average": 73523, 
        "date": "2013-05-31", 
        "operating_revenue": 82695, 
        "short_term_average": 75727
    }, 
    {
        "accumulated_operating_revenue_yoy": -25.886228498524666, 
        "accumulated_operating_revenue": 414190, 
        "long_term_average": 72196, 
        "date": "2013-06-30", 
        "operating_revenue": 74222, 
        "short_term_average": 79202
    }, 
    {
        "accumulated_operating_revenue_yoy": -20.01216093277139, 
        "accumulated_operating_revenue": 516987, 
        "long_term_average": 73473, 
        "date": "2013-07-31", 
        "operating_revenue": 102797, 
        "short_term_average": 86571
    }, 
    {
        "accumulated_operating_revenue_yoy": -13.519781588143513, 
        "accumulated_operating_revenue": 631303, 
        "long_term_average": 76027, 
        "date": "2013-08-31", 
        "operating_revenue": 114316, 
        "short_term_average": 97111
    }, 
    {
        "accumulated_operating_revenue_yoy": -13.303511663112822, 
        "accumulated_operating_revenue": 698107, 
        "long_term_average": 75325, 
        "date": "2013-09-30", 
        "operating_revenue": 66804, 
        "short_term_average": 94639
    }, 
    {
        "accumulated_operating_revenue_yoy": -12.225285101441433, 
        "accumulated_operating_revenue": 778531, 
        "long_term_average": 75216, 
        "date": "2013-10-31", 
        "operating_revenue": 80424, 
        "short_term_average": 87181
    }, 
    {
        "accumulated_operating_revenue_yoy": -9.497177704436044, 
        "accumulated_operating_revenue": 871744, 
        "long_term_average": 76629, 
        "date": "2013-11-30", 
        "operating_revenue": 93213, 
        "short_term_average": 80147
    }, 
    {
        "accumulated_operating_revenue_yoy": -4.274555922728231, 
        "accumulated_operating_revenue": 967812, 
        "long_term_average": 80651, 
        "date": "2013-12-31", 
        "operating_revenue": 96068, 
        "short_term_average": 89901
    }, 
    {
        "accumulated_operating_revenue_yoy": 92.46495119787045, 
        "accumulated_operating_revenue": 108454, 
        "long_term_average": 84993, 
        "date": "2014-01-31", 
        "operating_revenue": 108454, 
        "short_term_average": 99245
    }, 
    {
        "accumulated_operating_revenue_yoy": 79.14014150692462, 
        "accumulated_operating_revenue": 202045, 
        "long_term_average": 88089, 
        "date": "2014-02-28", 
        "operating_revenue": 93591, 
        "short_term_average": 99371
    }, 
    {
        "accumulated_operating_revenue_yoy": 59.04339060606404, 
        "accumulated_operating_revenue": 280842, 
        "long_term_average": 89339, 
        "date": "2014-03-31", 
        "operating_revenue": 78797, 
        "short_term_average": 93614
    }, 
    {
        "accumulated_operating_revenue_yoy": 57.176229141806566, 
        "accumulated_operating_revenue": 404372, 
        "long_term_average": 92909, 
        "date": "2014-04-30", 
        "operating_revenue": 123530, 
        "short_term_average": 98639
    }, 
    {
        "accumulated_operating_revenue_yoy": 54.12450583584337, 
        "accumulated_operating_revenue": 523974, 
        "long_term_average": 95984, 
        "date": "2014-05-31", 
        "operating_revenue": 119602, 
        "short_term_average": 107309
    }, 
    {
        "accumulated_operating_revenue_yoy": 54.31661797725681, 
        "accumulated_operating_revenue": 639164, 
        "long_term_average": 99398, 
        "date": "2014-06-30", 
        "operating_revenue": 115190, 
        "short_term_average": 119440
    }, 
    {
        "accumulated_operating_revenue_yoy": 49.98133415347001, 
        "accumulated_operating_revenue": 775384, 
        "long_term_average": 102184, 
        "date": "2014-07-31", 
        "operating_revenue": 136220, 
        "short_term_average": 123670
    }, 
    {
        "accumulated_operating_revenue_yoy": 43.820004023424566, 
        "accumulated_operating_revenue": 907940, 
        "long_term_average": 103704, 
        "date": "2014-08-31", 
        "operating_revenue": 132556, 
        "short_term_average": 127988
    }, 
    {
        "accumulated_operating_revenue_yoy": 50.463181145583704, 
        "accumulated_operating_revenue": 1050394, 
        "long_term_average": 110008, 
        "date": "2014-09-30", 
        "operating_revenue": 142454, 
        "short_term_average": 137076
    }, 
    {
        "accumulated_operating_revenue_yoy": 55.34281871884357, 
        "accumulated_operating_revenue": 1209392, 
        "long_term_average": 116556, 
        "date": "2014-10-31", 
        "operating_revenue": 158998, 
        "short_term_average": 144669
    }, 
    {
        "accumulated_operating_revenue_yoy": 53.83289130753983, 
        "accumulated_operating_revenue": 1341029, 
        "long_term_average": 119758, 
        "date": "2014-11-30", 
        "operating_revenue": 131637, 
        "short_term_average": 144363
    }, 
    {
        "accumulated_operating_revenue_yoy": 50.74260290221655, 
        "accumulated_operating_revenue": 1458905, 
        "long_term_average": 121575, 
        "date": "2014-12-31", 
        "operating_revenue": 117876, 
        "short_term_average": 136170
    }, 
    {
        "accumulated_operating_revenue_yoy": 39.96901912331495, 
        "accumulated_operating_revenue": 151802, 
        "long_term_average": 125187, 
        "date": "2015-01-31", 
        "operating_revenue": 151802, 
        "short_term_average": 133771
    }, 
    {
        "accumulated_operating_revenue_yoy": 23.657106090227426, 
        "accumulated_operating_revenue": 249843, 
        "long_term_average": 125558, 
        "date": "2015-02-28", 
        "operating_revenue": 98041, 
        "short_term_average": 122573
    }, 
    {
        "accumulated_operating_revenue_yoy": 26.74172666481509, 
        "accumulated_operating_revenue": 355944, 
        "long_term_average": 127833, 
        "date": "2015-03-31", 
        "operating_revenue": 106101, 
        "short_term_average": 118648
    }, 
    {
        "accumulated_operating_revenue_yoy": 19.658631161405836, 
        "accumulated_operating_revenue": 483866, 
        "long_term_average": 128199, 
        "date": "2015-04-30", 
        "operating_revenue": 127922, 
        "short_term_average": 110688
    }, 
    {
        "accumulated_operating_revenue_yoy": 14.722295381068525, 
        "accumulated_operating_revenue": 601115, 
        "long_term_average": 128003, 
        "date": "2015-05-31", 
        "operating_revenue": 117249, 
        "short_term_average": 117090
    }, 
    {
        "accumulated_operating_revenue_yoy": 9.847394408946688, 
        "accumulated_operating_revenue": 702105, 
        "long_term_average": 126820, 
        "date": "2015-06-30", 
        "operating_revenue": 100990, 
        "short_term_average": 115387
    }, 
    {
        "accumulated_operating_revenue_yoy": 9.059253221629541, 
        "accumulated_operating_revenue": 845628, 
        "long_term_average": 127429, 
        "date": "2015-07-31", 
        "operating_revenue": 143523, 
        "short_term_average": 120587
    }, 
    {
        "accumulated_operating_revenue_yoy": 9.764301605832983, 
        "accumulated_operating_revenue": 996594, 
        "long_term_average": 128963, 
        "date": "2015-08-31", 
        "operating_revenue": 150966, 
        "short_term_average": 131826
    }, 
    {
        "accumulated_operating_revenue_yoy": 7.864477519863974, 
        "accumulated_operating_revenue": 1133002, 
        "long_term_average": 128459, 
        "date": "2015-09-30", 
        "operating_revenue": 136408, 
        "short_term_average": 143632
    }, 
    {
        "accumulated_operating_revenue_yoy": 5.723123685289798, 
        "accumulated_operating_revenue": 1278607, 
        "long_term_average": 127343, 
        "date": "2015-10-31", 
        "operating_revenue": 145605, 
        "short_term_average": 144326
    }
]