[
    {
        "date": "2011-09-30", 
        "operating_revenue": 103306, 
        "accumulated_operating_revenue": 103306, 
        "long_term_average": 103306, 
        "short_term_average": 103306
    }, 
    {
        "date": "2011-10-31", 
        "operating_revenue": 107408, 
        "accumulated_operating_revenue": 210714, 
        "long_term_average": 105357, 
        "short_term_average": 105357
    }, 
    {
        "date": "2011-11-30", 
        "operating_revenue": 83233, 
        "accumulated_operating_revenue": 293947, 
        "long_term_average": 97982, 
        "short_term_average": 97982
    }, 
    {
        "date": "2011-12-31", 
        "operating_revenue": 85977, 
        "accumulated_operating_revenue": 379924, 
        "long_term_average": 94981, 
        "short_term_average": 92206
    }, 
    {
        "date": "2012-01-31", 
        "operating_revenue": 81005, 
        "accumulated_operating_revenue": 81005, 
        "long_term_average": 92185, 
        "short_term_average": 83405
    }, 
    {
        "date": "2012-02-29", 
        "operating_revenue": 99201, 
        "accumulated_operating_revenue": 180206, 
        "long_term_average": 93355, 
        "short_term_average": 88727
    }, 
    {
        "date": "2012-03-31", 
        "operating_revenue": 104713, 
        "accumulated_operating_revenue": 284919, 
        "long_term_average": 94977, 
        "short_term_average": 94973
    }, 
    {
        "date": "2012-04-30", 
        "operating_revenue": 96517, 
        "accumulated_operating_revenue": 381436, 
        "long_term_average": 95170, 
        "short_term_average": 100143
    }, 
    {
        "date": "2012-05-31", 
        "operating_revenue": 105372, 
        "accumulated_operating_revenue": 486808, 
        "long_term_average": 96303, 
        "short_term_average": 102200
    }, 
    {
        "date": "2012-06-30", 
        "operating_revenue": 81977, 
        "accumulated_operating_revenue": 568785, 
        "long_term_average": 94870, 
        "short_term_average": 94622
    }, 
    {
        "date": "2012-07-31", 
        "operating_revenue": 71115, 
        "accumulated_operating_revenue": 639900, 
        "long_term_average": 92711, 
        "short_term_average": 86154
    }, 
    {
        "date": "2012-08-31", 
        "operating_revenue": 86836, 
        "accumulated_operating_revenue": 726736, 
        "long_term_average": 92221, 
        "short_term_average": 79976
    }, 
    {
        "accumulated_operating_revenue_yoy": 720.7819487735466, 
        "accumulated_operating_revenue": 847917, 
        "long_term_average": 93711, 
        "date": "2012-09-30", 
        "operating_revenue": 121181, 
        "short_term_average": 93044
    }, 
    {
        "accumulated_operating_revenue_yoy": 350.28664445646706, 
        "accumulated_operating_revenue": 948817, 
        "long_term_average": 93168, 
        "date": "2012-10-31", 
        "operating_revenue": 100900, 
        "short_term_average": 102972
    }, 
    {
        "accumulated_operating_revenue_yoy": 256.97999979588155, 
        "accumulated_operating_revenue": 1049332, 
        "long_term_average": 94609, 
        "date": "2012-11-30", 
        "operating_revenue": 100515, 
        "short_term_average": 107532
    }, 
    {
        "accumulated_operating_revenue_yoy": 198.26675861488087, 
        "accumulated_operating_revenue": 1133187, 
        "long_term_average": 94432, 
        "date": "2012-12-31", 
        "operating_revenue": 83855, 
        "short_term_average": 95090
    }, 
    {
        "accumulated_operating_revenue_yoy": 4.355286710696871, 
        "accumulated_operating_revenue": 84533, 
        "long_term_average": 94726, 
        "date": "2013-01-31", 
        "operating_revenue": 84533, 
        "short_term_average": 89634
    }, 
    {
        "accumulated_operating_revenue_yoy": -22.601356225652864, 
        "accumulated_operating_revenue": 139477, 
        "long_term_average": 91038, 
        "date": "2013-02-28", 
        "operating_revenue": 54944, 
        "short_term_average": 74444
    }, 
    {
        "accumulated_operating_revenue_yoy": -22.283526195164242, 
        "accumulated_operating_revenue": 221429, 
        "long_term_average": 89141, 
        "date": "2013-03-31", 
        "operating_revenue": 81952, 
        "short_term_average": 73809
    }, 
    {
        "accumulated_operating_revenue_yoy": -22.562107404649797, 
        "accumulated_operating_revenue": 295376, 
        "long_term_average": 87260, 
        "date": "2013-04-30", 
        "operating_revenue": 73947, 
        "short_term_average": 70281
    }, 
    {
        "accumulated_operating_revenue_yoy": -23.2711869977486, 
        "accumulated_operating_revenue": 373522, 
        "long_term_average": 84991, 
        "date": "2013-05-31", 
        "operating_revenue": 78146, 
        "short_term_average": 78015
    }, 
    {
        "accumulated_operating_revenue_yoy": -17.23322520811906, 
        "accumulated_operating_revenue": 470765, 
        "long_term_average": 86263, 
        "date": "2013-06-30", 
        "operating_revenue": 97243, 
        "short_term_average": 83112
    }, 
    {
        "accumulated_operating_revenue_yoy": -12.521331458040319, 
        "accumulated_operating_revenue": 559776, 
        "long_term_average": 87755, 
        "date": "2013-07-31", 
        "operating_revenue": 89011, 
        "short_term_average": 88133
    }, 
    {
        "accumulated_operating_revenue_yoy": -9.21558860439004, 
        "accumulated_operating_revenue": 659763, 
        "long_term_average": 88851, 
        "date": "2013-08-31", 
        "operating_revenue": 99987, 
        "short_term_average": 95413
    }, 
    {
        "accumulated_operating_revenue_yoy": -9.961706157560233, 
        "accumulated_operating_revenue": 763450, 
        "long_term_average": 87393, 
        "date": "2013-09-30", 
        "operating_revenue": 103687, 
        "short_term_average": 97561
    }, 
    {
        "accumulated_operating_revenue_yoy": -11.562714411735877, 
        "accumulated_operating_revenue": 839108, 
        "long_term_average": 85289, 
        "date": "2013-10-31", 
        "operating_revenue": 75658, 
        "short_term_average": 93110
    }, 
    {
        "accumulated_operating_revenue_yoy": -12.210720725185165, 
        "accumulated_operating_revenue": 921201, 
        "long_term_average": 83754, 
        "date": "2013-11-30", 
        "operating_revenue": 82093, 
        "short_term_average": 87146
    }, 
    {
        "accumulated_operating_revenue_yoy": -13.854200586487492, 
        "accumulated_operating_revenue": 976193, 
        "long_term_average": 81349, 
        "date": "2013-12-31", 
        "operating_revenue": 54992, 
        "short_term_average": 70914
    }, 
    {
        "accumulated_operating_revenue_yoy": -37.855038860563326, 
        "accumulated_operating_revenue": 52533, 
        "long_term_average": 78682, 
        "date": "2014-01-31", 
        "operating_revenue": 52533, 
        "short_term_average": 63206
    }, 
    {
        "accumulated_operating_revenue_yoy": -25.898176760326074, 
        "accumulated_operating_revenue": 103355, 
        "long_term_average": 78339, 
        "date": "2014-02-28", 
        "operating_revenue": 50822, 
        "short_term_average": 52782
    }, 
    {
        "accumulated_operating_revenue_yoy": -24.367630256199504, 
        "accumulated_operating_revenue": 167472, 
        "long_term_average": 76853, 
        "date": "2014-03-31", 
        "operating_revenue": 64117, 
        "short_term_average": 55824
    }, 
    {
        "accumulated_operating_revenue_yoy": -21.860611559503816, 
        "accumulated_operating_revenue": 230805, 
        "long_term_average": 75968, 
        "date": "2014-04-30", 
        "operating_revenue": 63333, 
        "short_term_average": 59424
    }, 
    {
        "accumulated_operating_revenue_yoy": -20.851516108823574, 
        "accumulated_operating_revenue": 295637, 
        "long_term_average": 74859, 
        "date": "2014-05-31", 
        "operating_revenue": 64832, 
        "short_term_average": 64094
    }, 
    {
        "accumulated_operating_revenue_yoy": -22.997886418913897, 
        "accumulated_operating_revenue": 362499, 
        "long_term_average": 72327, 
        "date": "2014-06-30", 
        "operating_revenue": 66862, 
        "short_term_average": 65009
    }, 
    {
        "accumulated_operating_revenue_yoy": -25.500914651574913, 
        "accumulated_operating_revenue": 417028, 
        "long_term_average": 69453, 
        "date": "2014-07-31", 
        "operating_revenue": 54529, 
        "short_term_average": 62074
    }, 
    {
        "accumulated_operating_revenue_yoy": -29.293246211139458, 
        "accumulated_operating_revenue": 466497, 
        "long_term_average": 65243, 
        "date": "2014-08-31", 
        "operating_revenue": 49469, 
        "short_term_average": 56953
    }, 
    {
        "accumulated_operating_revenue_yoy": -32.799135503307355, 
        "accumulated_operating_revenue": 513045, 
        "long_term_average": 60482, 
        "date": "2014-09-30", 
        "operating_revenue": 46548, 
        "short_term_average": 50182
    }, 
    {
        "accumulated_operating_revenue_yoy": -35.00061970568747, 
        "accumulated_operating_revenue": 545415, 
        "long_term_average": 56875, 
        "date": "2014-10-31", 
        "operating_revenue": 32370, 
        "short_term_average": 42795
    }, 
    {
        "accumulated_operating_revenue_yoy": -36.481723315541345, 
        "accumulated_operating_revenue": 585131, 
        "long_term_average": 53343, 
        "date": "2014-11-30", 
        "operating_revenue": 39716, 
        "short_term_average": 39544
    }, 
    {
        "accumulated_operating_revenue_yoy": -34.888387849533856, 
        "accumulated_operating_revenue": 635615, 
        "long_term_average": 52967, 
        "date": "2014-12-31", 
        "operating_revenue": 50484, 
        "short_term_average": 40856
    }, 
    {
        "accumulated_operating_revenue_yoy": -6.2722479203548245, 
        "accumulated_operating_revenue": 49238, 
        "long_term_average": 52693, 
        "date": "2015-01-31", 
        "operating_revenue": 49238, 
        "short_term_average": 46479
    }, 
    {
        "accumulated_operating_revenue_yoy": -20.234144453582314, 
        "accumulated_operating_revenue": 82442, 
        "long_term_average": 51225, 
        "date": "2015-02-28", 
        "operating_revenue": 33204, 
        "short_term_average": 44308
    }, 
    {
        "accumulated_operating_revenue_yoy": -21.9093340976402, 
        "accumulated_operating_revenue": 130780, 
        "long_term_average": 49910, 
        "date": "2015-03-31", 
        "operating_revenue": 48338, 
        "short_term_average": 43593
    }, 
    {
        "accumulated_operating_revenue_yoy": -21.24087433114534, 
        "accumulated_operating_revenue": 181780, 
        "long_term_average": 48882, 
        "date": "2015-04-30", 
        "operating_revenue": 51000, 
        "short_term_average": 44180
    }, 
    {
        "accumulated_operating_revenue_yoy": -19.83412089826375, 
        "accumulated_operating_revenue": 237000, 
        "long_term_average": 48081, 
        "date": "2015-05-31", 
        "operating_revenue": 55220, 
        "short_term_average": 51519
    }, 
    {
        "accumulated_operating_revenue_yoy": -20.08695196400542, 
        "accumulated_operating_revenue": 289684, 
        "long_term_average": 46900, 
        "date": "2015-06-30", 
        "operating_revenue": 52684, 
        "short_term_average": 52968
    }, 
    {
        "accumulated_operating_revenue_yoy": -17.009409440133517, 
        "accumulated_operating_revenue": 346094, 
        "long_term_average": 47056, 
        "date": "2015-07-31", 
        "operating_revenue": 56410, 
        "short_term_average": 54771
    }, 
    {
        "accumulated_operating_revenue_yoy": -13.820453293375948, 
        "accumulated_operating_revenue": 402025, 
        "long_term_average": 47595, 
        "date": "2015-08-31", 
        "operating_revenue": 55931, 
        "short_term_average": 55008
    }
]