[
    {
        "date": "2011-09-30", 
        "operating_revenue": 230776, 
        "accumulated_operating_revenue": 230776, 
        "long_term_average": 230776, 
        "short_term_average": 230776
    }, 
    {
        "date": "2011-10-31", 
        "operating_revenue": 147596, 
        "accumulated_operating_revenue": 378372, 
        "long_term_average": 189186, 
        "short_term_average": 189186
    }, 
    {
        "date": "2011-11-30", 
        "operating_revenue": 151504, 
        "accumulated_operating_revenue": 529876, 
        "long_term_average": 176625, 
        "short_term_average": 176625
    }, 
    {
        "date": "2011-12-31", 
        "operating_revenue": 212640, 
        "accumulated_operating_revenue": 742516, 
        "long_term_average": 185629, 
        "short_term_average": 170580
    }, 
    {
        "date": "2012-01-31", 
        "operating_revenue": 122665, 
        "accumulated_operating_revenue": 122665, 
        "long_term_average": 173036, 
        "short_term_average": 162269
    }, 
    {
        "date": "2012-02-29", 
        "operating_revenue": 128791, 
        "accumulated_operating_revenue": 251456, 
        "long_term_average": 165662, 
        "short_term_average": 154698
    }, 
    {
        "date": "2012-03-31", 
        "operating_revenue": 157995, 
        "accumulated_operating_revenue": 409451, 
        "long_term_average": 164566, 
        "short_term_average": 136483
    }, 
    {
        "date": "2012-04-30", 
        "operating_revenue": 115570, 
        "accumulated_operating_revenue": 525021, 
        "long_term_average": 158442, 
        "short_term_average": 134118
    }, 
    {
        "date": "2012-05-31", 
        "operating_revenue": 159355, 
        "accumulated_operating_revenue": 684376, 
        "long_term_average": 158543, 
        "short_term_average": 144306
    }, 
    {
        "date": "2012-06-30", 
        "operating_revenue": 197290, 
        "accumulated_operating_revenue": 881666, 
        "long_term_average": 162418, 
        "short_term_average": 157405
    }, 
    {
        "date": "2012-07-31", 
        "operating_revenue": 139466, 
        "accumulated_operating_revenue": 1021132, 
        "long_term_average": 160331, 
        "short_term_average": 165370
    }, 
    {
        "date": "2012-08-31", 
        "operating_revenue": 180296, 
        "accumulated_operating_revenue": 1201428, 
        "long_term_average": 161995, 
        "short_term_average": 172350
    }, 
    {
        "accumulated_operating_revenue_yoy": 491.88910458626543, 
        "accumulated_operating_revenue": 1365938, 
        "long_term_average": 156473, 
        "date": "2012-09-30", 
        "operating_revenue": 164510, 
        "short_term_average": 161424
    }, 
    {
        "accumulated_operating_revenue_yoy": 306.86705147315337, 
        "accumulated_operating_revenue": 1539471, 
        "long_term_average": 158634, 
        "date": "2012-10-31", 
        "operating_revenue": 173533, 
        "short_term_average": 172779
    }, 
    {
        "accumulated_operating_revenue_yoy": 232.73728193011195, 
        "accumulated_operating_revenue": 1763095, 
        "long_term_average": 164644, 
        "date": "2012-11-30", 
        "operating_revenue": 223624, 
        "short_term_average": 187222
    }, 
    {
        "accumulated_operating_revenue_yoy": 165.2897715335427, 
        "accumulated_operating_revenue": 1969819, 
        "long_term_average": 164151, 
        "date": "2012-12-31", 
        "operating_revenue": 206724, 
        "short_term_average": 201293
    }, 
    {
        "accumulated_operating_revenue_yoy": 5.559042921778828, 
        "accumulated_operating_revenue": 129484, 
        "long_term_average": 164719, 
        "date": "2013-01-31", 
        "operating_revenue": 129484, 
        "short_term_average": 186610
    }, 
    {
        "accumulated_operating_revenue_yoy": -9.454536777806059, 
        "accumulated_operating_revenue": 227682, 
        "long_term_average": 162170, 
        "date": "2013-02-28", 
        "operating_revenue": 98198, 
        "short_term_average": 144802
    }, 
    {
        "accumulated_operating_revenue_yoy": -9.09193041413991, 
        "accumulated_operating_revenue": 372224, 
        "long_term_average": 161049, 
        "date": "2013-03-31", 
        "operating_revenue": 144542, 
        "short_term_average": 124074
    }, 
    {
        "accumulated_operating_revenue_yoy": -6.072328535430011, 
        "accumulated_operating_revenue": 493140, 
        "long_term_average": 161494, 
        "date": "2013-04-30", 
        "operating_revenue": 120916, 
        "short_term_average": 121218
    }, 
    {
        "accumulated_operating_revenue_yoy": -5.845178673711527, 
        "accumulated_operating_revenue": 644373, 
        "long_term_average": 160818, 
        "date": "2013-05-31", 
        "operating_revenue": 151233, 
        "short_term_average": 138897
    }, 
    {
        "accumulated_operating_revenue_yoy": -5.2111570594760375, 
        "accumulated_operating_revenue": 835721, 
        "long_term_average": 160322, 
        "date": "2013-06-30", 
        "operating_revenue": 191348, 
        "short_term_average": 154499
    }, 
    {
        "accumulated_operating_revenue_yoy": -2.336818354532029, 
        "accumulated_operating_revenue": 997270, 
        "long_term_average": 162163, 
        "date": "2013-07-31", 
        "operating_revenue": 161549, 
        "short_term_average": 168043
    }, 
    {
        "accumulated_operating_revenue_yoy": -2.578181963463478, 
        "accumulated_operating_revenue": 1170453, 
        "long_term_average": 161570, 
        "date": "2013-08-31", 
        "operating_revenue": 173183, 
        "short_term_average": 175360
    }, 
    {
        "accumulated_operating_revenue_yoy": 0.018741699842891844, 
        "accumulated_operating_revenue": 1366194, 
        "long_term_average": 164172, 
        "date": "2013-09-30", 
        "operating_revenue": 195741, 
        "short_term_average": 176824
    }, 
    {
        "accumulated_operating_revenue_yoy": -0.5714950135468612, 
        "accumulated_operating_revenue": 1530673, 
        "long_term_average": 163418, 
        "date": "2013-10-31", 
        "operating_revenue": 164479, 
        "short_term_average": 177801
    }, 
    {
        "accumulated_operating_revenue_yoy": -1.913113020001758, 
        "accumulated_operating_revenue": 1729365, 
        "long_term_average": 161340, 
        "date": "2013-11-30", 
        "operating_revenue": 198692, 
        "short_term_average": 186304
    }, 
    {
        "accumulated_operating_revenue_yoy": -0.27860427785497044, 
        "accumulated_operating_revenue": 1964331, 
        "long_term_average": 163694, 
        "date": "2013-12-31", 
        "operating_revenue": 234966, 
        "short_term_average": 199379
    }, 
    {
        "accumulated_operating_revenue_yoy": 11.414537703500047, 
        "accumulated_operating_revenue": 144264, 
        "long_term_average": 164925, 
        "date": "2014-01-31", 
        "operating_revenue": 144264, 
        "short_term_average": 192640
    }, 
    {
        "accumulated_operating_revenue_yoy": 19.284352737590147, 
        "accumulated_operating_revenue": 271589, 
        "long_term_average": 167353, 
        "date": "2014-02-28", 
        "operating_revenue": 127325, 
        "short_term_average": 168851
    }, 
    {
        "accumulated_operating_revenue_yoy": 19.245669274415405, 
        "accumulated_operating_revenue": 443861, 
        "long_term_average": 169664, 
        "date": "2014-03-31", 
        "operating_revenue": 172272, 
        "short_term_average": 147953
    }, 
    {
        "accumulated_operating_revenue_yoy": 30.44733747008963, 
        "accumulated_operating_revenue": 643288, 
        "long_term_average": 176206, 
        "date": "2014-04-30", 
        "operating_revenue": 199427, 
        "short_term_average": 166341
    }, 
    {
        "accumulated_operating_revenue_yoy": 20.613216258285185, 
        "accumulated_operating_revenue": 777199, 
        "long_term_average": 174763, 
        "date": "2014-05-31", 
        "operating_revenue": 133911, 
        "short_term_average": 168536
    }, 
    {
        "accumulated_operating_revenue_yoy": 14.71136898558251, 
        "accumulated_operating_revenue": 958667, 
        "long_term_average": 173939, 
        "date": "2014-06-30", 
        "operating_revenue": 181468, 
        "short_term_average": 171602
    }, 
    {
        "accumulated_operating_revenue_yoy": 9.795341281699038, 
        "accumulated_operating_revenue": 1094956, 
        "long_term_average": 171834, 
        "date": "2014-07-31", 
        "operating_revenue": 136289, 
        "short_term_average": 150556
    }, 
    {
        "accumulated_operating_revenue_yoy": 5.948124358688474, 
        "accumulated_operating_revenue": 1240073, 
        "long_term_average": 169495, 
        "date": "2014-08-31", 
        "operating_revenue": 145117, 
        "short_term_average": 154291
    }, 
    {
        "accumulated_operating_revenue_yoy": 2.4076375683102107, 
        "accumulated_operating_revenue": 1399087, 
        "long_term_average": 166435, 
        "date": "2014-09-30", 
        "operating_revenue": 159014, 
        "short_term_average": 146806
    }, 
    {
        "accumulated_operating_revenue_yoy": 2.362163571187314, 
        "accumulated_operating_revenue": 1566830, 
        "long_term_average": 166707, 
        "date": "2014-10-31", 
        "operating_revenue": 167743, 
        "short_term_average": 157291
    }, 
    {
        "accumulated_operating_revenue_yoy": -1.1967398438155046, 
        "accumulated_operating_revenue": 1708669, 
        "long_term_average": 161969, 
        "date": "2014-11-30", 
        "operating_revenue": 141839, 
        "short_term_average": 156198
    }, 
    {
        "accumulated_operating_revenue_yoy": -1.4499592991201584, 
        "accumulated_operating_revenue": 1935849, 
        "long_term_average": 161320, 
        "date": "2014-12-31", 
        "operating_revenue": 227180, 
        "short_term_average": 178920
    }, 
    {
        "accumulated_operating_revenue_yoy": -4.536821383020019, 
        "accumulated_operating_revenue": 137719, 
        "long_term_average": 160775, 
        "date": "2015-01-31", 
        "operating_revenue": 137719, 
        "short_term_average": 168912
    }, 
    {
        "accumulated_operating_revenue_yoy": 0.09978312818265836, 
        "accumulated_operating_revenue": 271860, 
        "long_term_average": 161343, 
        "date": "2015-02-28", 
        "operating_revenue": 134141, 
        "short_term_average": 166346
    }, 
    {
        "accumulated_operating_revenue_yoy": 6.9879984950243434, 
        "accumulated_operating_revenue": 474878, 
        "long_term_average": 163905, 
        "date": "2015-03-31", 
        "operating_revenue": 203018, 
        "short_term_average": 158292
    }, 
    {
        "accumulated_operating_revenue_yoy": -0.5321100346967454, 
        "accumulated_operating_revenue": 639865, 
        "long_term_average": 161035, 
        "date": "2015-04-30", 
        "operating_revenue": 164987, 
        "short_term_average": 167382
    }, 
    {
        "accumulated_operating_revenue_yoy": 2.3857467649855444, 
        "accumulated_operating_revenue": 795741, 
        "long_term_average": 162865, 
        "date": "2015-05-31", 
        "operating_revenue": 155876, 
        "short_term_average": 174627
    }, 
    {
        "accumulated_operating_revenue_yoy": 2.1398462657001858, 
        "accumulated_operating_revenue": 979181, 
        "long_term_average": 163030, 
        "date": "2015-06-30", 
        "operating_revenue": 183440, 
        "short_term_average": 168101
    }, 
    {
        "accumulated_operating_revenue_yoy": 2.4150742130277383, 
        "accumulated_operating_revenue": 1121400, 
        "long_term_average": 163524, 
        "date": "2015-07-31", 
        "operating_revenue": 142219, 
        "short_term_average": 160511
    }, 
    {
        "accumulated_operating_revenue_yoy": 3.2765812980364863, 
        "accumulated_operating_revenue": 1280705, 
        "long_term_average": 164706, 
        "date": "2015-08-31", 
        "operating_revenue": 159305, 
        "short_term_average": 161654
    }
]