[
    {
        "date": "2012-01-31", 
        "operating_revenue": 272501, 
        "accumulated_operating_revenue": 272501, 
        "long_term_average": 272501, 
        "short_term_average": 272501
    }, 
    {
        "date": "2012-02-29", 
        "operating_revenue": 255596, 
        "accumulated_operating_revenue": 528097, 
        "long_term_average": 264048, 
        "short_term_average": 264048
    }, 
    {
        "date": "2012-03-31", 
        "operating_revenue": 302731, 
        "accumulated_operating_revenue": 830828, 
        "long_term_average": 276942, 
        "short_term_average": 276942
    }, 
    {
        "date": "2012-04-30", 
        "operating_revenue": 233309, 
        "accumulated_operating_revenue": 1064137, 
        "long_term_average": 266034, 
        "short_term_average": 263878
    }, 
    {
        "date": "2012-05-31", 
        "operating_revenue": 294120, 
        "accumulated_operating_revenue": 1358257, 
        "long_term_average": 271651, 
        "short_term_average": 276720
    }, 
    {
        "date": "2012-06-30", 
        "operating_revenue": 313529, 
        "accumulated_operating_revenue": 1671786, 
        "long_term_average": 278631, 
        "short_term_average": 280319
    }, 
    {
        "date": "2012-07-31", 
        "operating_revenue": 321956, 
        "accumulated_operating_revenue": 1993742, 
        "long_term_average": 284820, 
        "short_term_average": 309868
    }, 
    {
        "date": "2012-08-31", 
        "operating_revenue": 309352, 
        "accumulated_operating_revenue": 2303094, 
        "long_term_average": 287886, 
        "short_term_average": 314945
    }, 
    {
        "date": "2012-09-30", 
        "operating_revenue": 260607, 
        "accumulated_operating_revenue": 2563701, 
        "long_term_average": 284855, 
        "short_term_average": 297305
    }, 
    {
        "date": "2012-10-31", 
        "operating_revenue": 264731, 
        "accumulated_operating_revenue": 2828432, 
        "long_term_average": 282843, 
        "short_term_average": 278230
    }, 
    {
        "date": "2012-11-30", 
        "operating_revenue": 260125, 
        "accumulated_operating_revenue": 3088557, 
        "long_term_average": 280777, 
        "short_term_average": 261821
    }, 
    {
        "date": "2012-12-31", 
        "operating_revenue": 212121, 
        "accumulated_operating_revenue": 3300678, 
        "long_term_average": 275056, 
        "short_term_average": 245659
    }, 
    {
        "accumulated_operating_revenue_yoy": -15.747832118047272, 
        "accumulated_operating_revenue": 229588, 
        "long_term_average": 271480, 
        "date": "2013-01-31", 
        "operating_revenue": 229588, 
        "short_term_average": 233944
    }, 
    {
        "accumulated_operating_revenue_yoy": -12.914483513445447, 
        "accumulated_operating_revenue": 459896, 
        "long_term_average": 269373, 
        "date": "2013-02-28", 
        "operating_revenue": 230308, 
        "short_term_average": 224005
    }, 
    {
        "accumulated_operating_revenue_yoy": -11.114093410429113, 
        "accumulated_operating_revenue": 738489, 
        "long_term_average": 267361, 
        "date": "2013-03-31", 
        "operating_revenue": 278593, 
        "short_term_average": 246163
    }, 
    {
        "accumulated_operating_revenue_yoy": -4.183201974933678, 
        "accumulated_operating_revenue": 1019622, 
        "long_term_average": 271346, 
        "date": "2013-04-30", 
        "operating_revenue": 281133, 
        "short_term_average": 263344
    }, 
    {
        "accumulated_operating_revenue_yoy": -3.8771013144051527, 
        "accumulated_operating_revenue": 1305596, 
        "long_term_average": 270668, 
        "date": "2013-05-31", 
        "operating_revenue": 285974, 
        "short_term_average": 281900
    }, 
    {
        "accumulated_operating_revenue_yoy": -4.382857614551145, 
        "accumulated_operating_revenue": 1598514, 
        "long_term_average": 268950, 
        "date": "2013-06-30", 
        "operating_revenue": 292918, 
        "short_term_average": 286675
    }, 
    {
        "accumulated_operating_revenue_yoy": -3.8745233836674955, 
        "accumulated_operating_revenue": 1916494, 
        "long_term_average": 268619, 
        "date": "2013-07-31", 
        "operating_revenue": 317980, 
        "short_term_average": 298957
    }, 
    {
        "accumulated_operating_revenue_yoy": -2.073905798026481, 
        "accumulated_operating_revenue": 2255330, 
        "long_term_average": 271076, 
        "date": "2013-08-31", 
        "operating_revenue": 338836, 
        "short_term_average": 316578
    }, 
    {
        "accumulated_operating_revenue_yoy": 1.6752343584528773, 
        "accumulated_operating_revenue": 2606649, 
        "long_term_average": 278635, 
        "date": "2013-09-30", 
        "operating_revenue": 351319, 
        "short_term_average": 336045
    }, 
    {
        "accumulated_operating_revenue_yoy": 3.6153953851462575, 
        "accumulated_operating_revenue": 2930691, 
        "long_term_average": 283578, 
        "date": "2013-10-31", 
        "operating_revenue": 324042, 
        "short_term_average": 338065
    }, 
    {
        "accumulated_operating_revenue_yoy": 6.010897645729058, 
        "accumulated_operating_revenue": 3274207, 
        "long_term_average": 290527, 
        "date": "2013-11-30", 
        "operating_revenue": 343516, 
        "short_term_average": 339625
    }, 
    {
        "accumulated_operating_revenue_yoy": 8.21455470663906, 
        "accumulated_operating_revenue": 3571814, 
        "long_term_average": 297651, 
        "date": "2013-12-31", 
        "operating_revenue": 297607, 
        "short_term_average": 321721
    }, 
    {
        "accumulated_operating_revenue_yoy": 36.01015732529575, 
        "accumulated_operating_revenue": 312263, 
        "long_term_average": 304540, 
        "date": "2014-01-31", 
        "operating_revenue": 312263, 
        "short_term_average": 317795
    }, 
    {
        "accumulated_operating_revenue_yoy": 24.54380990484805, 
        "accumulated_operating_revenue": 572772, 
        "long_term_average": 307057, 
        "date": "2014-02-28", 
        "operating_revenue": 260509, 
        "short_term_average": 290126
    }, 
    {
        "accumulated_operating_revenue_yoy": 18.173730414400215, 
        "accumulated_operating_revenue": 872700, 
        "long_term_average": 308835, 
        "date": "2014-03-31", 
        "operating_revenue": 299928, 
        "short_term_average": 290900
    }, 
    {
        "accumulated_operating_revenue_yoy": 19.660815478677392, 
        "accumulated_operating_revenue": 1220088, 
        "long_term_average": 314356, 
        "date": "2014-04-30", 
        "operating_revenue": 347388, 
        "short_term_average": 302608
    }, 
    {
        "accumulated_operating_revenue_yoy": 18.62007849288754, 
        "accumulated_operating_revenue": 1548699, 
        "long_term_average": 317909, 
        "date": "2014-05-31", 
        "operating_revenue": 328611, 
        "short_term_average": 325309
    }, 
    {
        "accumulated_operating_revenue_yoy": 17.161251011877283, 
        "accumulated_operating_revenue": 1872839, 
        "long_term_average": 320511, 
        "date": "2014-06-30", 
        "operating_revenue": 324140, 
        "short_term_average": 333379
    }, 
    {
        "accumulated_operating_revenue_yoy": 15.979491717688655, 
        "accumulated_operating_revenue": 2222740, 
        "long_term_average": 323171, 
        "date": "2014-07-31", 
        "operating_revenue": 349901, 
        "short_term_average": 334217
    }, 
    {
        "accumulated_operating_revenue_yoy": 11.553918938691899, 
        "accumulated_operating_revenue": 2515909, 
        "long_term_average": 319366, 
        "date": "2014-08-31", 
        "operating_revenue": 293169, 
        "short_term_average": 322403
    }, 
    {
        "accumulated_operating_revenue_yoy": 9.067619000486832, 
        "accumulated_operating_revenue": 2843010, 
        "long_term_average": 317347, 
        "date": "2014-09-30", 
        "operating_revenue": 327101, 
        "short_term_average": 323390
    }, 
    {
        "accumulated_operating_revenue_yoy": 7.918200861162095, 
        "accumulated_operating_revenue": 3162749, 
        "long_term_average": 316989, 
        "date": "2014-10-31", 
        "operating_revenue": 319739, 
        "short_term_average": 313336
    }, 
    {
        "accumulated_operating_revenue_yoy": 5.2433154043101124, 
        "accumulated_operating_revenue": 3445884, 
        "long_term_average": 311957, 
        "date": "2014-11-30", 
        "operating_revenue": 283135, 
        "short_term_average": 309991
    }, 
    {
        "accumulated_operating_revenue_yoy": 4.5254316154200644, 
        "accumulated_operating_revenue": 3733454, 
        "long_term_average": 311121, 
        "date": "2014-12-31", 
        "operating_revenue": 287570, 
        "short_term_average": 296814
    }, 
    {
        "accumulated_operating_revenue_yoy": -8.046742649625475, 
        "accumulated_operating_revenue": 287136, 
        "long_term_average": 309027, 
        "date": "2015-01-31", 
        "operating_revenue": 287136, 
        "short_term_average": 285947
    }, 
    {
        "accumulated_operating_revenue_yoy": -7.748283784821884, 
        "accumulated_operating_revenue": 528392, 
        "long_term_average": 307422, 
        "date": "2015-02-28", 
        "operating_revenue": 241256, 
        "short_term_average": 271987
    }, 
    {
        "accumulated_operating_revenue_yoy": -5.153890225736221, 
        "accumulated_operating_revenue": 827722, 
        "long_term_average": 307373, 
        "date": "2015-03-31", 
        "operating_revenue": 299330, 
        "short_term_average": 275907
    }, 
    {
        "accumulated_operating_revenue_yoy": -6.5028096334034915, 
        "accumulated_operating_revenue": 1140748, 
        "long_term_average": 304509, 
        "date": "2015-04-30", 
        "operating_revenue": 313026, 
        "short_term_average": 284537
    }, 
    {
        "accumulated_operating_revenue_yoy": -7.450382546899043, 
        "accumulated_operating_revenue": 1433315, 
        "long_term_average": 301505, 
        "date": "2015-05-31", 
        "operating_revenue": 292567, 
        "short_term_average": 301641
    }, 
    {
        "accumulated_operating_revenue_yoy": -9.04306243088701, 
        "accumulated_operating_revenue": 1703477, 
        "long_term_average": 297007, 
        "date": "2015-06-30", 
        "operating_revenue": 270162, 
        "short_term_average": 291918
    }, 
    {
        "accumulated_operating_revenue_yoy": -11.523480029153207, 
        "accumulated_operating_revenue": 1966603, 
        "long_term_average": 289776, 
        "date": "2015-07-31", 
        "operating_revenue": 263126, 
        "short_term_average": 275285
    }, 
    {
        "accumulated_operating_revenue_yoy": -11.007790822323065, 
        "accumulated_operating_revenue": 2238963, 
        "long_term_average": 288042, 
        "date": "2015-08-31", 
        "operating_revenue": 272360, 
        "short_term_average": 268549
    }
]