[
    {
        "date": "2012-01-31", 
        "operating_revenue": 123769, 
        "accumulated_operating_revenue": 123769, 
        "long_term_average": 123769, 
        "short_term_average": 123769
    }, 
    {
        "date": "2012-02-29", 
        "operating_revenue": 326950, 
        "accumulated_operating_revenue": 450719, 
        "long_term_average": 225359, 
        "short_term_average": 225359
    }, 
    {
        "date": "2012-03-31", 
        "operating_revenue": 470435, 
        "accumulated_operating_revenue": 921154, 
        "long_term_average": 307051, 
        "short_term_average": 307051
    }, 
    {
        "date": "2012-04-30", 
        "operating_revenue": 480084, 
        "accumulated_operating_revenue": 1401238, 
        "long_term_average": 350309, 
        "short_term_average": 425823
    }, 
    {
        "date": "2012-05-31", 
        "operating_revenue": 296552, 
        "accumulated_operating_revenue": 1697790, 
        "long_term_average": 339558, 
        "short_term_average": 415690
    }, 
    {
        "date": "2012-06-30", 
        "operating_revenue": 299371, 
        "accumulated_operating_revenue": 1997161, 
        "long_term_average": 332860, 
        "short_term_average": 358669
    }, 
    {
        "date": "2012-07-31", 
        "operating_revenue": 365074, 
        "accumulated_operating_revenue": 2362235, 
        "long_term_average": 337462, 
        "short_term_average": 320332
    }, 
    {
        "date": "2012-08-31", 
        "operating_revenue": 358226, 
        "accumulated_operating_revenue": 2720461, 
        "long_term_average": 340057, 
        "short_term_average": 340890
    }, 
    {
        "date": "2012-09-30", 
        "operating_revenue": 309518, 
        "accumulated_operating_revenue": 3029979, 
        "long_term_average": 336664, 
        "short_term_average": 344272
    }, 
    {
        "date": "2012-10-31", 
        "operating_revenue": 295730, 
        "accumulated_operating_revenue": 3325709, 
        "long_term_average": 332570, 
        "short_term_average": 321158
    }, 
    {
        "date": "2012-11-30", 
        "operating_revenue": 367097, 
        "accumulated_operating_revenue": 3692806, 
        "long_term_average": 335709, 
        "short_term_average": 324115
    }, 
    {
        "date": "2012-12-31", 
        "operating_revenue": 495886, 
        "accumulated_operating_revenue": 4188692, 
        "long_term_average": 349057, 
        "short_term_average": 386237
    }, 
    {
        "accumulated_operating_revenue_yoy": 19.285927817143225, 
        "accumulated_operating_revenue": 147639, 
        "long_term_average": 351046, 
        "date": "2013-01-31", 
        "operating_revenue": 147639, 
        "short_term_average": 336874
    }, 
    {
        "accumulated_operating_revenue_yoy": 50.37284871505307, 
        "accumulated_operating_revenue": 677759, 
        "long_term_average": 367977, 
        "date": "2013-02-28", 
        "operating_revenue": 530120, 
        "short_term_average": 391215
    }, 
    {
        "accumulated_operating_revenue_yoy": 30.804404041018113, 
        "accumulated_operating_revenue": 1204910, 
        "long_term_average": 372704, 
        "date": "2013-03-31", 
        "operating_revenue": 527151, 
        "short_term_average": 401636
    }, 
    {
        "accumulated_operating_revenue_yoy": 18.586350070437714, 
        "accumulated_operating_revenue": 1661677, 
        "long_term_average": 370760, 
        "date": "2013-04-30", 
        "operating_revenue": 456767, 
        "short_term_average": 504679
    }, 
    {
        "accumulated_operating_revenue_yoy": 23.53182666878707, 
        "accumulated_operating_revenue": 2097311, 
        "long_term_average": 382351, 
        "date": "2013-05-31", 
        "operating_revenue": 435634, 
        "short_term_average": 473184
    }, 
    {
        "accumulated_operating_revenue_yoy": 25.128970573729408, 
        "accumulated_operating_revenue": 2499027, 
        "long_term_average": 390879, 
        "date": "2013-06-30", 
        "operating_revenue": 401716, 
        "short_term_average": 431372
    }, 
    {
        "accumulated_operating_revenue_yoy": 25.347181800286595, 
        "accumulated_operating_revenue": 2960995, 
        "long_term_average": 398954, 
        "date": "2013-07-31", 
        "operating_revenue": 461968, 
        "short_term_average": 433106
    }, 
    {
        "accumulated_operating_revenue_yoy": 23.54042200935797, 
        "accumulated_operating_revenue": 3360869, 
        "long_term_average": 402425, 
        "date": "2013-08-31", 
        "operating_revenue": 399874, 
        "short_term_average": 421186
    }, 
    {
        "accumulated_operating_revenue_yoy": 28.852213167153963, 
        "accumulated_operating_revenue": 3904195, 
        "long_term_average": 421909, 
        "date": "2013-09-30", 
        "operating_revenue": 543326, 
        "short_term_average": 468389
    }, 
    {
        "accumulated_operating_revenue_yoy": 30.991707332180894, 
        "accumulated_operating_revenue": 4356403, 
        "long_term_average": 434948, 
        "date": "2013-10-31", 
        "operating_revenue": 452208, 
        "short_term_average": 465136
    }, 
    {
        "accumulated_operating_revenue_yoy": 26.458741672321807, 
        "accumulated_operating_revenue": 4669876, 
        "long_term_average": 430480, 
        "date": "2013-11-30", 
        "operating_revenue": 313473, 
        "short_term_average": 436335
    }, 
    {
        "accumulated_operating_revenue_yoy": 27.490300074581754, 
        "accumulated_operating_revenue": 5340176, 
        "long_term_average": 445014, 
        "date": "2013-12-31", 
        "operating_revenue": 670300, 
        "short_term_average": 478660
    }, 
    {
        "accumulated_operating_revenue_yoy": 3.6162531580408968, 
        "accumulated_operating_revenue": 152978, 
        "long_term_average": 445459, 
        "date": "2014-01-31", 
        "operating_revenue": 152978, 
        "short_term_average": 378917
    }, 
    {
        "accumulated_operating_revenue_yoy": -55.947763142946094, 
        "accumulated_operating_revenue": 298568, 
        "long_term_average": 413415, 
        "date": "2014-02-28", 
        "operating_revenue": 145590, 
        "short_term_average": 322956
    }, 
    {
        "accumulated_operating_revenue_yoy": -3.091932177507034, 
        "accumulated_operating_revenue": 1167655, 
        "long_term_average": 441910, 
        "date": "2014-03-31", 
        "operating_revenue": 869087, 
        "short_term_average": 389218
    }, 
    {
        "accumulated_operating_revenue_yoy": 16.366056700550107, 
        "accumulated_operating_revenue": 1933628, 
        "long_term_average": 467677, 
        "date": "2014-04-30", 
        "operating_revenue": 765973, 
        "short_term_average": 593550
    }, 
    {
        "accumulated_operating_revenue_yoy": 15.869797087794801, 
        "accumulated_operating_revenue": 2430150, 
        "long_term_average": 472751, 
        "date": "2014-05-31", 
        "operating_revenue": 496522, 
        "short_term_average": 710527
    }, 
    {
        "accumulated_operating_revenue_yoy": 21.97711349257131, 
        "accumulated_operating_revenue": 3048241, 
        "long_term_average": 490782, 
        "date": "2014-06-30", 
        "operating_revenue": 618091, 
        "short_term_average": 626862
    }, 
    {
        "accumulated_operating_revenue_yoy": 13.944130267021729, 
        "accumulated_operating_revenue": 3373880, 
        "long_term_average": 479421, 
        "date": "2014-07-31", 
        "operating_revenue": 325639, 
        "short_term_average": 480084
    }, 
    {
        "accumulated_operating_revenue_yoy": 20.86998927955835, 
        "accumulated_operating_revenue": 4062282, 
        "long_term_average": 503465, 
        "date": "2014-08-31", 
        "operating_revenue": 688402, 
        "short_term_average": 544044
    }, 
    {
        "accumulated_operating_revenue_yoy": 15.625320968855295, 
        "accumulated_operating_revenue": 4514238, 
        "long_term_average": 495851, 
        "date": "2014-09-30", 
        "operating_revenue": 451956, 
        "short_term_average": 488665
    }, 
    {
        "accumulated_operating_revenue_yoy": 11.221367720112212, 
        "accumulated_operating_revenue": 4845251, 
        "long_term_average": 485752, 
        "date": "2014-10-31", 
        "operating_revenue": 331013, 
        "short_term_average": 490457
    }, 
    {
        "accumulated_operating_revenue_yoy": 20.38959920991478, 
        "accumulated_operating_revenue": 5622045, 
        "long_term_average": 524362, 
        "date": "2014-11-30", 
        "operating_revenue": 776794, 
        "short_term_average": 519921
    }, 
    {
        "accumulated_operating_revenue_yoy": 35.00772259191457, 
        "accumulated_operating_revenue": 7209650, 
        "long_term_average": 600804, 
        "date": "2014-12-31", 
        "operating_revenue": 1587605, 
        "short_term_average": 898470
    }, 
    {
        "accumulated_operating_revenue_yoy": 250.36018250990338, 
        "accumulated_operating_revenue": 535974, 
        "long_term_average": 632720, 
        "date": "2015-01-31", 
        "operating_revenue": 535974, 
        "short_term_average": 966791
    }, 
    {
        "accumulated_operating_revenue_yoy": 95.13109241445835, 
        "accumulated_operating_revenue": 582599, 
        "long_term_average": 624473, 
        "date": "2015-02-28", 
        "operating_revenue": 46625, 
        "short_term_average": 723401
    }, 
    {
        "accumulated_operating_revenue_yoy": 34.693723745455635, 
        "accumulated_operating_revenue": 1572758, 
        "long_term_average": 634562, 
        "date": "2015-03-31", 
        "operating_revenue": 990159, 
        "short_term_average": 524252
    }, 
    {
        "accumulated_operating_revenue_yoy": -9.81915859720691, 
        "accumulated_operating_revenue": 1743762, 
        "long_term_average": 584982, 
        "date": "2015-04-30", 
        "operating_revenue": 171004, 
        "short_term_average": 402596
    }, 
    {
        "accumulated_operating_revenue_yoy": -20.452770405119026, 
        "accumulated_operating_revenue": 1933117, 
        "long_term_average": 559384, 
        "date": "2015-05-31", 
        "operating_revenue": 189355, 
        "short_term_average": 450172
    }, 
    {
        "accumulated_operating_revenue_yoy": 27.24052986624089, 
        "accumulated_operating_revenue": 3878598, 
        "long_term_average": 670000, 
        "date": "2015-06-30", 
        "operating_revenue": 1945481, 
        "short_term_average": 768613
    }, 
    {
        "accumulated_operating_revenue_yoy": 20.16446939428788, 
        "accumulated_operating_revenue": 4054205, 
        "long_term_average": 657497, 
        "date": "2015-07-31", 
        "operating_revenue": 175607, 
        "short_term_average": 770147
    }, 
    {
        "accumulated_operating_revenue_yoy": 11.473329522667308, 
        "accumulated_operating_revenue": 4528361, 
        "long_term_average": 639644, 
        "date": "2015-08-31", 
        "operating_revenue": 474156, 
        "short_term_average": 865081
    }
]