[
    {
        "date": "2011-09-30", 
        "operating_revenue": 337607, 
        "accumulated_operating_revenue": 337607, 
        "long_term_average": 337607, 
        "short_term_average": 337607
    }, 
    {
        "date": "2011-10-31", 
        "operating_revenue": 187485, 
        "accumulated_operating_revenue": 525092, 
        "long_term_average": 262546, 
        "short_term_average": 262546
    }, 
    {
        "date": "2011-11-30", 
        "operating_revenue": 186547, 
        "accumulated_operating_revenue": 711639, 
        "long_term_average": 237213, 
        "short_term_average": 237213
    }, 
    {
        "date": "2011-12-31", 
        "operating_revenue": 328443, 
        "accumulated_operating_revenue": 1040082, 
        "long_term_average": 260020, 
        "short_term_average": 234158
    }, 
    {
        "date": "2012-01-31", 
        "operating_revenue": 158258, 
        "accumulated_operating_revenue": 158258, 
        "long_term_average": 239668, 
        "short_term_average": 224416
    }, 
    {
        "date": "2012-02-29", 
        "operating_revenue": 199856, 
        "accumulated_operating_revenue": 358114, 
        "long_term_average": 233032, 
        "short_term_average": 228852
    }, 
    {
        "date": "2012-03-31", 
        "operating_revenue": 329740, 
        "accumulated_operating_revenue": 687854, 
        "long_term_average": 246848, 
        "short_term_average": 229284
    }, 
    {
        "date": "2012-04-30", 
        "operating_revenue": 156994, 
        "accumulated_operating_revenue": 844848, 
        "long_term_average": 235616, 
        "short_term_average": 228863
    }, 
    {
        "date": "2012-05-31", 
        "operating_revenue": 157525, 
        "accumulated_operating_revenue": 1002373, 
        "long_term_average": 226939, 
        "short_term_average": 214753
    }, 
    {
        "date": "2012-06-30", 
        "operating_revenue": 287005, 
        "accumulated_operating_revenue": 1289378, 
        "long_term_average": 232946, 
        "short_term_average": 200508
    }, 
    {
        "date": "2012-07-31", 
        "operating_revenue": 167245, 
        "accumulated_operating_revenue": 1456623, 
        "long_term_average": 226973, 
        "short_term_average": 203925
    }, 
    {
        "date": "2012-08-31", 
        "operating_revenue": 194430, 
        "accumulated_operating_revenue": 1651053, 
        "long_term_average": 224261, 
        "short_term_average": 216226
    }, 
    {
        "accumulated_operating_revenue_yoy": 475.4877712843632, 
        "accumulated_operating_revenue": 1942887, 
        "long_term_average": 220446, 
        "date": "2012-09-30", 
        "operating_revenue": 291834, 
        "short_term_average": 217836
    }, 
    {
        "accumulated_operating_revenue_yoy": 299.5835015578222, 
        "accumulated_operating_revenue": 2098181, 
        "long_term_average": 217764, 
        "date": "2012-10-31", 
        "operating_revenue": 155294, 
        "short_term_average": 213852
    }, 
    {
        "accumulated_operating_revenue_yoy": 227.786560320612, 
        "accumulated_operating_revenue": 2332657, 
        "long_term_average": 221758, 
        "date": "2012-11-30", 
        "operating_revenue": 234476, 
        "short_term_average": 227201
    }, 
    {
        "accumulated_operating_revenue_yoy": 154.9873952246073, 
        "accumulated_operating_revenue": 2652078, 
        "long_term_average": 221006, 
        "date": "2012-12-31", 
        "operating_revenue": 319421, 
        "short_term_average": 236397
    }, 
    {
        "accumulated_operating_revenue_yoy": -22.83486458820407, 
        "accumulated_operating_revenue": 122120, 
        "long_term_average": 217995, 
        "date": "2013-01-31", 
        "operating_revenue": 122120, 
        "short_term_average": 225339
    }, 
    {
        "accumulated_operating_revenue_yoy": -30.847998123502574, 
        "accumulated_operating_revenue": 247643, 
        "long_term_average": 211800, 
        "date": "2013-02-28", 
        "operating_revenue": 125523, 
        "short_term_average": 189021
    }, 
    {
        "accumulated_operating_revenue_yoy": -21.688904912961178, 
        "accumulated_operating_revenue": 538666, 
        "long_term_average": 208574, 
        "date": "2013-03-31", 
        "operating_revenue": 291023, 
        "short_term_average": 179555
    }, 
    {
        "accumulated_operating_revenue_yoy": -21.702010302444936, 
        "accumulated_operating_revenue": 661499, 
        "long_term_average": 205727, 
        "date": "2013-04-30", 
        "operating_revenue": 122833, 
        "short_term_average": 179793
    }, 
    {
        "accumulated_operating_revenue_yoy": -20.81859746820794, 
        "accumulated_operating_revenue": 793693, 
        "long_term_average": 203616, 
        "date": "2013-05-31", 
        "operating_revenue": 132194, 
        "short_term_average": 182016
    }, 
    {
        "accumulated_operating_revenue_yoy": -12.717760036234527, 
        "accumulated_operating_revenue": 1125398, 
        "long_term_average": 207341, 
        "date": "2013-06-30", 
        "operating_revenue": 331705, 
        "short_term_average": 195577
    }, 
    {
        "accumulated_operating_revenue_yoy": -7.411801131795942, 
        "accumulated_operating_revenue": 1348661, 
        "long_term_average": 212009, 
        "date": "2013-07-31", 
        "operating_revenue": 223263, 
        "short_term_average": 229054
    }, 
    {
        "accumulated_operating_revenue_yoy": -7.2661507534888345, 
        "accumulated_operating_revenue": 1531085, 
        "long_term_average": 211009, 
        "date": "2013-08-31", 
        "operating_revenue": 182424, 
        "short_term_average": 245797
    }, 
    {
        "accumulated_operating_revenue_yoy": -5.476849657236885, 
        "accumulated_operating_revenue": 1836478, 
        "long_term_average": 212139, 
        "date": "2013-09-30", 
        "operating_revenue": 305393, 
        "short_term_average": 237026
    }, 
    {
        "accumulated_operating_revenue_yoy": -6.21571732848596, 
        "accumulated_operating_revenue": 1967764, 
        "long_term_average": 210138, 
        "date": "2013-10-31", 
        "operating_revenue": 131286, 
        "short_term_average": 206367
    }, 
    {
        "accumulated_operating_revenue_yoy": -7.9426165098426385, 
        "accumulated_operating_revenue": 2147383, 
        "long_term_average": 205567, 
        "date": "2013-11-30", 
        "operating_revenue": 179619, 
        "short_term_average": 205432
    }, 
    {
        "accumulated_operating_revenue_yoy": -2.4572806682156405, 
        "accumulated_operating_revenue": 2586909, 
        "long_term_average": 215575, 
        "date": "2013-12-31", 
        "operating_revenue": 439526, 
        "short_term_average": 250143
    }, 
    {
        "accumulated_operating_revenue_yoy": 5.670651817884048, 
        "accumulated_operating_revenue": 129045, 
        "long_term_average": 216152, 
        "date": "2014-01-31", 
        "operating_revenue": 129045, 
        "short_term_average": 249396
    }, 
    {
        "accumulated_operating_revenue_yoy": 70.9400225324358, 
        "accumulated_operating_revenue": 423321, 
        "long_term_average": 230215, 
        "date": "2014-02-28", 
        "operating_revenue": 294276, 
        "short_term_average": 287615
    }, 
    {
        "accumulated_operating_revenue_yoy": 56.30353502912752, 
        "accumulated_operating_revenue": 841954, 
        "long_term_average": 240849, 
        "date": "2014-03-31", 
        "operating_revenue": 418633, 
        "short_term_average": 280651
    }, 
    {
        "accumulated_operating_revenue_yoy": 86.39922358159272, 
        "accumulated_operating_revenue": 1233029, 
        "long_term_average": 263203, 
        "date": "2014-04-30", 
        "operating_revenue": 391075, 
        "short_term_average": 367994
    }, 
    {
        "accumulated_operating_revenue_yoy": 106.83677442033633, 
        "accumulated_operating_revenue": 1641649, 
        "long_term_average": 286238, 
        "date": "2014-05-31", 
        "operating_revenue": 408620, 
        "short_term_average": 406109
    }, 
    {
        "accumulated_operating_revenue_yoy": 92.56822919536022, 
        "accumulated_operating_revenue": 2167159, 
        "long_term_average": 302389, 
        "date": "2014-06-30", 
        "operating_revenue": 525510, 
        "short_term_average": 441735
    }, 
    {
        "accumulated_operating_revenue_yoy": 81.71519751813095, 
        "accumulated_operating_revenue": 2450722, 
        "long_term_average": 307414, 
        "date": "2014-07-31", 
        "operating_revenue": 283563, 
        "short_term_average": 405897
    }, 
    {
        "accumulated_operating_revenue_yoy": 93.28907278172015, 
        "accumulated_operating_revenue": 2959420, 
        "long_term_average": 334603, 
        "date": "2014-08-31", 
        "operating_revenue": 508698, 
        "short_term_average": 439257
    }, 
    {
        "accumulated_operating_revenue_yoy": 88.50620590064241, 
        "accumulated_operating_revenue": 3461875, 
        "long_term_average": 351025, 
        "date": "2014-09-30", 
        "operating_revenue": 502455, 
        "short_term_average": 431572
    }, 
    {
        "accumulated_operating_revenue_yoy": 96.82970112269561, 
        "accumulated_operating_revenue": 3873144, 
        "long_term_average": 374357, 
        "date": "2014-10-31", 
        "operating_revenue": 411269, 
        "short_term_average": 474140
    }, 
    {
        "accumulated_operating_revenue_yoy": 96.4139606209046, 
        "accumulated_operating_revenue": 4217760, 
        "long_term_average": 388107, 
        "date": "2014-11-30", 
        "operating_revenue": 344616, 
        "short_term_average": 419446
    }, 
    {
        "accumulated_operating_revenue_yoy": 81.13918966612277, 
        "accumulated_operating_revenue": 4685906, 
        "long_term_average": 390492, 
        "date": "2014-12-31", 
        "operating_revenue": 468146, 
        "short_term_average": 408010
    }, 
    {
        "accumulated_operating_revenue_yoy": 119.67220736952227, 
        "accumulated_operating_revenue": 283476, 
        "long_term_average": 403361, 
        "date": "2015-01-31", 
        "operating_revenue": 283476, 
        "short_term_average": 365412
    }, 
    {
        "accumulated_operating_revenue_yoy": 19.531513910247778, 
        "accumulated_operating_revenue": 506002, 
        "long_term_average": 397382, 
        "date": "2015-02-28", 
        "operating_revenue": 222526, 
        "short_term_average": 324716
    }, 
    {
        "accumulated_operating_revenue_yoy": -16.495319221715203, 
        "accumulated_operating_revenue": 703071, 
        "long_term_average": 378918, 
        "date": "2015-03-31", 
        "operating_revenue": 197069, 
        "short_term_average": 234357
    }, 
    {
        "accumulated_operating_revenue_yoy": -25.74229803191977, 
        "accumulated_operating_revenue": 915619, 
        "long_term_average": 364041, 
        "date": "2015-04-30", 
        "operating_revenue": 212548, 
        "short_term_average": 210714
    }, 
    {
        "accumulated_operating_revenue_yoy": -25.512091805251913, 
        "accumulated_operating_revenue": 1222830, 
        "long_term_average": 355590, 
        "date": "2015-05-31", 
        "operating_revenue": 307211, 
        "short_term_average": 238942
    }, 
    {
        "accumulated_operating_revenue_yoy": -27.376394625405887, 
        "accumulated_operating_revenue": 1573869, 
        "long_term_average": 341051, 
        "date": "2015-06-30", 
        "operating_revenue": 351039, 
        "short_term_average": 290266
    }, 
    {
        "accumulated_operating_revenue_yoy": -20.56475601883853, 
        "accumulated_operating_revenue": 1946737, 
        "long_term_average": 348493, 
        "date": "2015-07-31", 
        "operating_revenue": 372868, 
        "short_term_average": 343706
    }, 
    {
        "accumulated_operating_revenue_yoy": -21.474748430435696, 
        "accumulated_operating_revenue": 2323892, 
        "long_term_average": 337531, 
        "date": "2015-08-31", 
        "operating_revenue": 377155, 
        "short_term_average": 367020
    }
]