[
    {
        "date": "2012-01-31", 
        "operating_revenue": 15936, 
        "accumulated_operating_revenue": 15936, 
        "long_term_average": 15936, 
        "short_term_average": 15936
    }, 
    {
        "date": "2012-02-29", 
        "operating_revenue": 13080, 
        "accumulated_operating_revenue": 29016, 
        "long_term_average": 14508, 
        "short_term_average": 14508
    }, 
    {
        "date": "2012-03-31", 
        "operating_revenue": 28107, 
        "accumulated_operating_revenue": 57123, 
        "long_term_average": 19041, 
        "short_term_average": 19041
    }, 
    {
        "date": "2012-04-30", 
        "operating_revenue": 17337, 
        "accumulated_operating_revenue": 74460, 
        "long_term_average": 18615, 
        "short_term_average": 19508
    }, 
    {
        "date": "2012-05-31", 
        "operating_revenue": 36864, 
        "accumulated_operating_revenue": 111324, 
        "long_term_average": 22264, 
        "short_term_average": 27436
    }, 
    {
        "date": "2012-06-30", 
        "operating_revenue": 25255, 
        "accumulated_operating_revenue": 136579, 
        "long_term_average": 22763, 
        "short_term_average": 26485
    }, 
    {
        "date": "2012-07-31", 
        "operating_revenue": 83842, 
        "accumulated_operating_revenue": 220421, 
        "long_term_average": 31488, 
        "short_term_average": 48653
    }, 
    {
        "date": "2012-08-31", 
        "operating_revenue": 87422, 
        "accumulated_operating_revenue": 307843, 
        "long_term_average": 38480, 
        "short_term_average": 65506
    }, 
    {
        "date": "2012-09-30", 
        "operating_revenue": 99900, 
        "accumulated_operating_revenue": 407743, 
        "long_term_average": 45304, 
        "short_term_average": 90388
    }, 
    {
        "date": "2012-10-31", 
        "operating_revenue": 134761, 
        "accumulated_operating_revenue": 542504, 
        "long_term_average": 54250, 
        "short_term_average": 107361
    }, 
    {
        "date": "2012-11-30", 
        "operating_revenue": 111877, 
        "accumulated_operating_revenue": 654381, 
        "long_term_average": 59489, 
        "short_term_average": 115512
    }, 
    {
        "date": "2012-12-31", 
        "operating_revenue": 131895, 
        "accumulated_operating_revenue": 786276, 
        "long_term_average": 65523, 
        "short_term_average": 126177
    }, 
    {
        "accumulated_operating_revenue_yoy": 0.35768072289156627, 
        "accumulated_operating_revenue": 15993, 
        "long_term_average": 65527, 
        "date": "2013-01-31", 
        "operating_revenue": 15993, 
        "short_term_average": 86588
    }, 
    {
        "accumulated_operating_revenue_yoy": -12.448304383788255, 
        "accumulated_operating_revenue": 25404, 
        "long_term_average": 65222, 
        "date": "2013-02-28", 
        "operating_revenue": 9411, 
        "short_term_average": 52433
    }, 
    {
        "accumulated_operating_revenue_yoy": 41.825534373194685, 
        "accumulated_operating_revenue": 81015, 
        "long_term_average": 67514, 
        "date": "2013-03-31", 
        "operating_revenue": 55611, 
        "short_term_average": 27005
    }, 
    {
        "accumulated_operating_revenue_yoy": 108.16814396991674, 
        "accumulated_operating_revenue": 155002, 
        "long_term_average": 72234, 
        "date": "2013-04-30", 
        "operating_revenue": 73987, 
        "short_term_average": 46336
    }, 
    {
        "accumulated_operating_revenue_yoy": 60.03467356544861, 
        "accumulated_operating_revenue": 178157, 
        "long_term_average": 71092, 
        "date": "2013-05-31", 
        "operating_revenue": 23155, 
        "short_term_average": 50917
    }, 
    {
        "accumulated_operating_revenue_yoy": 50.66005754911077, 
        "accumulated_operating_revenue": 205770, 
        "long_term_average": 71288, 
        "date": "2013-06-30", 
        "operating_revenue": 27613, 
        "short_term_average": 41585
    }, 
    {
        "accumulated_operating_revenue_yoy": -3.8721355950658056, 
        "accumulated_operating_revenue": 211886, 
        "long_term_average": 64811, 
        "date": "2013-07-31", 
        "operating_revenue": 6116, 
        "short_term_average": 18961
    }, 
    {
        "accumulated_operating_revenue_yoy": -21.416761141231085, 
        "accumulated_operating_revenue": 241913, 
        "long_term_average": 60028, 
        "date": "2013-08-31", 
        "operating_revenue": 30027, 
        "short_term_average": 21252
    }, 
    {
        "accumulated_operating_revenue_yoy": -37.858405907642805, 
        "accumulated_operating_revenue": 253378, 
        "long_term_average": 52659, 
        "date": "2013-09-30", 
        "operating_revenue": 11465, 
        "short_term_average": 15869
    }, 
    {
        "accumulated_operating_revenue_yoy": -33.75643313229027, 
        "accumulated_operating_revenue": 359374, 
        "long_term_average": 50262, 
        "date": "2013-10-31", 
        "operating_revenue": 105996, 
        "short_term_average": 49162
    }, 
    {
        "accumulated_operating_revenue_yoy": -29.063802280322932, 
        "accumulated_operating_revenue": 464193, 
        "long_term_average": 49674, 
        "date": "2013-11-30", 
        "operating_revenue": 104819, 
        "short_term_average": 74093
    }, 
    {
        "accumulated_operating_revenue_yoy": -14.237621395031768, 
        "accumulated_operating_revenue": 674329, 
        "long_term_average": 56194, 
        "date": "2013-12-31", 
        "operating_revenue": 210136, 
        "short_term_average": 140317
    }, 
    {
        "accumulated_operating_revenue_yoy": 299.9437253798537, 
        "accumulated_operating_revenue": 63963, 
        "long_term_average": 60191, 
        "date": "2014-01-31", 
        "operating_revenue": 63963, 
        "short_term_average": 126306
    }, 
    {
        "accumulated_operating_revenue_yoy": 260.167690127539, 
        "accumulated_operating_revenue": 91497, 
        "long_term_average": 61701, 
        "date": "2014-02-28", 
        "operating_revenue": 27534, 
        "short_term_average": 100544
    }, 
    {
        "accumulated_operating_revenue_yoy": 28.642843917793005, 
        "accumulated_operating_revenue": 104220, 
        "long_term_average": 58127, 
        "date": "2014-03-31", 
        "operating_revenue": 12723, 
        "short_term_average": 34740
    }, 
    {
        "accumulated_operating_revenue_yoy": -22.921639720777797, 
        "accumulated_operating_revenue": 119473, 
        "long_term_average": 53233, 
        "date": "2014-04-30", 
        "operating_revenue": 15253, 
        "short_term_average": 18503
    }, 
    {
        "accumulated_operating_revenue_yoy": -22.164158579230676, 
        "accumulated_operating_revenue": 138670, 
        "long_term_average": 52903, 
        "date": "2014-05-31", 
        "operating_revenue": 19197, 
        "short_term_average": 15724
    }, 
    {
        "accumulated_operating_revenue_yoy": 8.969237498177577, 
        "accumulated_operating_revenue": 224226, 
        "long_term_average": 57732, 
        "date": "2014-06-30", 
        "operating_revenue": 85556, 
        "short_term_average": 40002
    }, 
    {
        "accumulated_operating_revenue_yoy": 41.28635209499448, 
        "accumulated_operating_revenue": 299366, 
        "long_term_average": 63484, 
        "date": "2014-07-31", 
        "operating_revenue": 75140, 
        "short_term_average": 59964
    }, 
    {
        "accumulated_operating_revenue_yoy": 55.71796472285491, 
        "accumulated_operating_revenue": 376702, 
        "long_term_average": 67426, 
        "date": "2014-08-31", 
        "operating_revenue": 77336, 
        "short_term_average": 79344
    }, 
    {
        "accumulated_operating_revenue_yoy": 81.2142332799217, 
        "accumulated_operating_revenue": 459157, 
        "long_term_average": 73342, 
        "date": "2014-09-30", 
        "operating_revenue": 82455, 
        "short_term_average": 78310
    }, 
    {
        "accumulated_operating_revenue_yoy": 57.34388130471319, 
        "accumulated_operating_revenue": 565453, 
        "long_term_average": 73367, 
        "date": "2014-10-31", 
        "operating_revenue": 106296, 
        "short_term_average": 88695
    }, 
    {
        "accumulated_operating_revenue_yoy": 73.64307518639876, 
        "accumulated_operating_revenue": 806039, 
        "long_term_average": 84681, 
        "date": "2014-11-30", 
        "operating_revenue": 240586, 
        "short_term_average": 143112
    }, 
    {
        "accumulated_operating_revenue_yoy": 41.39122001278307, 
        "accumulated_operating_revenue": 953442, 
        "long_term_average": 79453, 
        "date": "2014-12-31", 
        "operating_revenue": 147403, 
        "short_term_average": 164761
    }, 
    {
        "accumulated_operating_revenue_yoy": 33.43651798696121, 
        "accumulated_operating_revenue": 85350, 
        "long_term_average": 81235, 
        "date": "2015-01-31", 
        "operating_revenue": 85350, 
        "short_term_average": 157779
    }, 
    {
        "accumulated_operating_revenue_yoy": 107.47565493950621, 
        "accumulated_operating_revenue": 189834, 
        "long_term_average": 87648, 
        "date": "2015-02-28", 
        "operating_revenue": 104484, 
        "short_term_average": 112412
    }, 
    {
        "accumulated_operating_revenue_yoy": 201.2838226827864, 
        "accumulated_operating_revenue": 313998, 
        "long_term_average": 96935, 
        "date": "2015-03-31", 
        "operating_revenue": 124164, 
        "short_term_average": 104666
    }, 
    {
        "accumulated_operating_revenue_yoy": 254.12938488193984, 
        "accumulated_operating_revenue": 423089, 
        "long_term_average": 104754, 
        "date": "2015-04-30", 
        "operating_revenue": 109091, 
        "short_term_average": 112579
    }, 
    {
        "accumulated_operating_revenue_yoy": 278.2317732746809, 
        "accumulated_operating_revenue": 524494, 
        "long_term_average": 111605, 
        "date": "2015-05-31", 
        "operating_revenue": 101405, 
        "short_term_average": 111553
    }, 
    {
        "accumulated_operating_revenue_yoy": 243.62651967211653, 
        "accumulated_operating_revenue": 770500, 
        "long_term_average": 124976, 
        "date": "2015-06-30", 
        "operating_revenue": 246006, 
        "short_term_average": 152167
    }, 
    {
        "accumulated_operating_revenue_yoy": 234.71469705978635, 
        "accumulated_operating_revenue": 1002022, 
        "long_term_average": 138008, 
        "date": "2015-07-31", 
        "operating_revenue": 231522, 
        "short_term_average": 192977
    }, 
    {
        "accumulated_operating_revenue_yoy": 231.18061491576896, 
        "accumulated_operating_revenue": 1247564, 
        "long_term_average": 152025, 
        "date": "2015-08-31", 
        "operating_revenue": 245542, 
        "short_term_average": 241023
    }, 
    {
        "accumulated_operating_revenue_yoy": 229.3533584373101, 
        "accumulated_operating_revenue": 1512249, 
        "long_term_average": 167211, 
        "date": "2015-09-30", 
        "operating_revenue": 264685, 
        "short_term_average": 247249
    }
]