[
    {
        "date": "2011-09-30", 
        "operating_revenue": 172997, 
        "accumulated_operating_revenue": 172997, 
        "long_term_average": 172997, 
        "short_term_average": 172997
    }, 
    {
        "date": "2011-10-31", 
        "operating_revenue": 41933, 
        "accumulated_operating_revenue": 214930, 
        "long_term_average": 107465, 
        "short_term_average": 107465
    }, 
    {
        "date": "2011-11-30", 
        "operating_revenue": 82931, 
        "accumulated_operating_revenue": 297861, 
        "long_term_average": 99287, 
        "short_term_average": 99287
    }, 
    {
        "date": "2011-12-31", 
        "operating_revenue": 238793, 
        "accumulated_operating_revenue": 536654, 
        "long_term_average": 134163, 
        "short_term_average": 121219
    }, 
    {
        "date": "2012-01-31", 
        "operating_revenue": 42336, 
        "accumulated_operating_revenue": 42336, 
        "long_term_average": 115798, 
        "short_term_average": 121353
    }, 
    {
        "date": "2012-02-29", 
        "operating_revenue": 44305, 
        "accumulated_operating_revenue": 86641, 
        "long_term_average": 103882, 
        "short_term_average": 108478
    }, 
    {
        "date": "2012-03-31", 
        "operating_revenue": 71970, 
        "accumulated_operating_revenue": 158611, 
        "long_term_average": 99323, 
        "short_term_average": 52870
    }, 
    {
        "date": "2012-04-30", 
        "operating_revenue": 49761, 
        "accumulated_operating_revenue": 208372, 
        "long_term_average": 93128, 
        "short_term_average": 55345
    }, 
    {
        "date": "2012-05-31", 
        "operating_revenue": 48025, 
        "accumulated_operating_revenue": 256397, 
        "long_term_average": 88116, 
        "short_term_average": 56585
    }, 
    {
        "date": "2012-06-30", 
        "operating_revenue": 170843, 
        "accumulated_operating_revenue": 427240, 
        "long_term_average": 96389, 
        "short_term_average": 89543
    }, 
    {
        "date": "2012-07-31", 
        "operating_revenue": 54169, 
        "accumulated_operating_revenue": 481409, 
        "long_term_average": 92551, 
        "short_term_average": 91012
    }, 
    {
        "date": "2012-08-31", 
        "operating_revenue": 60620, 
        "accumulated_operating_revenue": 542029, 
        "long_term_average": 89890, 
        "short_term_average": 95210
    }, 
    {
        "accumulated_operating_revenue_yoy": 272.7272727272727, 
        "accumulated_operating_revenue": 644807, 
        "long_term_average": 84038, 
        "date": "2012-09-30", 
        "operating_revenue": 102778, 
        "short_term_average": 72522
    }, 
    {
        "accumulated_operating_revenue_yoy": 229.10668589773417, 
        "accumulated_operating_revenue": 707349, 
        "long_term_average": 85756, 
        "date": "2012-10-31", 
        "operating_revenue": 62542, 
        "short_term_average": 75313
    }, 
    {
        "accumulated_operating_revenue_yoy": 162.01651105717096, 
        "accumulated_operating_revenue": 780445, 
        "long_term_average": 84936, 
        "date": "2012-11-30", 
        "operating_revenue": 73096, 
        "short_term_average": 79472
    }, 
    {
        "accumulated_operating_revenue_yoy": 74.9149358804742, 
        "accumulated_operating_revenue": 938688, 
        "long_term_average": 78224, 
        "date": "2012-12-31", 
        "operating_revenue": 158243, 
        "short_term_average": 97960
    }, 
    {
        "accumulated_operating_revenue_yoy": -16.005291005291006, 
        "accumulated_operating_revenue": 35560, 
        "long_term_average": 77659, 
        "date": "2013-01-31", 
        "operating_revenue": 35560, 
        "short_term_average": 88966
    }, 
    {
        "accumulated_operating_revenue_yoy": -9.144631294652648, 
        "accumulated_operating_revenue": 78718, 
        "long_term_average": 77563, 
        "date": "2013-02-28", 
        "operating_revenue": 43158, 
        "short_term_average": 78987
    }, 
    {
        "accumulated_operating_revenue_yoy": 25.609825295849593, 
        "accumulated_operating_revenue": 199231, 
        "long_term_average": 81609, 
        "date": "2013-03-31", 
        "operating_revenue": 120513, 
        "short_term_average": 66410
    }, 
    {
        "accumulated_operating_revenue_yoy": 30.978250436718945, 
        "accumulated_operating_revenue": 272922, 
        "long_term_average": 83603, 
        "date": "2013-04-30", 
        "operating_revenue": 73691, 
        "short_term_average": 79120
    }, 
    {
        "accumulated_operating_revenue_yoy": 39.09328112263404, 
        "accumulated_operating_revenue": 356631, 
        "long_term_average": 86576, 
        "date": "2013-05-31", 
        "operating_revenue": 83709, 
        "short_term_average": 92637
    }, 
    {
        "accumulated_operating_revenue_yoy": 16.439940080516806, 
        "accumulated_operating_revenue": 497478, 
        "long_term_average": 84077, 
        "date": "2013-06-30", 
        "operating_revenue": 140847, 
        "short_term_average": 99415
    }, 
    {
        "accumulated_operating_revenue_yoy": 19.305206176037423, 
        "accumulated_operating_revenue": 574346, 
        "long_term_average": 85968, 
        "date": "2013-07-31", 
        "operating_revenue": 76868, 
        "short_term_average": 100474
    }, 
    {
        "accumulated_operating_revenue_yoy": 18.28832036662245, 
        "accumulated_operating_revenue": 641157, 
        "long_term_average": 86484, 
        "date": "2013-08-31", 
        "operating_revenue": 66811, 
        "short_term_average": 94842
    }, 
    {
        "accumulated_operating_revenue_yoy": 22.450128488059217, 
        "accumulated_operating_revenue": 789567, 
        "long_term_average": 90287, 
        "date": "2013-09-30", 
        "operating_revenue": 148410, 
        "short_term_average": 97363
    }, 
    {
        "accumulated_operating_revenue_yoy": 22.4006819830098, 
        "accumulated_operating_revenue": 865800, 
        "long_term_average": 91428, 
        "date": "2013-10-31", 
        "operating_revenue": 76233, 
        "short_term_average": 97151
    }, 
    {
        "accumulated_operating_revenue_yoy": 25.099654684186586, 
        "accumulated_operating_revenue": 976334, 
        "long_term_average": 94548, 
        "date": "2013-11-30", 
        "operating_revenue": 110534, 
        "short_term_average": 111725
    }, 
    {
        "accumulated_operating_revenue_yoy": 26.76491017249608, 
        "accumulated_operating_revenue": 1189927, 
        "long_term_average": 99160, 
        "date": "2013-12-31", 
        "operating_revenue": 213593, 
        "short_term_average": 133453
    }, 
    {
        "accumulated_operating_revenue_yoy": 124.1591676040495, 
        "accumulated_operating_revenue": 79711, 
        "long_term_average": 102839, 
        "date": "2014-01-31", 
        "operating_revenue": 79711, 
        "short_term_average": 134612
    }, 
    {
        "accumulated_operating_revenue_yoy": 89.69486013364161, 
        "accumulated_operating_revenue": 149324, 
        "long_term_average": 105044, 
        "date": "2014-02-28", 
        "operating_revenue": 69613, 
        "short_term_average": 120972
    }, 
    {
        "accumulated_operating_revenue_yoy": 34.689380668671035, 
        "accumulated_operating_revenue": 268343, 
        "long_term_average": 104919, 
        "date": "2014-03-31", 
        "operating_revenue": 119019, 
        "short_term_average": 89447
    }, 
    {
        "accumulated_operating_revenue_yoy": 28.675592293768915, 
        "accumulated_operating_revenue": 351184, 
        "long_term_average": 105682, 
        "date": "2014-04-30", 
        "operating_revenue": 82841, 
        "short_term_average": 90491
    }, 
    {
        "accumulated_operating_revenue_yoy": 30.297422265591045, 
        "accumulated_operating_revenue": 464681, 
        "long_term_average": 108164, 
        "date": "2014-05-31", 
        "operating_revenue": 113497, 
        "short_term_average": 105119
    }, 
    {
        "accumulated_operating_revenue_yoy": 21.761364321638343, 
        "accumulated_operating_revenue": 605736, 
        "long_term_average": 108182, 
        "date": "2014-06-30", 
        "operating_revenue": 141055, 
        "short_term_average": 112464
    }, 
    {
        "accumulated_operating_revenue_yoy": 17.134619201665895, 
        "accumulated_operating_revenue": 672758, 
        "long_term_average": 107361, 
        "date": "2014-07-31", 
        "operating_revenue": 67022, 
        "short_term_average": 107191
    }, 
    {
        "accumulated_operating_revenue_yoy": 12.422074468499915, 
        "accumulated_operating_revenue": 720802, 
        "long_term_average": 105797, 
        "date": "2014-08-31", 
        "operating_revenue": 48044, 
        "short_term_average": 85373
    }, 
    {
        "accumulated_operating_revenue_yoy": -1.035884225151254, 
        "accumulated_operating_revenue": 781388, 
        "long_term_average": 98479, 
        "date": "2014-09-30", 
        "operating_revenue": 60586, 
        "short_term_average": 58550
    }, 
    {
        "accumulated_operating_revenue_yoy": -4.078771078771079, 
        "accumulated_operating_revenue": 830486, 
        "long_term_average": 96217, 
        "date": "2014-10-31", 
        "operating_revenue": 49098, 
        "short_term_average": 52576
    }, 
    {
        "accumulated_operating_revenue_yoy": -6.812730069832659, 
        "accumulated_operating_revenue": 909819, 
        "long_term_average": 93617, 
        "date": "2014-11-30", 
        "operating_revenue": 79333, 
        "short_term_average": 63005
    }, 
    {
        "accumulated_operating_revenue_yoy": -7.955698122657945, 
        "accumulated_operating_revenue": 1095260, 
        "long_term_average": 91271, 
        "date": "2014-12-31", 
        "operating_revenue": 185441, 
        "short_term_average": 104624
    }, 
    {
        "accumulated_operating_revenue_yoy": -11.7098016584913, 
        "accumulated_operating_revenue": 70377, 
        "long_term_average": 90493, 
        "date": "2015-01-31", 
        "operating_revenue": 70377, 
        "short_term_average": 111717
    }, 
    {
        "accumulated_operating_revenue_yoy": -18.825506951327313, 
        "accumulated_operating_revenue": 121213, 
        "long_term_average": 88929, 
        "date": "2015-02-28", 
        "operating_revenue": 50836, 
        "short_term_average": 102218
    }, 
    {
        "accumulated_operating_revenue_yoy": -22.996687075869314, 
        "accumulated_operating_revenue": 206633, 
        "long_term_average": 86129, 
        "date": "2015-03-31", 
        "operating_revenue": 85420, 
        "short_term_average": 68877
    }, 
    {
        "accumulated_operating_revenue_yoy": -23.731718984919585, 
        "accumulated_operating_revenue": 267842, 
        "long_term_average": 84326, 
        "date": "2015-04-30", 
        "operating_revenue": 61209, 
        "short_term_average": 65821
    }, 
    {
        "accumulated_operating_revenue_yoy": -29.245869747202917, 
        "accumulated_operating_revenue": 328781, 
        "long_term_average": 79946, 
        "date": "2015-05-31", 
        "operating_revenue": 60939, 
        "short_term_average": 69189
    }, 
    {
        "accumulated_operating_revenue_yoy": -5.691093149490867, 
        "accumulated_operating_revenue": 571263, 
        "long_term_average": 88398, 
        "date": "2015-06-30", 
        "operating_revenue": 242482, 
        "short_term_average": 121543
    }, 
    {
        "accumulated_operating_revenue_yoy": -9.890034752466711, 
        "accumulated_operating_revenue": 606222, 
        "long_term_average": 85727, 
        "date": "2015-07-31", 
        "operating_revenue": 34959, 
        "short_term_average": 112793
    }, 
    {
        "accumulated_operating_revenue_yoy": -6.649676332751573, 
        "accumulated_operating_revenue": 672871, 
        "long_term_average": 87277, 
        "date": "2015-08-31", 
        "operating_revenue": 66649, 
        "short_term_average": 114696
    }, 
    {
        "accumulated_operating_revenue_yoy": -2.0829600659339533, 
        "accumulated_operating_revenue": 765112, 
        "long_term_average": 89915, 
        "date": "2015-09-30", 
        "operating_revenue": 92241, 
        "short_term_average": 64616
    }, 
    {
        "accumulated_operating_revenue_yoy": -2.33453664480798, 
        "accumulated_operating_revenue": 811098, 
        "long_term_average": 89656, 
        "date": "2015-10-31", 
        "operating_revenue": 45986, 
        "short_term_average": 68292
    }
]