[
    {
        "date": "2011-09-30", 
        "operating_revenue": 505977, 
        "accumulated_operating_revenue": 505977, 
        "long_term_average": 505977, 
        "short_term_average": 505977
    }, 
    {
        "date": "2011-10-31", 
        "operating_revenue": 524381, 
        "accumulated_operating_revenue": 1030358, 
        "long_term_average": 515179, 
        "short_term_average": 515179
    }, 
    {
        "date": "2011-11-30", 
        "operating_revenue": 469350, 
        "accumulated_operating_revenue": 1499708, 
        "long_term_average": 499902, 
        "short_term_average": 499902
    }, 
    {
        "date": "2011-12-31", 
        "operating_revenue": 468745, 
        "accumulated_operating_revenue": 1968453, 
        "long_term_average": 492113, 
        "short_term_average": 487492
    }, 
    {
        "date": "2012-01-31", 
        "operating_revenue": 424522, 
        "accumulated_operating_revenue": 424522, 
        "long_term_average": 478595, 
        "short_term_average": 454205
    }, 
    {
        "date": "2012-02-29", 
        "operating_revenue": 401683, 
        "accumulated_operating_revenue": 826205, 
        "long_term_average": 465776, 
        "short_term_average": 431650
    }, 
    {
        "date": "2012-03-31", 
        "operating_revenue": 520419, 
        "accumulated_operating_revenue": 1346624, 
        "long_term_average": 473582, 
        "short_term_average": 448874
    }, 
    {
        "date": "2012-04-30", 
        "operating_revenue": 448405, 
        "accumulated_operating_revenue": 1795029, 
        "long_term_average": 470435, 
        "short_term_average": 456835
    }, 
    {
        "date": "2012-05-31", 
        "operating_revenue": 518910, 
        "accumulated_operating_revenue": 2313939, 
        "long_term_average": 475821, 
        "short_term_average": 495911
    }, 
    {
        "date": "2012-06-30", 
        "operating_revenue": 484878, 
        "accumulated_operating_revenue": 2798817, 
        "long_term_average": 476727, 
        "short_term_average": 484064
    }, 
    {
        "date": "2012-07-31", 
        "operating_revenue": 442940, 
        "accumulated_operating_revenue": 3241757, 
        "long_term_average": 473655, 
        "short_term_average": 482242
    }, 
    {
        "date": "2012-08-31", 
        "operating_revenue": 556098, 
        "accumulated_operating_revenue": 3797855, 
        "long_term_average": 480525, 
        "short_term_average": 494638
    }, 
    {
        "accumulated_operating_revenue_yoy": 746.7183290940102, 
        "accumulated_operating_revenue": 4284200, 
        "long_term_average": 478889, 
        "date": "2012-09-30", 
        "operating_revenue": 486345, 
        "short_term_average": 495127
    }, 
    {
        "accumulated_operating_revenue_yoy": 368.45407130337225, 
        "accumulated_operating_revenue": 4826754, 
        "long_term_average": 480404, 
        "date": "2012-10-31", 
        "operating_revenue": 542554, 
        "short_term_average": 528332
    }, 
    {
        "accumulated_operating_revenue_yoy": 253.14874628927763, 
        "accumulated_operating_revenue": 5296200, 
        "long_term_average": 480412, 
        "date": "2012-11-30", 
        "operating_revenue": 469446, 
        "short_term_average": 499448
    }, 
    {
        "accumulated_operating_revenue_yoy": 194.34733773171115, 
        "accumulated_operating_revenue": 5794089, 
        "long_term_average": 482840, 
        "date": "2012-12-31", 
        "operating_revenue": 497889, 
        "short_term_average": 503296
    }, 
    {
        "accumulated_operating_revenue_yoy": 18.773114232006822, 
        "accumulated_operating_revenue": 504218, 
        "long_term_average": 489482, 
        "date": "2013-01-31", 
        "operating_revenue": 504218, 
        "short_term_average": 490517
    }, 
    {
        "accumulated_operating_revenue_yoy": 18.946145327128256, 
        "accumulated_operating_revenue": 982739, 
        "long_term_average": 495885, 
        "date": "2013-02-28", 
        "operating_revenue": 478521, 
        "short_term_average": 493542
    }, 
    {
        "accumulated_operating_revenue_yoy": 12.179940354545886, 
        "accumulated_operating_revenue": 1510642, 
        "long_term_average": 496508, 
        "date": "2013-03-31", 
        "operating_revenue": 527903, 
        "short_term_average": 503547
    }, 
    {
        "accumulated_operating_revenue_yoy": 18.3081164705417, 
        "accumulated_operating_revenue": 2123665, 
        "long_term_average": 510227, 
        "date": "2013-04-30", 
        "operating_revenue": 613023, 
        "short_term_average": 539815
    }, 
    {
        "accumulated_operating_revenue_yoy": 19.42544725682051, 
        "accumulated_operating_revenue": 2763432, 
        "long_term_average": 520298, 
        "date": "2013-05-31", 
        "operating_revenue": 639767, 
        "short_term_average": 593564
    }, 
    {
        "accumulated_operating_revenue_yoy": 20.13504276985598, 
        "accumulated_operating_revenue": 3362360, 
        "long_term_average": 529802, 
        "date": "2013-06-30", 
        "operating_revenue": 598928, 
        "short_term_average": 617239
    }, 
    {
        "accumulated_operating_revenue_yoy": 24.386281883558823, 
        "accumulated_operating_revenue": 4032301, 
        "long_term_average": 548719, 
        "date": "2013-07-31", 
        "operating_revenue": 669941, 
        "short_term_average": 636212
    }, 
    {
        "accumulated_operating_revenue_yoy": 19.539871848714604, 
        "accumulated_operating_revenue": 4539951, 
        "long_term_average": 544682, 
        "date": "2013-08-31", 
        "operating_revenue": 507650, 
        "short_term_average": 592173
    }, 
    {
        "accumulated_operating_revenue_yoy": 21.066640212875214, 
        "accumulated_operating_revenue": 5186737, 
        "long_term_average": 558052, 
        "date": "2013-09-30", 
        "operating_revenue": 646786, 
        "short_term_average": 608125
    }, 
    {
        "accumulated_operating_revenue_yoy": 20.658769848225123, 
        "accumulated_operating_revenue": 5823902, 
        "long_term_average": 565936, 
        "date": "2013-10-31", 
        "operating_revenue": 637165, 
        "short_term_average": 597200
    }, 
    {
        "accumulated_operating_revenue_yoy": 21.336373248744383, 
        "accumulated_operating_revenue": 6426217, 
        "long_term_average": 577008, 
        "date": "2013-11-30", 
        "operating_revenue": 602315, 
        "short_term_average": 628755
    }, 
    {
        "accumulated_operating_revenue_yoy": 22.637484512233073, 
        "accumulated_operating_revenue": 7105725, 
        "long_term_average": 592143, 
        "date": "2013-12-31", 
        "operating_revenue": 679508, 
        "short_term_average": 639662
    }, 
    {
        "accumulated_operating_revenue_yoy": 25.014973682018493, 
        "accumulated_operating_revenue": 630348, 
        "long_term_average": 602654, 
        "date": "2014-01-31", 
        "operating_revenue": 630348, 
        "short_term_average": 637390
    }, 
    {
        "accumulated_operating_revenue_yoy": 13.364382608200142, 
        "accumulated_operating_revenue": 1114076, 
        "long_term_average": 603088, 
        "date": "2014-02-28", 
        "operating_revenue": 483728, 
        "short_term_average": 597861
    }, 
    {
        "accumulated_operating_revenue_yoy": 14.458554707203957, 
        "accumulated_operating_revenue": 1729059, 
        "long_term_average": 610345, 
        "date": "2014-03-31", 
        "operating_revenue": 614983, 
        "short_term_average": 576353
    }, 
    {
        "accumulated_operating_revenue_yoy": 12.555040460712966, 
        "accumulated_operating_revenue": 2390292, 
        "long_term_average": 614362, 
        "date": "2014-04-30", 
        "operating_revenue": 661233, 
        "short_term_average": 586648
    }, 
    {
        "accumulated_operating_revenue_yoy": 7.949209533652358, 
        "accumulated_operating_revenue": 2983103, 
        "long_term_average": 610449, 
        "date": "2014-05-31", 
        "operating_revenue": 592811, 
        "short_term_average": 623009
    }, 
    {
        "accumulated_operating_revenue_yoy": 7.343532518826063, 
        "accumulated_operating_revenue": 3609276, 
        "long_term_average": 612720, 
        "date": "2014-06-30", 
        "operating_revenue": 626173, 
        "short_term_average": 626739
    }, 
    {
        "accumulated_operating_revenue_yoy": 5.658282950603142, 
        "accumulated_operating_revenue": 4260460, 
        "long_term_average": 611157, 
        "date": "2014-07-31", 
        "operating_revenue": 651184, 
        "short_term_average": 623389
    }, 
    {
        "accumulated_operating_revenue_yoy": 7.5179005235959595, 
        "accumulated_operating_revenue": 4881260, 
        "long_term_average": 620586, 
        "date": "2014-08-31", 
        "operating_revenue": 620800, 
        "short_term_average": 632719
    }, 
    {
        "accumulated_operating_revenue_yoy": 7.076375763799089, 
        "accumulated_operating_revenue": 5553770, 
        "long_term_average": 622729, 
        "date": "2014-09-30", 
        "operating_revenue": 672510, 
        "short_term_average": 648164
    }, 
    {
        "accumulated_operating_revenue_yoy": 6.311026524828199, 
        "accumulated_operating_revenue": 6191450, 
        "long_term_average": 622772, 
        "date": "2014-10-31", 
        "operating_revenue": 637680, 
        "short_term_average": 643663
    }, 
    {
        "accumulated_operating_revenue_yoy": 5.80022429992638, 
        "accumulated_operating_revenue": 6798952, 
        "long_term_average": 623205, 
        "date": "2014-11-30", 
        "operating_revenue": 607502, 
        "short_term_average": 639230
    }, 
    {
        "accumulated_operating_revenue_yoy": 5.205295729851634, 
        "accumulated_operating_revenue": 7475599, 
        "long_term_average": 622966, 
        "date": "2014-12-31", 
        "operating_revenue": 676647, 
        "short_term_average": 640609
    }, 
    {
        "accumulated_operating_revenue_yoy": 8.900004441990774, 
        "accumulated_operating_revenue": 686449, 
        "long_term_average": 627641, 
        "date": "2015-01-31", 
        "operating_revenue": 686449, 
        "short_term_average": 656866
    }, 
    {
        "accumulated_operating_revenue_yoy": 12.913302144557463, 
        "accumulated_operating_revenue": 1257940, 
        "long_term_average": 634955, 
        "date": "2015-02-28", 
        "operating_revenue": 571491, 
        "short_term_average": 644862
    }, 
    {
        "accumulated_operating_revenue_yoy": 10.093467024549192, 
        "accumulated_operating_revenue": 1903581, 
        "long_term_average": 637510, 
        "date": "2015-03-31", 
        "operating_revenue": 645641, 
        "short_term_average": 634527
    }, 
    {
        "accumulated_operating_revenue_yoy": 8.171428427991225, 
        "accumulated_operating_revenue": 2585613, 
        "long_term_average": 639243, 
        "date": "2015-04-30", 
        "operating_revenue": 682032, 
        "short_term_average": 633054
    }, 
    {
        "accumulated_operating_revenue_yoy": 8.459882209900229, 
        "accumulated_operating_revenue": 3235470, 
        "long_term_average": 643997, 
        "date": "2015-05-31", 
        "operating_revenue": 649857, 
        "short_term_average": 659176
    }, 
    {
        "accumulated_operating_revenue_yoy": 9.383405425354004, 
        "accumulated_operating_revenue": 3947949, 
        "long_term_average": 651189, 
        "date": "2015-06-30", 
        "operating_revenue": 712479, 
        "short_term_average": 681456
    }, 
    {
        "accumulated_operating_revenue_yoy": 8.829046628767784, 
        "accumulated_operating_revenue": 4636618, 
        "long_term_average": 654313, 
        "date": "2015-07-31", 
        "operating_revenue": 688669, 
        "short_term_average": 683668
    }, 
    {
        "accumulated_operating_revenue_yoy": 8.56811560949427, 
        "accumulated_operating_revenue": 5299492, 
        "long_term_average": 657819, 
        "date": "2015-08-31", 
        "operating_revenue": 662874, 
        "short_term_average": 688007
    }, 
    {
        "accumulated_operating_revenue_yoy": 10.012171912052533, 
        "accumulated_operating_revenue": 6109823, 
        "long_term_average": 669304, 
        "date": "2015-09-30", 
        "operating_revenue": 810331, 
        "short_term_average": 720624
    }
]