[
    {
        "date": "2011-09-30", 
        "operating_revenue": 83142, 
        "accumulated_operating_revenue": 83142, 
        "long_term_average": 83142, 
        "short_term_average": 83142
    }, 
    {
        "date": "2011-10-31", 
        "operating_revenue": 84284, 
        "accumulated_operating_revenue": 167426, 
        "long_term_average": 83713, 
        "short_term_average": 83713
    }, 
    {
        "date": "2011-11-30", 
        "operating_revenue": 68213, 
        "accumulated_operating_revenue": 235639, 
        "long_term_average": 78546, 
        "short_term_average": 78546
    }, 
    {
        "date": "2011-12-31", 
        "operating_revenue": 72535, 
        "accumulated_operating_revenue": 308174, 
        "long_term_average": 77043, 
        "short_term_average": 75010
    }, 
    {
        "date": "2012-01-31", 
        "operating_revenue": 65539, 
        "accumulated_operating_revenue": 65539, 
        "long_term_average": 74742, 
        "short_term_average": 68762
    }, 
    {
        "date": "2012-02-29", 
        "operating_revenue": 65265, 
        "accumulated_operating_revenue": 130804, 
        "long_term_average": 73163, 
        "short_term_average": 67779
    }, 
    {
        "date": "2012-03-31", 
        "operating_revenue": 79918, 
        "accumulated_operating_revenue": 210722, 
        "long_term_average": 74128, 
        "short_term_average": 70240
    }, 
    {
        "date": "2012-04-30", 
        "operating_revenue": 79636, 
        "accumulated_operating_revenue": 290358, 
        "long_term_average": 74816, 
        "short_term_average": 74939
    }, 
    {
        "date": "2012-05-31", 
        "operating_revenue": 87308, 
        "accumulated_operating_revenue": 377666, 
        "long_term_average": 76204, 
        "short_term_average": 82287
    }, 
    {
        "date": "2012-06-30", 
        "operating_revenue": 96104, 
        "accumulated_operating_revenue": 473770, 
        "long_term_average": 78194, 
        "short_term_average": 87682
    }, 
    {
        "date": "2012-07-31", 
        "operating_revenue": 87800, 
        "accumulated_operating_revenue": 561570, 
        "long_term_average": 79067, 
        "short_term_average": 90404
    }, 
    {
        "date": "2012-08-31", 
        "operating_revenue": 89437, 
        "accumulated_operating_revenue": 651007, 
        "long_term_average": 79931, 
        "short_term_average": 91113
    }, 
    {
        "accumulated_operating_revenue_yoy": 798.8862428134997, 
        "accumulated_operating_revenue": 747352, 
        "long_term_average": 81032, 
        "date": "2012-09-30", 
        "operating_revenue": 96345, 
        "short_term_average": 91194
    }, 
    {
        "accumulated_operating_revenue_yoy": 401.4740840729636, 
        "accumulated_operating_revenue": 839598, 
        "long_term_average": 81695, 
        "date": "2012-10-31", 
        "operating_revenue": 92246, 
        "short_term_average": 92676
    }, 
    {
        "accumulated_operating_revenue_yoy": 296.4029723432878, 
        "accumulated_operating_revenue": 934080, 
        "long_term_average": 83884, 
        "date": "2012-11-30", 
        "operating_revenue": 94482, 
        "short_term_average": 94357
    }, 
    {
        "accumulated_operating_revenue_yoy": 232.1435293048732, 
        "accumulated_operating_revenue": 1023580, 
        "long_term_average": 85298, 
        "date": "2012-12-31", 
        "operating_revenue": 89500, 
        "short_term_average": 92076
    }, 
    {
        "accumulated_operating_revenue_yoy": 31.413356932513466, 
        "accumulated_operating_revenue": 86127, 
        "long_term_average": 87014, 
        "date": "2013-01-31", 
        "operating_revenue": 86127, 
        "short_term_average": 90036
    }, 
    {
        "accumulated_operating_revenue_yoy": 28.717011712180057, 
        "accumulated_operating_revenue": 168367, 
        "long_term_average": 88428, 
        "date": "2013-02-28", 
        "operating_revenue": 82240, 
        "short_term_average": 85955
    }, 
    {
        "accumulated_operating_revenue_yoy": 21.676901320222854, 
        "accumulated_operating_revenue": 256400, 
        "long_term_average": 89104, 
        "date": "2013-03-31", 
        "operating_revenue": 88033, 
        "short_term_average": 85466
    }, 
    {
        "accumulated_operating_revenue_yoy": 26.277216401821203, 
        "accumulated_operating_revenue": 366656, 
        "long_term_average": 91656, 
        "date": "2013-04-30", 
        "operating_revenue": 110256, 
        "short_term_average": 93509
    }, 
    {
        "accumulated_operating_revenue_yoy": 28.440473857853238, 
        "accumulated_operating_revenue": 485076, 
        "long_term_average": 94249, 
        "date": "2013-05-31", 
        "operating_revenue": 118420, 
        "short_term_average": 105569
    }, 
    {
        "accumulated_operating_revenue_yoy": 28.233742111150978, 
        "accumulated_operating_revenue": 607533, 
        "long_term_average": 96445, 
        "date": "2013-06-30", 
        "operating_revenue": 122457, 
        "short_term_average": 117044
    }, 
    {
        "accumulated_operating_revenue_yoy": 27.734565592891357, 
        "accumulated_operating_revenue": 717319, 
        "long_term_average": 98277, 
        "date": "2013-07-31", 
        "operating_revenue": 109786, 
        "short_term_average": 116887
    }, 
    {
        "accumulated_operating_revenue_yoy": 28.213367905414227, 
        "accumulated_operating_revenue": 834678, 
        "long_term_average": 100604, 
        "date": "2013-08-31", 
        "operating_revenue": 117359, 
        "short_term_average": 116534
    }, 
    {
        "accumulated_operating_revenue_yoy": 28.937234395572638, 
        "accumulated_operating_revenue": 963615, 
        "long_term_average": 103320, 
        "date": "2013-09-30", 
        "operating_revenue": 128937, 
        "short_term_average": 118694
    }, 
    {
        "accumulated_operating_revenue_yoy": 28.930988401592188, 
        "accumulated_operating_revenue": 1082502, 
        "long_term_average": 105540, 
        "date": "2013-10-31", 
        "operating_revenue": 118887, 
        "short_term_average": 121727
    }, 
    {
        "accumulated_operating_revenue_yoy": 27.731136519355942, 
        "accumulated_operating_revenue": 1193111, 
        "long_term_average": 106884, 
        "date": "2013-11-30", 
        "operating_revenue": 110609, 
        "short_term_average": 119477
    }, 
    {
        "accumulated_operating_revenue_yoy": 27.85927821958225, 
        "accumulated_operating_revenue": 1308742, 
        "long_term_average": 109061, 
        "date": "2013-12-31", 
        "operating_revenue": 115631, 
        "short_term_average": 115042
    }, 
    {
        "accumulated_operating_revenue_yoy": 28.80049229626017, 
        "accumulated_operating_revenue": 110932, 
        "long_term_average": 111128, 
        "date": "2014-01-31", 
        "operating_revenue": 110932, 
        "short_term_average": 112390
    }, 
    {
        "accumulated_operating_revenue_yoy": 26.4351090178004, 
        "accumulated_operating_revenue": 212875, 
        "long_term_average": 112770, 
        "date": "2014-02-28", 
        "operating_revenue": 101943, 
        "short_term_average": 109502
    }, 
    {
        "accumulated_operating_revenue_yoy": 35.77535101404056, 
        "accumulated_operating_revenue": 348128, 
        "long_term_average": 116705, 
        "date": "2014-03-31", 
        "operating_revenue": 135253, 
        "short_term_average": 116042
    }, 
    {
        "accumulated_operating_revenue_yoy": 34.22854119392564, 
        "accumulated_operating_revenue": 492157, 
        "long_term_average": 119520, 
        "date": "2014-04-30", 
        "operating_revenue": 144029, 
        "short_term_average": 127075
    }, 
    {
        "accumulated_operating_revenue_yoy": 32.50583413733106, 
        "accumulated_operating_revenue": 642754, 
        "long_term_average": 122201, 
        "date": "2014-05-31", 
        "operating_revenue": 150597, 
        "short_term_average": 143293
    }, 
    {
        "accumulated_operating_revenue_yoy": 27.2669961960914, 
        "accumulated_operating_revenue": 773189, 
        "long_term_average": 122866, 
        "date": "2014-06-30", 
        "operating_revenue": 130435, 
        "short_term_average": 141687
    }, 
    {
        "accumulated_operating_revenue_yoy": 26.04085490555806, 
        "accumulated_operating_revenue": 904115, 
        "long_term_average": 124628, 
        "date": "2014-07-31", 
        "operating_revenue": 130926, 
        "short_term_average": 137319
    }, 
    {
        "accumulated_operating_revenue_yoy": 26.797639329178434, 
        "accumulated_operating_revenue": 1058352, 
        "long_term_average": 127701, 
        "date": "2014-08-31", 
        "operating_revenue": 154237, 
        "short_term_average": 138532
    }, 
    {
        "accumulated_operating_revenue_yoy": 25.36988320024076, 
        "accumulated_operating_revenue": 1208083, 
        "long_term_average": 129434, 
        "date": "2014-09-30", 
        "operating_revenue": 149731, 
        "short_term_average": 144964
    }, 
    {
        "accumulated_operating_revenue_yoy": 22.67182878184059, 
        "accumulated_operating_revenue": 1327925, 
        "long_term_average": 129513, 
        "date": "2014-10-31", 
        "operating_revenue": 119842, 
        "short_term_average": 141270
    }, 
    {
        "accumulated_operating_revenue_yoy": 20.12042467130049, 
        "accumulated_operating_revenue": 1433170, 
        "long_term_average": 129066, 
        "date": "2014-11-30", 
        "operating_revenue": 105245, 
        "short_term_average": 124939
    }, 
    {
        "accumulated_operating_revenue_yoy": 17.87609780995796, 
        "accumulated_operating_revenue": 1542694, 
        "long_term_average": 128557, 
        "date": "2014-12-31", 
        "operating_revenue": 109524, 
        "short_term_average": 111537
    }, 
    {
        "accumulated_operating_revenue_yoy": -23.23405329390978, 
        "accumulated_operating_revenue": 85158, 
        "long_term_average": 126410, 
        "date": "2015-01-31", 
        "operating_revenue": 85158, 
        "short_term_average": 99975
    }, 
    {
        "accumulated_operating_revenue_yoy": -26.310745742806812, 
        "accumulated_operating_revenue": 156866, 
        "long_term_average": 123890, 
        "date": "2015-02-28", 
        "operating_revenue": 71708, 
        "short_term_average": 88796
    }, 
    {
        "accumulated_operating_revenue_yoy": -24.278426325949077, 
        "accumulated_operating_revenue": 263608, 
        "long_term_average": 121514, 
        "date": "2015-03-31", 
        "operating_revenue": 106742, 
        "short_term_average": 87869
    }, 
    {
        "accumulated_operating_revenue_yoy": -24.649654480176043, 
        "accumulated_operating_revenue": 370842, 
        "long_term_average": 118448, 
        "date": "2015-04-30", 
        "operating_revenue": 107234, 
        "short_term_average": 95228
    }, 
    {
        "accumulated_operating_revenue_yoy": -29.251937755346525, 
        "accumulated_operating_revenue": 454736, 
        "long_term_average": 112889, 
        "date": "2015-05-31", 
        "operating_revenue": 83894, 
        "short_term_average": 99290
    }, 
    {
        "accumulated_operating_revenue_yoy": -32.121900337433665, 
        "accumulated_operating_revenue": 524826, 
        "long_term_average": 107860, 
        "date": "2015-06-30", 
        "operating_revenue": 70090, 
        "short_term_average": 87072
    }, 
    {
        "accumulated_operating_revenue_yoy": -33.22951173246766, 
        "accumulated_operating_revenue": 603682, 
        "long_term_average": 103521, 
        "date": "2015-07-31", 
        "operating_revenue": 78856, 
        "short_term_average": 77613
    }, 
    {
        "accumulated_operating_revenue_yoy": -34.62912150210894, 
        "accumulated_operating_revenue": 691854, 
        "long_term_average": 98016, 
        "date": "2015-08-31", 
        "operating_revenue": 88172, 
        "short_term_average": 79039
    }, 
    {
        "accumulated_operating_revenue_yoy": -34.32330394517595, 
        "accumulated_operating_revenue": 793429, 
        "long_term_average": 94003, 
        "date": "2015-09-30", 
        "operating_revenue": 101575, 
        "short_term_average": 89534
    }
]