[
    {
        "date": "2011-09-30", 
        "operating_revenue": 197517, 
        "accumulated_operating_revenue": 197517, 
        "long_term_average": 197517, 
        "short_term_average": 197517
    }, 
    {
        "date": "2011-10-31", 
        "operating_revenue": 162524, 
        "accumulated_operating_revenue": 360041, 
        "long_term_average": 180020, 
        "short_term_average": 180020
    }, 
    {
        "date": "2011-11-30", 
        "operating_revenue": 148162, 
        "accumulated_operating_revenue": 508203, 
        "long_term_average": 169401, 
        "short_term_average": 169401
    }, 
    {
        "date": "2011-12-31", 
        "operating_revenue": 142725, 
        "accumulated_operating_revenue": 650928, 
        "long_term_average": 162732, 
        "short_term_average": 151137
    }, 
    {
        "date": "2012-01-31", 
        "operating_revenue": 124185, 
        "accumulated_operating_revenue": 124185, 
        "long_term_average": 155022, 
        "short_term_average": 138357
    }, 
    {
        "date": "2012-02-29", 
        "operating_revenue": 165802, 
        "accumulated_operating_revenue": 289987, 
        "long_term_average": 156819, 
        "short_term_average": 144237
    }, 
    {
        "date": "2012-03-31", 
        "operating_revenue": 160522, 
        "accumulated_operating_revenue": 450509, 
        "long_term_average": 157348, 
        "short_term_average": 150169
    }, 
    {
        "date": "2012-04-30", 
        "operating_revenue": 158186, 
        "accumulated_operating_revenue": 608695, 
        "long_term_average": 157452, 
        "short_term_average": 161503
    }, 
    {
        "date": "2012-05-31", 
        "operating_revenue": 171127, 
        "accumulated_operating_revenue": 779822, 
        "long_term_average": 158972, 
        "short_term_average": 163278
    }, 
    {
        "date": "2012-06-30", 
        "operating_revenue": 147090, 
        "accumulated_operating_revenue": 926912, 
        "long_term_average": 157784, 
        "short_term_average": 158801
    }, 
    {
        "date": "2012-07-31", 
        "operating_revenue": 174560, 
        "accumulated_operating_revenue": 1101472, 
        "long_term_average": 159309, 
        "short_term_average": 164259
    }, 
    {
        "date": "2012-08-31", 
        "operating_revenue": 170871, 
        "accumulated_operating_revenue": 1272343, 
        "long_term_average": 160272, 
        "short_term_average": 164173
    }, 
    {
        "accumulated_operating_revenue_yoy": 632.3491142534567, 
        "accumulated_operating_revenue": 1446514, 
        "long_term_average": 158327, 
        "date": "2012-09-30", 
        "operating_revenue": 174171, 
        "short_term_average": 173200
    }, 
    {
        "accumulated_operating_revenue_yoy": 329.0033635058229, 
        "accumulated_operating_revenue": 1544588, 
        "long_term_average": 152956, 
        "date": "2012-10-31", 
        "operating_revenue": 98074, 
        "short_term_average": 147705
    }, 
    {
        "accumulated_operating_revenue_yoy": 236.4411465497055, 
        "accumulated_operating_revenue": 1709804, 
        "long_term_average": 154377, 
        "date": "2012-11-30", 
        "operating_revenue": 165216, 
        "short_term_average": 145820
    }, 
    {
        "accumulated_operating_revenue_yoy": 181.05166777277978, 
        "accumulated_operating_revenue": 1829444, 
        "long_term_average": 152453, 
        "date": "2012-12-31", 
        "operating_revenue": 119640, 
        "short_term_average": 127643
    }, 
    {
        "accumulated_operating_revenue_yoy": 17.666384829085636, 
        "accumulated_operating_revenue": 146124, 
        "long_term_average": 154281, 
        "date": "2013-01-31", 
        "operating_revenue": 146124, 
        "short_term_average": 143660
    }, 
    {
        "accumulated_operating_revenue_yoy": -0.7500336221968571, 
        "accumulated_operating_revenue": 287812, 
        "long_term_average": 152272, 
        "date": "2013-02-28", 
        "operating_revenue": 141688, 
        "short_term_average": 135817
    }, 
    {
        "accumulated_operating_revenue_yoy": -5.440068899844398, 
        "accumulated_operating_revenue": 426001, 
        "long_term_average": 150411, 
        "date": "2013-03-31", 
        "operating_revenue": 138189, 
        "short_term_average": 142000
    }, 
    {
        "accumulated_operating_revenue_yoy": -7.765794034779323, 
        "accumulated_operating_revenue": 561425, 
        "long_term_average": 148514, 
        "date": "2013-04-30", 
        "operating_revenue": 135424, 
        "short_term_average": 138433
    }, 
    {
        "accumulated_operating_revenue_yoy": -9.650663869447131, 
        "accumulated_operating_revenue": 704564, 
        "long_term_average": 146182, 
        "date": "2013-05-31", 
        "operating_revenue": 143139, 
        "short_term_average": 138917
    }, 
    {
        "accumulated_operating_revenue_yoy": -10.34262152178416, 
        "accumulated_operating_revenue": 831045, 
        "long_term_average": 144464, 
        "date": "2013-06-30", 
        "operating_revenue": 126481, 
        "short_term_average": 135014
    }, 
    {
        "accumulated_operating_revenue_yoy": -11.94428909677232, 
        "accumulated_operating_revenue": 969909, 
        "long_term_average": 141490, 
        "date": "2013-07-31", 
        "operating_revenue": 138864, 
        "short_term_average": 136161
    }, 
    {
        "accumulated_operating_revenue_yoy": -11.949293547416067, 
        "accumulated_operating_revenue": 1120307, 
        "long_term_average": 139784, 
        "date": "2013-08-31", 
        "operating_revenue": 150398, 
        "short_term_average": 138581
    }, 
    {
        "accumulated_operating_revenue_yoy": -12.979134664441547, 
        "accumulated_operating_revenue": 1258769, 
        "long_term_average": 136808, 
        "date": "2013-09-30", 
        "operating_revenue": 138462, 
        "short_term_average": 142574
    }, 
    {
        "accumulated_operating_revenue_yoy": -8.942319893719231, 
        "accumulated_operating_revenue": 1406466, 
        "long_term_average": 140943, 
        "date": "2013-10-31", 
        "operating_revenue": 147697, 
        "short_term_average": 145519
    }, 
    {
        "accumulated_operating_revenue_yoy": -10.121627976072112, 
        "accumulated_operating_revenue": 1536744, 
        "long_term_average": 138032, 
        "date": "2013-11-30", 
        "operating_revenue": 130278, 
        "short_term_average": 138812
    }, 
    {
        "accumulated_operating_revenue_yoy": -9.509337263124753, 
        "accumulated_operating_revenue": 1655476, 
        "long_term_average": 137956, 
        "date": "2013-12-31", 
        "operating_revenue": 118732, 
        "short_term_average": 132235
    }, 
    {
        "accumulated_operating_revenue_yoy": -8.633078755029974, 
        "accumulated_operating_revenue": 133509, 
        "long_term_average": 136905, 
        "date": "2014-01-31", 
        "operating_revenue": 133509, 
        "short_term_average": 127506
    }, 
    {
        "accumulated_operating_revenue_yoy": -8.498950703931733, 
        "accumulated_operating_revenue": 263351, 
        "long_term_average": 135917, 
        "date": "2014-02-28", 
        "operating_revenue": 129842, 
        "short_term_average": 127361
    }, 
    {
        "accumulated_operating_revenue_yoy": -2.9204156797753997, 
        "accumulated_operating_revenue": 413560, 
        "long_term_average": 136919, 
        "date": "2014-03-31", 
        "operating_revenue": 150209, 
        "short_term_average": 137853
    }, 
    {
        "accumulated_operating_revenue_yoy": 0.02636149084917843, 
        "accumulated_operating_revenue": 561573, 
        "long_term_average": 137968, 
        "date": "2014-04-30", 
        "operating_revenue": 148013, 
        "short_term_average": 142688
    }, 
    {
        "accumulated_operating_revenue_yoy": 2.024088656246984, 
        "accumulated_operating_revenue": 718825, 
        "long_term_average": 139144, 
        "date": "2014-05-31", 
        "operating_revenue": 157252, 
        "short_term_average": 151824
    }, 
    {
        "accumulated_operating_revenue_yoy": 7.724611783958752, 
        "accumulated_operating_revenue": 895240, 
        "long_term_average": 143305, 
        "date": "2014-06-30", 
        "operating_revenue": 176415, 
        "short_term_average": 160560
    }, 
    {
        "accumulated_operating_revenue_yoy": 10.590787383146253, 
        "accumulated_operating_revenue": 1072630, 
        "long_term_average": 146516, 
        "date": "2014-07-31", 
        "operating_revenue": 177390, 
        "short_term_average": 170352
    }, 
    {
        "accumulated_operating_revenue_yoy": 12.287167713849865, 
        "accumulated_operating_revenue": 1257961, 
        "long_term_average": 149427, 
        "date": "2014-08-31", 
        "operating_revenue": 185331, 
        "short_term_average": 179712
    }, 
    {
        "accumulated_operating_revenue_yoy": 13.088739872049599, 
        "accumulated_operating_revenue": 1423526, 
        "long_term_average": 151686, 
        "date": "2014-09-30", 
        "operating_revenue": 165565, 
        "short_term_average": 176095
    }, 
    {
        "accumulated_operating_revenue_yoy": 10.67853755440942, 
        "accumulated_operating_revenue": 1556656, 
        "long_term_average": 150472, 
        "date": "2014-10-31", 
        "operating_revenue": 133130, 
        "short_term_average": 161342
    }, 
    {
        "accumulated_operating_revenue_yoy": 9.982794792105908, 
        "accumulated_operating_revenue": 1690154, 
        "long_term_average": 150740, 
        "date": "2014-11-30", 
        "operating_revenue": 133498, 
        "short_term_average": 144064
    }, 
    {
        "accumulated_operating_revenue_yoy": 10.391573178952761, 
        "accumulated_operating_revenue": 1827506, 
        "long_term_average": 152292, 
        "date": "2014-12-31", 
        "operating_revenue": 137352, 
        "short_term_average": 134660
    }, 
    {
        "accumulated_operating_revenue_yoy": -2.2919803159337575, 
        "accumulated_operating_revenue": 130449, 
        "long_term_average": 152037, 
        "date": "2015-01-31", 
        "operating_revenue": 130449, 
        "short_term_average": 133766
    }, 
    {
        "accumulated_operating_revenue_yoy": -12.407015731855964, 
        "accumulated_operating_revenue": 230677, 
        "long_term_average": 149569, 
        "date": "2015-02-28", 
        "operating_revenue": 100228, 
        "short_term_average": 122676
    }, 
    {
        "accumulated_operating_revenue_yoy": -13.264822516684399, 
        "accumulated_operating_revenue": 358702, 
        "long_term_average": 147720, 
        "date": "2015-03-31", 
        "operating_revenue": 128025, 
        "short_term_average": 119567
    }, 
    {
        "accumulated_operating_revenue_yoy": -13.031253283188473, 
        "accumulated_operating_revenue": 488393, 
        "long_term_average": 146193, 
        "date": "2015-04-30", 
        "operating_revenue": 129691, 
        "short_term_average": 119314
    }, 
    {
        "accumulated_operating_revenue_yoy": -17.55642889437624, 
        "accumulated_operating_revenue": 592625, 
        "long_term_average": 141775, 
        "date": "2015-05-31", 
        "operating_revenue": 104232, 
        "short_term_average": 120649
    }, 
    {
        "accumulated_operating_revenue_yoy": -15.388834279076002, 
        "accumulated_operating_revenue": 757473, 
        "long_term_average": 140811, 
        "date": "2015-06-30", 
        "operating_revenue": 164848, 
        "short_term_average": 132923
    }, 
    {
        "accumulated_operating_revenue_yoy": -13.241565124973198, 
        "accumulated_operating_revenue": 930597, 
        "long_term_average": 140456, 
        "date": "2015-07-31", 
        "operating_revenue": 173124, 
        "short_term_average": 147401
    }, 
    {
        "accumulated_operating_revenue_yoy": -12.533854388172605, 
        "accumulated_operating_revenue": 1100290, 
        "long_term_average": 139152, 
        "date": "2015-08-31", 
        "operating_revenue": 169693, 
        "short_term_average": 169221
    }, 
    {
        "accumulated_operating_revenue_yoy": -13.129440558163322, 
        "accumulated_operating_revenue": 1236625, 
        "long_term_average": 136717, 
        "date": "2015-09-30", 
        "operating_revenue": 136335, 
        "short_term_average": 159717
    }
]