[
    {
        "date": "2012-01-31", 
        "operating_revenue": 12305, 
        "accumulated_operating_revenue": 12305, 
        "long_term_average": 12305, 
        "short_term_average": 12305
    }, 
    {
        "date": "2012-02-29", 
        "operating_revenue": 23828, 
        "accumulated_operating_revenue": 36133, 
        "long_term_average": 18066, 
        "short_term_average": 18066
    }, 
    {
        "date": "2012-03-31", 
        "operating_revenue": 20776, 
        "accumulated_operating_revenue": 56909, 
        "long_term_average": 18969, 
        "short_term_average": 18969
    }, 
    {
        "date": "2012-04-30", 
        "operating_revenue": 27501, 
        "accumulated_operating_revenue": 84410, 
        "long_term_average": 21102, 
        "short_term_average": 24035
    }, 
    {
        "date": "2012-05-31", 
        "operating_revenue": 22341, 
        "accumulated_operating_revenue": 106751, 
        "long_term_average": 21350, 
        "short_term_average": 23539
    }, 
    {
        "date": "2012-06-30", 
        "operating_revenue": 34855, 
        "accumulated_operating_revenue": 141606, 
        "long_term_average": 23601, 
        "short_term_average": 28232
    }, 
    {
        "date": "2012-07-31", 
        "operating_revenue": 29307, 
        "accumulated_operating_revenue": 170913, 
        "long_term_average": 24416, 
        "short_term_average": 28834
    }, 
    {
        "date": "2012-08-31", 
        "operating_revenue": 22621, 
        "accumulated_operating_revenue": 193534, 
        "long_term_average": 24191, 
        "short_term_average": 28927
    }, 
    {
        "date": "2012-09-30", 
        "operating_revenue": 45810, 
        "accumulated_operating_revenue": 239344, 
        "long_term_average": 26593, 
        "short_term_average": 32579
    }, 
    {
        "date": "2012-10-31", 
        "operating_revenue": 42544, 
        "accumulated_operating_revenue": 281888, 
        "long_term_average": 28188, 
        "short_term_average": 36991
    }, 
    {
        "date": "2012-11-30", 
        "operating_revenue": 27573, 
        "accumulated_operating_revenue": 309461, 
        "long_term_average": 28132, 
        "short_term_average": 38642
    }, 
    {
        "date": "2012-12-31", 
        "operating_revenue": 29803, 
        "accumulated_operating_revenue": 339264, 
        "long_term_average": 28272, 
        "short_term_average": 33306
    }, 
    {
        "accumulated_operating_revenue_yoy": 107.6472978464039, 
        "accumulated_operating_revenue": 25551, 
        "long_term_average": 29375, 
        "date": "2013-01-31", 
        "operating_revenue": 25551, 
        "short_term_average": 27642
    }, 
    {
        "accumulated_operating_revenue_yoy": 24.51775385381784, 
        "accumulated_operating_revenue": 44992, 
        "long_term_average": 29010, 
        "date": "2013-02-28", 
        "operating_revenue": 19441, 
        "short_term_average": 24931
    }, 
    {
        "accumulated_operating_revenue_yoy": 70.22966490361806, 
        "accumulated_operating_revenue": 96876, 
        "long_term_average": 31602, 
        "date": "2013-03-31", 
        "operating_revenue": 51884, 
        "short_term_average": 32292
    }, 
    {
        "accumulated_operating_revenue_yoy": 76.81198910081744, 
        "accumulated_operating_revenue": 149247, 
        "long_term_average": 33675, 
        "date": "2013-04-30", 
        "operating_revenue": 52371, 
        "short_term_average": 41232
    }, 
    {
        "accumulated_operating_revenue_yoy": 87.52423864881827, 
        "accumulated_operating_revenue": 200184, 
        "long_term_average": 36058, 
        "date": "2013-05-31", 
        "operating_revenue": 50937, 
        "short_term_average": 51730
    }, 
    {
        "accumulated_operating_revenue_yoy": 68.83253534454755, 
        "accumulated_operating_revenue": 239077, 
        "long_term_average": 36394, 
        "date": "2013-06-30", 
        "operating_revenue": 38893, 
        "short_term_average": 47400
    }, 
    {
        "accumulated_operating_revenue_yoy": 64.21805245943843, 
        "accumulated_operating_revenue": 280670, 
        "long_term_average": 37418, 
        "date": "2013-07-31", 
        "operating_revenue": 41593, 
        "short_term_average": 43807
    }, 
    {
        "accumulated_operating_revenue_yoy": 76.65578141308504, 
        "accumulated_operating_revenue": 341889, 
        "long_term_average": 40634, 
        "date": "2013-08-31", 
        "operating_revenue": 61219, 
        "short_term_average": 47235
    }, 
    {
        "accumulated_operating_revenue_yoy": 64.28696771174543, 
        "accumulated_operating_revenue": 393211, 
        "long_term_average": 41094, 
        "date": "2013-09-30", 
        "operating_revenue": 51322, 
        "short_term_average": 51378
    }, 
    {
        "accumulated_operating_revenue_yoy": 59.502355545464866, 
        "accumulated_operating_revenue": 449618, 
        "long_term_average": 42249, 
        "date": "2013-10-31", 
        "operating_revenue": 56407, 
        "short_term_average": 56316
    }, 
    {
        "accumulated_operating_revenue_yoy": 61.89794513686701, 
        "accumulated_operating_revenue": 501011, 
        "long_term_average": 44234, 
        "date": "2013-11-30", 
        "operating_revenue": 51393, 
        "short_term_average": 53040
    }, 
    {
        "accumulated_operating_revenue_yoy": 59.50439775514054, 
        "accumulated_operating_revenue": 541141, 
        "long_term_average": 45095, 
        "date": "2013-12-31", 
        "operating_revenue": 40130, 
        "short_term_average": 49310
    }, 
    {
        "accumulated_operating_revenue_yoy": 163.67265469061877, 
        "accumulated_operating_revenue": 67371, 
        "long_term_average": 48580, 
        "date": "2014-01-31", 
        "operating_revenue": 67371, 
        "short_term_average": 52964
    }, 
    {
        "accumulated_operating_revenue_yoy": 186.42425320056898, 
        "accumulated_operating_revenue": 128868, 
        "long_term_average": 52084, 
        "date": "2014-02-28", 
        "operating_revenue": 61497, 
        "short_term_average": 56332
    }, 
    {
        "accumulated_operating_revenue_yoy": 104.04537759610224, 
        "accumulated_operating_revenue": 197671, 
        "long_term_average": 53494, 
        "date": "2014-03-31", 
        "operating_revenue": 68803, 
        "short_term_average": 65890
    }, 
    {
        "accumulated_operating_revenue_yoy": 71.89357240011525, 
        "accumulated_operating_revenue": 256546, 
        "long_term_average": 54036, 
        "date": "2014-04-30", 
        "operating_revenue": 58875, 
        "short_term_average": 63058
    }, 
    {
        "accumulated_operating_revenue_yoy": 64.07355233185469, 
        "accumulated_operating_revenue": 328449, 
        "long_term_average": 55783, 
        "date": "2014-05-31", 
        "operating_revenue": 71903, 
        "short_term_average": 66527
    }, 
    {
        "accumulated_operating_revenue_yoy": 66.71490774938617, 
        "accumulated_operating_revenue": 398577, 
        "long_term_average": 58386, 
        "date": "2014-06-30", 
        "operating_revenue": 70128, 
        "short_term_average": 66968
    }, 
    {
        "accumulated_operating_revenue_yoy": 58.22424911818149, 
        "accumulated_operating_revenue": 444088, 
        "long_term_average": 58713, 
        "date": "2014-07-31", 
        "operating_revenue": 45511, 
        "short_term_average": 62514
    }, 
    {
        "accumulated_operating_revenue_yoy": 46.673043005185896, 
        "accumulated_operating_revenue": 501459, 
        "long_term_average": 58392, 
        "date": "2014-08-31", 
        "operating_revenue": 57371, 
        "short_term_average": 57670
    }, 
    {
        "accumulated_operating_revenue_yoy": 43.28057963790433, 
        "accumulated_operating_revenue": 563395, 
        "long_term_average": 59277, 
        "date": "2014-09-30", 
        "operating_revenue": 61936, 
        "short_term_average": 54939
    }, 
    {
        "accumulated_operating_revenue_yoy": 37.01275304814309, 
        "accumulated_operating_revenue": 616034, 
        "long_term_average": 58963, 
        "date": "2014-10-31", 
        "operating_revenue": 52639, 
        "short_term_average": 57315
    }, 
    {
        "accumulated_operating_revenue_yoy": 37.06206051364141, 
        "accumulated_operating_revenue": 686696, 
        "long_term_average": 60568, 
        "date": "2014-11-30", 
        "operating_revenue": 70662, 
        "short_term_average": 61745
    }, 
    {
        "accumulated_operating_revenue_yoy": 38.4297253396065, 
        "accumulated_operating_revenue": 749100, 
        "long_term_average": 62425, 
        "date": "2014-12-31", 
        "operating_revenue": 62404, 
        "short_term_average": 61901
    }, 
    {
        "accumulated_operating_revenue_yoy": -4.975434534146739, 
        "accumulated_operating_revenue": 64019, 
        "long_term_average": 62145, 
        "date": "2015-01-31", 
        "operating_revenue": 64019, 
        "short_term_average": 65695
    }, 
    {
        "accumulated_operating_revenue_yoy": 4.541856783685632, 
        "accumulated_operating_revenue": 134721, 
        "long_term_average": 62912, 
        "date": "2015-02-28", 
        "operating_revenue": 70702, 
        "short_term_average": 65708
    }, 
    {
        "accumulated_operating_revenue_yoy": 8.475193629819247, 
        "accumulated_operating_revenue": 214424, 
        "long_term_average": 63821, 
        "date": "2015-03-31", 
        "operating_revenue": 79703, 
        "short_term_average": 71474
    }, 
    {
        "accumulated_operating_revenue_yoy": 12.310462840971988, 
        "accumulated_operating_revenue": 288128, 
        "long_term_average": 65056, 
        "date": "2015-04-30", 
        "operating_revenue": 73704, 
        "short_term_average": 74703
    }, 
    {
        "accumulated_operating_revenue_yoy": 9.339349488048372, 
        "accumulated_operating_revenue": 359124, 
        "long_term_average": 64981, 
        "date": "2015-05-31", 
        "operating_revenue": 70996, 
        "short_term_average": 74801
    }, 
    {
        "accumulated_operating_revenue_yoy": 8.046374978987748, 
        "accumulated_operating_revenue": 430648, 
        "long_term_average": 65097, 
        "date": "2015-06-30", 
        "operating_revenue": 71524, 
        "short_term_average": 72074
    }, 
    {
        "accumulated_operating_revenue_yoy": 8.235304714380934, 
        "accumulated_operating_revenue": 480660, 
        "long_term_average": 65472, 
        "date": "2015-07-31", 
        "operating_revenue": 50012, 
        "short_term_average": 64177
    }, 
    {
        "accumulated_operating_revenue_yoy": 12.49454092956752, 
        "accumulated_operating_revenue": 564114, 
        "long_term_average": 67646, 
        "date": "2015-08-31", 
        "operating_revenue": 83454, 
        "short_term_average": 68330
    }
]