[
    {
        "date": "2012-01-31", 
        "operating_revenue": 52607, 
        "accumulated_operating_revenue": 52607, 
        "long_term_average": 52607, 
        "short_term_average": 52607
    }, 
    {
        "date": "2012-02-29", 
        "operating_revenue": 53952, 
        "accumulated_operating_revenue": 106559, 
        "long_term_average": 53279, 
        "short_term_average": 53279
    }, 
    {
        "date": "2012-03-31", 
        "operating_revenue": 65587, 
        "accumulated_operating_revenue": 172146, 
        "long_term_average": 57382, 
        "short_term_average": 57382
    }, 
    {
        "date": "2012-04-30", 
        "operating_revenue": 63571, 
        "accumulated_operating_revenue": 235717, 
        "long_term_average": 58929, 
        "short_term_average": 61036
    }, 
    {
        "date": "2012-05-31", 
        "operating_revenue": 66297, 
        "accumulated_operating_revenue": 302014, 
        "long_term_average": 60402, 
        "short_term_average": 65151
    }, 
    {
        "date": "2012-06-30", 
        "operating_revenue": 68657, 
        "accumulated_operating_revenue": 370671, 
        "long_term_average": 61778, 
        "short_term_average": 66175
    }, 
    {
        "date": "2012-07-31", 
        "operating_revenue": 79869, 
        "accumulated_operating_revenue": 450540, 
        "long_term_average": 64362, 
        "short_term_average": 71607
    }, 
    {
        "date": "2012-08-31", 
        "operating_revenue": 72891, 
        "accumulated_operating_revenue": 523431, 
        "long_term_average": 65428, 
        "short_term_average": 73805
    }, 
    {
        "date": "2012-09-30", 
        "operating_revenue": 66787, 
        "accumulated_operating_revenue": 590218, 
        "long_term_average": 65579, 
        "short_term_average": 73182
    }, 
    {
        "date": "2012-10-31", 
        "operating_revenue": 70324, 
        "accumulated_operating_revenue": 660542, 
        "long_term_average": 66054, 
        "short_term_average": 70000
    }, 
    {
        "date": "2012-11-30", 
        "operating_revenue": 55361, 
        "accumulated_operating_revenue": 715903, 
        "long_term_average": 65082, 
        "short_term_average": 64157
    }, 
    {
        "date": "2012-12-31", 
        "operating_revenue": 45500, 
        "accumulated_operating_revenue": 761403, 
        "long_term_average": 63450, 
        "short_term_average": 57061
    }, 
    {
        "accumulated_operating_revenue_yoy": -4.805444142414507, 
        "accumulated_operating_revenue": 50079, 
        "long_term_average": 63239, 
        "date": "2013-01-31", 
        "operating_revenue": 50079, 
        "short_term_average": 50313
    }, 
    {
        "accumulated_operating_revenue_yoy": -11.613284659202883, 
        "accumulated_operating_revenue": 94184, 
        "long_term_average": 62419, 
        "date": "2013-02-28", 
        "operating_revenue": 44105, 
        "short_term_average": 46561
    }, 
    {
        "accumulated_operating_revenue_yoy": -1.3738338387182973, 
        "accumulated_operating_revenue": 169781, 
        "long_term_average": 63253, 
        "date": "2013-03-31", 
        "operating_revenue": 75597, 
        "short_term_average": 56593
    }, 
    {
        "accumulated_operating_revenue_yoy": 5.249515308611598, 
        "accumulated_operating_revenue": 248091, 
        "long_term_average": 64481, 
        "date": "2013-04-30", 
        "operating_revenue": 78310, 
        "short_term_average": 66004
    }, 
    {
        "accumulated_operating_revenue_yoy": 9.716768096843193, 
        "accumulated_operating_revenue": 331360, 
        "long_term_average": 65895, 
        "date": "2013-05-31", 
        "operating_revenue": 83269, 
        "short_term_average": 79058
    }, 
    {
        "accumulated_operating_revenue_yoy": 11.194023810872714, 
        "accumulated_operating_revenue": 412164, 
        "long_term_average": 66908, 
        "date": "2013-06-30", 
        "operating_revenue": 80804, 
        "short_term_average": 80794
    }, 
    {
        "accumulated_operating_revenue_yoy": 8.434767168286944, 
        "accumulated_operating_revenue": 488542, 
        "long_term_average": 66617, 
        "date": "2013-07-31", 
        "operating_revenue": 76378, 
        "short_term_average": 80150
    }, 
    {
        "accumulated_operating_revenue_yoy": 8.22324241399535, 
        "accumulated_operating_revenue": 566474, 
        "long_term_average": 67037, 
        "date": "2013-08-31", 
        "operating_revenue": 77932, 
        "short_term_average": 78371
    }, 
    {
        "accumulated_operating_revenue_yoy": 9.912777990505203, 
        "accumulated_operating_revenue": 648725, 
        "long_term_average": 68325, 
        "date": "2013-09-30", 
        "operating_revenue": 82251, 
        "short_term_average": 78853
    }, 
    {
        "accumulated_operating_revenue_yoy": 10.27852884449437, 
        "accumulated_operating_revenue": 728436, 
        "long_term_average": 69108, 
        "date": "2013-10-31", 
        "operating_revenue": 79711, 
        "short_term_average": 79964
    }, 
    {
        "accumulated_operating_revenue_yoy": 12.538709853150495, 
        "accumulated_operating_revenue": 805668, 
        "long_term_average": 70930, 
        "date": "2013-11-30", 
        "operating_revenue": 77232, 
        "short_term_average": 79731
    }, 
    {
        "accumulated_operating_revenue_yoy": 15.306742946901968, 
        "accumulated_operating_revenue": 877949, 
        "long_term_average": 73162, 
        "date": "2013-12-31", 
        "operating_revenue": 72281, 
        "short_term_average": 76408
    }, 
    {
        "accumulated_operating_revenue_yoy": 90.89039317877753, 
        "accumulated_operating_revenue": 95596, 
        "long_term_average": 76955, 
        "date": "2014-01-31", 
        "operating_revenue": 95596, 
        "short_term_average": 81703
    }, 
    {
        "accumulated_operating_revenue_yoy": 87.54140830714347, 
        "accumulated_operating_revenue": 176634, 
        "long_term_average": 80033, 
        "date": "2014-02-28", 
        "operating_revenue": 81038, 
        "short_term_average": 82971
    }, 
    {
        "accumulated_operating_revenue_yoy": 58.07128006078419, 
        "accumulated_operating_revenue": 268375, 
        "long_term_average": 81378, 
        "date": "2014-03-31", 
        "operating_revenue": 91741, 
        "short_term_average": 89458
    }, 
    {
        "accumulated_operating_revenue_yoy": 45.89888387728696, 
        "accumulated_operating_revenue": 361962, 
        "long_term_average": 82651, 
        "date": "2014-04-30", 
        "operating_revenue": 93587, 
        "short_term_average": 88788
    }, 
    {
        "accumulated_operating_revenue_yoy": 39.667129406084015, 
        "accumulated_operating_revenue": 462801, 
        "long_term_average": 84115, 
        "date": "2014-05-31", 
        "operating_revenue": 100839, 
        "short_term_average": 95389
    }, 
    {
        "accumulated_operating_revenue_yoy": 37.21528323676983, 
        "accumulated_operating_revenue": 565552, 
        "long_term_average": 85944, 
        "date": "2014-06-30", 
        "operating_revenue": 102751, 
        "short_term_average": 99059
    }, 
    {
        "accumulated_operating_revenue_yoy": 34.325810268103865, 
        "accumulated_operating_revenue": 656238, 
        "long_term_average": 87137, 
        "date": "2014-07-31", 
        "operating_revenue": 90686, 
        "short_term_average": 98092
    }, 
    {
        "accumulated_operating_revenue_yoy": 33.5288115606365, 
        "accumulated_operating_revenue": 756406, 
        "long_term_average": 88990, 
        "date": "2014-08-31", 
        "operating_revenue": 100168, 
        "short_term_average": 97868
    }, 
    {
        "accumulated_operating_revenue_yoy": 30.835716212570812, 
        "accumulated_operating_revenue": 848764, 
        "long_term_average": 89832, 
        "date": "2014-09-30", 
        "operating_revenue": 92358, 
        "short_term_average": 94404
    }, 
    {
        "accumulated_operating_revenue_yoy": 28.45493632934122, 
        "accumulated_operating_revenue": 935712, 
        "long_term_average": 90435, 
        "date": "2014-10-31", 
        "operating_revenue": 86948, 
        "short_term_average": 93158
    }, 
    {
        "accumulated_operating_revenue_yoy": 26.074636202505253, 
        "accumulated_operating_revenue": 1015743, 
        "long_term_average": 90668, 
        "date": "2014-11-30", 
        "operating_revenue": 80031, 
        "short_term_average": 86445
    }, 
    {
        "accumulated_operating_revenue_yoy": 25.461501750101657, 
        "accumulated_operating_revenue": 1101488, 
        "long_term_average": 91790, 
        "date": "2014-12-31", 
        "operating_revenue": 85745, 
        "short_term_average": 84241
    }, 
    {
        "accumulated_operating_revenue_yoy": 9.772375413197205, 
        "accumulated_operating_revenue": 104938, 
        "long_term_average": 92569, 
        "date": "2015-01-31", 
        "operating_revenue": 104938, 
        "short_term_average": 90238
    }, 
    {
        "accumulated_operating_revenue_yoy": 6.232095746005865, 
        "accumulated_operating_revenue": 187642, 
        "long_term_average": 92708, 
        "date": "2015-02-28", 
        "operating_revenue": 82704, 
        "short_term_average": 91129
    }, 
    {
        "accumulated_operating_revenue_yoy": 5.1536096879366555, 
        "accumulated_operating_revenue": 282206, 
        "long_term_average": 92943, 
        "date": "2015-03-31", 
        "operating_revenue": 94564, 
        "short_term_average": 94068
    }, 
    {
        "accumulated_operating_revenue_yoy": 6.322763162983959, 
        "accumulated_operating_revenue": 384848, 
        "long_term_average": 93697, 
        "date": "2015-04-30", 
        "operating_revenue": 102642, 
        "short_term_average": 93303
    }, 
    {
        "accumulated_operating_revenue_yoy": 3.076052126075786, 
        "accumulated_operating_revenue": 477037, 
        "long_term_average": 92977, 
        "date": "2015-05-31", 
        "operating_revenue": 92189, 
        "short_term_average": 96465
    }, 
    {
        "accumulated_operating_revenue_yoy": 0.30554219594307863, 
        "accumulated_operating_revenue": 567280, 
        "long_term_average": 91934, 
        "date": "2015-06-30", 
        "operating_revenue": 90243, 
        "short_term_average": 95024
    }, 
    {
        "accumulated_operating_revenue_yoy": -1.2778900337987131, 
        "accumulated_operating_revenue": 647852, 
        "long_term_average": 91091, 
        "date": "2015-07-31", 
        "operating_revenue": 80572, 
        "short_term_average": 87668
    }, 
    {
        "accumulated_operating_revenue_yoy": -3.19537391295151, 
        "accumulated_operating_revenue": 732236, 
        "long_term_average": 89776, 
        "date": "2015-08-31", 
        "operating_revenue": 84384, 
        "short_term_average": 85066
    }, 
    {
        "accumulated_operating_revenue_yoy": -2.114133021664444, 
        "accumulated_operating_revenue": 830820, 
        "long_term_average": 90295, 
        "date": "2015-09-30", 
        "operating_revenue": 98584, 
        "short_term_average": 87846
    }, 
    {
        "accumulated_operating_revenue_yoy": -3.0314883211928456, 
        "accumulated_operating_revenue": 907346, 
        "long_term_average": 89426, 
        "date": "2015-10-31", 
        "operating_revenue": 76526, 
        "short_term_average": 86498
    }
]