[
    {
        "date": "2011-09-30", 
        "operating_revenue": 519604, 
        "accumulated_operating_revenue": 519604, 
        "long_term_average": 519604, 
        "short_term_average": 519604
    }, 
    {
        "date": "2011-10-31", 
        "operating_revenue": 640051, 
        "accumulated_operating_revenue": 1159655, 
        "long_term_average": 579827, 
        "short_term_average": 579827
    }, 
    {
        "date": "2011-11-30", 
        "operating_revenue": 687926, 
        "accumulated_operating_revenue": 1847581, 
        "long_term_average": 615860, 
        "short_term_average": 615860
    }, 
    {
        "date": "2011-12-31", 
        "operating_revenue": 621878, 
        "accumulated_operating_revenue": 2469459, 
        "long_term_average": 617364, 
        "short_term_average": 649951
    }, 
    {
        "date": "2012-01-31", 
        "operating_revenue": 384078, 
        "accumulated_operating_revenue": 384078, 
        "long_term_average": 570707, 
        "short_term_average": 564627
    }, 
    {
        "date": "2012-02-29", 
        "operating_revenue": 402589, 
        "accumulated_operating_revenue": 786667, 
        "long_term_average": 542687, 
        "short_term_average": 469515
    }, 
    {
        "date": "2012-03-31", 
        "operating_revenue": 467493, 
        "accumulated_operating_revenue": 1254160, 
        "long_term_average": 531945, 
        "short_term_average": 418053
    }, 
    {
        "date": "2012-04-30", 
        "operating_revenue": 441836, 
        "accumulated_operating_revenue": 1695996, 
        "long_term_average": 520681, 
        "short_term_average": 437306
    }, 
    {
        "date": "2012-05-31", 
        "operating_revenue": 466914, 
        "accumulated_operating_revenue": 2162910, 
        "long_term_average": 514707, 
        "short_term_average": 458747
    }, 
    {
        "date": "2012-06-30", 
        "operating_revenue": 433368, 
        "accumulated_operating_revenue": 2596278, 
        "long_term_average": 506573, 
        "short_term_average": 447372
    }, 
    {
        "date": "2012-07-31", 
        "operating_revenue": 457381, 
        "accumulated_operating_revenue": 3053659, 
        "long_term_average": 502101, 
        "short_term_average": 452554
    }, 
    {
        "date": "2012-08-31", 
        "operating_revenue": 509692, 
        "accumulated_operating_revenue": 3563351, 
        "long_term_average": 502734, 
        "short_term_average": 466813
    }, 
    {
        "accumulated_operating_revenue_yoy": 668.1174509819016, 
        "accumulated_operating_revenue": 3991169, 
        "long_term_average": 495085, 
        "date": "2012-09-30", 
        "operating_revenue": 427818, 
        "short_term_average": 464963
    }, 
    {
        "accumulated_operating_revenue_yoy": 280.3980494198706, 
        "accumulated_operating_revenue": 4411305, 
        "long_term_average": 476759, 
        "date": "2012-10-31", 
        "operating_revenue": 420136, 
        "short_term_average": 452548
    }, 
    {
        "accumulated_operating_revenue_yoy": 164.86378675684585, 
        "accumulated_operating_revenue": 4893573, 
        "long_term_average": 459620, 
        "date": "2012-11-30", 
        "operating_revenue": 482268, 
        "short_term_average": 443407
    }, 
    {
        "accumulated_operating_revenue_yoy": 115.50934840384069, 
        "accumulated_operating_revenue": 5321915, 
        "long_term_average": 443492, 
        "date": "2012-12-31", 
        "operating_revenue": 428342, 
        "short_term_average": 443582
    }, 
    {
        "accumulated_operating_revenue_yoy": 13.531366024609584, 
        "accumulated_operating_revenue": 436049, 
        "long_term_average": 447823, 
        "date": "2013-01-31", 
        "operating_revenue": 436049, 
        "short_term_average": 448886
    }, 
    {
        "accumulated_operating_revenue_yoy": -7.58275102425804, 
        "accumulated_operating_revenue": 727016, 
        "long_term_average": 438522, 
        "date": "2013-02-28", 
        "operating_revenue": 290967, 
        "short_term_average": 385119
    }, 
    {
        "accumulated_operating_revenue_yoy": -6.539994896982841, 
        "accumulated_operating_revenue": 1172138, 
        "long_term_average": 436657, 
        "date": "2013-03-31", 
        "operating_revenue": 445122, 
        "short_term_average": 390712
    }, 
    {
        "accumulated_operating_revenue_yoy": -9.801615098148817, 
        "accumulated_operating_revenue": 1529761, 
        "long_term_average": 429640, 
        "date": "2013-04-30", 
        "operating_revenue": 357623, 
        "short_term_average": 364570
    }, 
    {
        "accumulated_operating_revenue_yoy": -13.603571114840655, 
        "accumulated_operating_revenue": 1868677, 
        "long_term_average": 418973, 
        "date": "2013-05-31", 
        "operating_revenue": 338916, 
        "short_term_average": 380553
    }, 
    {
        "accumulated_operating_revenue_yoy": -13.82294191916274, 
        "accumulated_operating_revenue": 2237396, 
        "long_term_average": 413586, 
        "date": "2013-06-30", 
        "operating_revenue": 368719, 
        "short_term_average": 355086
    }, 
    {
        "accumulated_operating_revenue_yoy": -12.62937348276281, 
        "accumulated_operating_revenue": 2668001, 
        "long_term_average": 411354, 
        "date": "2013-07-31", 
        "operating_revenue": 430605, 
        "short_term_average": 379413
    }, 
    {
        "accumulated_operating_revenue_yoy": -11.336744541865228, 
        "accumulated_operating_revenue": 3159383, 
        "long_term_average": 409828, 
        "date": "2013-08-31", 
        "operating_revenue": 491382, 
        "short_term_average": 430235
    }, 
    {
        "accumulated_operating_revenue_yoy": -9.834587310133948, 
        "accumulated_operating_revenue": 3598654, 
        "long_term_average": 410783, 
        "date": "2013-09-30", 
        "operating_revenue": 439271, 
        "short_term_average": 453752
    }, 
    {
        "accumulated_operating_revenue_yoy": -9.00592908447727, 
        "accumulated_operating_revenue": 4014026, 
        "long_term_average": 410386, 
        "date": "2013-10-31", 
        "operating_revenue": 415372, 
        "short_term_average": 448675
    }, 
    {
        "accumulated_operating_revenue_yoy": -8.803363105035931, 
        "accumulated_operating_revenue": 4462774, 
        "long_term_average": 407593, 
        "date": "2013-11-30", 
        "operating_revenue": 448748, 
        "short_term_average": 434463
    }, 
    {
        "accumulated_operating_revenue_yoy": -7.930021430255839, 
        "accumulated_operating_revenue": 4899886, 
        "long_term_average": 408323, 
        "date": "2013-12-31", 
        "operating_revenue": 437112, 
        "short_term_average": 433744
    }, 
    {
        "accumulated_operating_revenue_yoy": -30.413095775933442, 
        "accumulated_operating_revenue": 303433, 
        "long_term_average": 397272, 
        "date": "2014-01-31", 
        "operating_revenue": 303433, 
        "short_term_average": 396431
    }, 
    {
        "accumulated_operating_revenue_yoy": -29.518332471362392, 
        "accumulated_operating_revenue": 512413, 
        "long_term_average": 390440, 
        "date": "2014-02-28", 
        "operating_revenue": 208980, 
        "short_term_average": 316508
    }, 
    {
        "accumulated_operating_revenue_yoy": -29.288104301711915, 
        "accumulated_operating_revenue": 828841, 
        "long_term_average": 379715, 
        "date": "2014-03-31", 
        "operating_revenue": 316428, 
        "short_term_average": 276280
    }, 
    {
        "accumulated_operating_revenue_yoy": -26.036943025740623, 
        "accumulated_operating_revenue": 1131458, 
        "long_term_average": 375131, 
        "date": "2014-04-30", 
        "operating_revenue": 302617, 
        "short_term_average": 276008
    }, 
    {
        "accumulated_operating_revenue_yoy": -22.92964487709754, 
        "accumulated_operating_revenue": 1440196, 
        "long_term_average": 372617, 
        "date": "2014-05-31", 
        "operating_revenue": 308738, 
        "short_term_average": 309261
    }, 
    {
        "accumulated_operating_revenue_yoy": -21.222394247598547, 
        "accumulated_operating_revenue": 1762567, 
        "long_term_average": 368754, 
        "date": "2014-06-30", 
        "operating_revenue": 322371, 
        "short_term_average": 311242
    }, 
    {
        "accumulated_operating_revenue_yoy": -18.744970485393374, 
        "accumulated_operating_revenue": 2167885, 
        "long_term_average": 366647, 
        "date": "2014-07-31", 
        "operating_revenue": 405318, 
        "short_term_average": 345475
    }, 
    {
        "accumulated_operating_revenue_yoy": -20.8901231664537, 
        "accumulated_operating_revenue": 2499384, 
        "long_term_average": 353323, 
        "date": "2014-08-31", 
        "operating_revenue": 331499, 
        "short_term_average": 353062
    }, 
    {
        "accumulated_operating_revenue_yoy": -18.806948375698244, 
        "accumulated_operating_revenue": 2921857, 
        "long_term_average": 351924, 
        "date": "2014-09-30", 
        "operating_revenue": 422473, 
        "short_term_average": 386430
    }, 
    {
        "accumulated_operating_revenue_yoy": -17.825594552700956, 
        "accumulated_operating_revenue": 3298502, 
        "long_term_average": 348696, 
        "date": "2014-10-31", 
        "operating_revenue": 376645, 
        "short_term_average": 376872
    }, 
    {
        "accumulated_operating_revenue_yoy": -17.494096721008052, 
        "accumulated_operating_revenue": 3682052, 
        "long_term_average": 343263, 
        "date": "2014-11-30", 
        "operating_revenue": 383550, 
        "short_term_average": 394222
    }, 
    {
        "accumulated_operating_revenue_yoy": -16.770308533708743, 
        "accumulated_operating_revenue": 4078160, 
        "long_term_average": 339846, 
        "date": "2014-12-31", 
        "operating_revenue": 396108, 
        "short_term_average": 385434
    }, 
    {
        "accumulated_operating_revenue_yoy": 0.6225427030019807, 
        "accumulated_operating_revenue": 305322, 
        "long_term_average": 340004, 
        "date": "2015-01-31", 
        "operating_revenue": 305322, 
        "short_term_average": 361660
    }, 
    {
        "accumulated_operating_revenue_yoy": 1.4554665865229803, 
        "accumulated_operating_revenue": 519871, 
        "long_term_average": 340468, 
        "date": "2015-02-28", 
        "operating_revenue": 214549, 
        "short_term_average": 305326
    }, 
    {
        "accumulated_operating_revenue_yoy": -2.7713397382610174, 
        "accumulated_operating_revenue": 805871, 
        "long_term_average": 337932, 
        "date": "2015-03-31", 
        "operating_revenue": 286000, 
        "short_term_average": 268623
    }, 
    {
        "accumulated_operating_revenue_yoy": 1.5680652750698656, 
        "accumulated_operating_revenue": 1149200, 
        "long_term_average": 341325, 
        "date": "2015-04-30", 
        "operating_revenue": 343329, 
        "short_term_average": 281292
    }, 
    {
        "accumulated_operating_revenue_yoy": 3.6938722229474323, 
        "accumulated_operating_revenue": 1493395, 
        "long_term_average": 344279, 
        "date": "2015-05-31", 
        "operating_revenue": 344195, 
        "short_term_average": 324508
    }, 
    {
        "accumulated_operating_revenue_yoy": 6.473456044507811, 
        "accumulated_operating_revenue": 1876666, 
        "long_term_average": 349354, 
        "date": "2015-06-30", 
        "operating_revenue": 383271, 
        "short_term_average": 356931
    }, 
    {
        "accumulated_operating_revenue_yoy": 7.978375236693829, 
        "accumulated_operating_revenue": 2340847, 
        "long_term_average": 354260, 
        "date": "2015-07-31", 
        "operating_revenue": 464181, 
        "short_term_average": 397215
    }, 
    {
        "accumulated_operating_revenue_yoy": 10.547518908659095, 
        "accumulated_operating_revenue": 2763007, 
        "long_term_average": 361815, 
        "date": "2015-08-31", 
        "operating_revenue": 422160, 
        "short_term_average": 423204
    }, 
    {
        "accumulated_operating_revenue_yoy": 9.27345178083664, 
        "accumulated_operating_revenue": 3192814, 
        "long_term_average": 362426, 
        "date": "2015-09-30", 
        "operating_revenue": 429807, 
        "short_term_average": 438716
    }
]