[
    {
        "date": "2012-01-31", 
        "operating_revenue": 35049, 
        "accumulated_operating_revenue": 35049, 
        "long_term_average": 35049, 
        "short_term_average": 35049
    }, 
    {
        "date": "2012-02-29", 
        "operating_revenue": 85082, 
        "accumulated_operating_revenue": 120131, 
        "long_term_average": 60065, 
        "short_term_average": 60065
    }, 
    {
        "date": "2012-03-31", 
        "operating_revenue": 63297, 
        "accumulated_operating_revenue": 183428, 
        "long_term_average": 61142, 
        "short_term_average": 61142
    }, 
    {
        "date": "2012-04-30", 
        "operating_revenue": 60062, 
        "accumulated_operating_revenue": 243490, 
        "long_term_average": 60872, 
        "short_term_average": 69480
    }, 
    {
        "date": "2012-05-31", 
        "operating_revenue": 71792, 
        "accumulated_operating_revenue": 315282, 
        "long_term_average": 63056, 
        "short_term_average": 65050
    }, 
    {
        "date": "2012-06-30", 
        "operating_revenue": 77227, 
        "accumulated_operating_revenue": 392509, 
        "long_term_average": 65418, 
        "short_term_average": 69693
    }, 
    {
        "date": "2012-07-31", 
        "operating_revenue": 149755, 
        "accumulated_operating_revenue": 542264, 
        "long_term_average": 77466, 
        "short_term_average": 99591
    }, 
    {
        "date": "2012-08-31", 
        "operating_revenue": 135763, 
        "accumulated_operating_revenue": 678027, 
        "long_term_average": 84753, 
        "short_term_average": 120915
    }, 
    {
        "date": "2012-09-30", 
        "operating_revenue": 183652, 
        "accumulated_operating_revenue": 861679, 
        "long_term_average": 95742, 
        "short_term_average": 156390
    }, 
    {
        "date": "2012-10-31", 
        "operating_revenue": 183422, 
        "accumulated_operating_revenue": 1045101, 
        "long_term_average": 104510, 
        "short_term_average": 167612
    }, 
    {
        "date": "2012-11-30", 
        "operating_revenue": 206490, 
        "accumulated_operating_revenue": 1251591, 
        "long_term_average": 113781, 
        "short_term_average": 191188
    }, 
    {
        "date": "2012-12-31", 
        "operating_revenue": 188677, 
        "accumulated_operating_revenue": 1440268, 
        "long_term_average": 120022, 
        "short_term_average": 192863
    }, 
    {
        "accumulated_operating_revenue_yoy": 440.3092812919057, 
        "accumulated_operating_revenue": 189373, 
        "long_term_average": 132882, 
        "date": "2013-01-31", 
        "operating_revenue": 189373, 
        "short_term_average": 194846
    }, 
    {
        "accumulated_operating_revenue_yoy": 148.78840599012744, 
        "accumulated_operating_revenue": 298872, 
        "long_term_average": 134917, 
        "date": "2013-02-28", 
        "operating_revenue": 109499, 
        "short_term_average": 162516
    }, 
    {
        "accumulated_operating_revenue_yoy": 149.85171293368515, 
        "accumulated_operating_revenue": 458298, 
        "long_term_average": 142928, 
        "date": "2013-03-31", 
        "operating_revenue": 159426, 
        "short_term_average": 152766
    }, 
    {
        "accumulated_operating_revenue_yoy": 142.19598340794283, 
        "accumulated_operating_revenue": 589723, 
        "long_term_average": 148875, 
        "date": "2013-04-30", 
        "operating_revenue": 131425, 
        "short_term_average": 133450
    }, 
    {
        "accumulated_operating_revenue_yoy": 120.42837840409537, 
        "accumulated_operating_revenue": 694971, 
        "long_term_average": 151663, 
        "date": "2013-05-31", 
        "operating_revenue": 105248, 
        "short_term_average": 132033
    }, 
    {
        "accumulated_operating_revenue_yoy": 103.0175104265125, 
        "accumulated_operating_revenue": 796862, 
        "long_term_average": 153718, 
        "date": "2013-06-30", 
        "operating_revenue": 101891, 
        "short_term_average": 112854
    }, 
    {
        "accumulated_operating_revenue_yoy": 71.47791481639939, 
        "accumulated_operating_revenue": 929863, 
        "long_term_average": 152322, 
        "date": "2013-07-31", 
        "operating_revenue": 133001, 
        "short_term_average": 113380
    }, 
    {
        "accumulated_operating_revenue_yoy": 56.04422832719052, 
        "accumulated_operating_revenue": 1058022, 
        "long_term_average": 151688, 
        "date": "2013-08-31", 
        "operating_revenue": 128159, 
        "short_term_average": 121017
    }, 
    {
        "accumulated_operating_revenue_yoy": 38.76269469257113, 
        "accumulated_operating_revenue": 1195689, 
        "long_term_average": 147856, 
        "date": "2013-09-30", 
        "operating_revenue": 137667, 
        "short_term_average": 132942
    }, 
    {
        "accumulated_operating_revenue_yoy": 26.246458476262102, 
        "accumulated_operating_revenue": 1319403, 
        "long_term_average": 142880, 
        "date": "2013-10-31", 
        "operating_revenue": 123714, 
        "short_term_average": 129846
    }, 
    {
        "accumulated_operating_revenue_yoy": 18.24349967361542, 
        "accumulated_operating_revenue": 1479925, 
        "long_term_average": 139050, 
        "date": "2013-11-30", 
        "operating_revenue": 160522, 
        "short_term_average": 140634
    }, 
    {
        "accumulated_operating_revenue_yoy": 16.324947856926627, 
        "accumulated_operating_revenue": 1675391, 
        "long_term_average": 139615, 
        "date": "2013-12-31", 
        "operating_revenue": 195466, 
        "short_term_average": 159900
    }, 
    {
        "accumulated_operating_revenue_yoy": 1.5023260971733035, 
        "accumulated_operating_revenue": 192218, 
        "long_term_average": 139853, 
        "date": "2014-01-31", 
        "operating_revenue": 192218, 
        "short_term_average": 182735
    }, 
    {
        "accumulated_operating_revenue_yoy": 9.19858668593913, 
        "accumulated_operating_revenue": 326364, 
        "long_term_average": 141906, 
        "date": "2014-02-28", 
        "operating_revenue": 134146, 
        "short_term_average": 173943
    }, 
    {
        "accumulated_operating_revenue_yoy": 8.20666902321197, 
        "accumulated_operating_revenue": 495909, 
        "long_term_average": 142750, 
        "date": "2014-03-31", 
        "operating_revenue": 169545, 
        "short_term_average": 165303
    }, 
    {
        "accumulated_operating_revenue_yoy": 9.53583292494951, 
        "accumulated_operating_revenue": 645958, 
        "long_term_average": 144302, 
        "date": "2014-04-30", 
        "operating_revenue": 150049, 
        "short_term_average": 151246
    }, 
    {
        "accumulated_operating_revenue_yoy": 13.338686074670742, 
        "accumulated_operating_revenue": 787671, 
        "long_term_average": 147340, 
        "date": "2014-05-31", 
        "operating_revenue": 141713, 
        "short_term_average": 153769
    }, 
    {
        "accumulated_operating_revenue_yoy": 14.823771242699488, 
        "accumulated_operating_revenue": 914987, 
        "long_term_average": 149459, 
        "date": "2014-06-30", 
        "operating_revenue": 127316, 
        "short_term_average": 139692
    }, 
    {
        "accumulated_operating_revenue_yoy": 14.574405046764955, 
        "accumulated_operating_revenue": 1065385, 
        "long_term_average": 150909, 
        "date": "2014-07-31", 
        "operating_revenue": 150398, 
        "short_term_average": 139809
    }, 
    {
        "accumulated_operating_revenue_yoy": 13.730338310545529, 
        "accumulated_operating_revenue": 1203292, 
        "long_term_average": 151721, 
        "date": "2014-08-31", 
        "operating_revenue": 137907, 
        "short_term_average": 138540
    }, 
    {
        "accumulated_operating_revenue_yoy": 13.856362314949791, 
        "accumulated_operating_revenue": 1361368, 
        "long_term_average": 153422, 
        "date": "2014-09-30", 
        "operating_revenue": 158076, 
        "short_term_average": 148793
    }, 
    {
        "accumulated_operating_revenue_yoy": 14.740833543655729, 
        "accumulated_operating_revenue": 1513894, 
        "long_term_average": 155823, 
        "date": "2014-10-31", 
        "operating_revenue": 152526, 
        "short_term_average": 149503
    }, 
    {
        "accumulated_operating_revenue_yoy": 10.859401658867847, 
        "accumulated_operating_revenue": 1640636, 
        "long_term_average": 153008, 
        "date": "2014-11-30", 
        "operating_revenue": 126742, 
        "short_term_average": 145781
    }, 
    {
        "accumulated_operating_revenue_yoy": 11.216724931672667, 
        "accumulated_operating_revenue": 1863315, 
        "long_term_average": 155276, 
        "date": "2014-12-31", 
        "operating_revenue": 222679, 
        "short_term_average": 167315
    }, 
    {
        "accumulated_operating_revenue_yoy": -13.32133306974373, 
        "accumulated_operating_revenue": 166612, 
        "long_term_average": 153142, 
        "date": "2015-01-31", 
        "operating_revenue": 166612, 
        "short_term_average": 172011
    }, 
    {
        "accumulated_operating_revenue_yoy": -11.876922699807576, 
        "accumulated_operating_revenue": 287602, 
        "long_term_average": 152046, 
        "date": "2015-02-28", 
        "operating_revenue": 120990, 
        "short_term_average": 170093
    }, 
    {
        "accumulated_operating_revenue_yoy": -6.3652807269075575, 
        "accumulated_operating_revenue": 464343, 
        "long_term_average": 152645, 
        "date": "2015-03-31", 
        "operating_revenue": 176741, 
        "short_term_average": 154781
    }, 
    {
        "accumulated_operating_revenue_yoy": -5.528687623653551, 
        "accumulated_operating_revenue": 610245, 
        "long_term_average": 152300, 
        "date": "2015-04-30", 
        "operating_revenue": 145902, 
        "short_term_average": 147877
    }, 
    {
        "accumulated_operating_revenue_yoy": -3.5532601809638797, 
        "accumulated_operating_revenue": 759683, 
        "long_term_average": 152943, 
        "date": "2015-05-31", 
        "operating_revenue": 149438, 
        "short_term_average": 157360
    }, 
    {
        "accumulated_operating_revenue_yoy": -1.8203537318016538, 
        "accumulated_operating_revenue": 898331, 
        "long_term_average": 153888, 
        "date": "2015-06-30", 
        "operating_revenue": 138648, 
        "short_term_average": 144662
    }, 
    {
        "accumulated_operating_revenue_yoy": -4.196698845957095, 
        "accumulated_operating_revenue": 1020674, 
        "long_term_average": 151550, 
        "date": "2015-07-31", 
        "operating_revenue": 122343, 
        "short_term_average": 136809
    }, 
    {
        "accumulated_operating_revenue_yoy": -0.3174624280723216, 
        "accumulated_operating_revenue": 1199472, 
        "long_term_average": 154957, 
        "date": "2015-08-31", 
        "operating_revenue": 178798, 
        "short_term_average": 146596
    }
]