[
    {
        "date": "2012-01-31", 
        "operating_revenue": 2332641, 
        "accumulated_operating_revenue": 2332641, 
        "long_term_average": 2332641, 
        "short_term_average": 2332641
    }, 
    {
        "date": "2012-02-29", 
        "operating_revenue": 2163876, 
        "accumulated_operating_revenue": 4496517, 
        "long_term_average": 2248258, 
        "short_term_average": 2248258
    }, 
    {
        "date": "2012-03-31", 
        "operating_revenue": 2186438, 
        "accumulated_operating_revenue": 6682955, 
        "long_term_average": 2227651, 
        "short_term_average": 2227651
    }, 
    {
        "date": "2012-04-30", 
        "operating_revenue": 2162846, 
        "accumulated_operating_revenue": 8845801, 
        "long_term_average": 2211450, 
        "short_term_average": 2171053
    }, 
    {
        "date": "2012-05-31", 
        "operating_revenue": 2150385, 
        "accumulated_operating_revenue": 10996186, 
        "long_term_average": 2199237, 
        "short_term_average": 2166556
    }, 
    {
        "date": "2012-06-30", 
        "operating_revenue": 2138963, 
        "accumulated_operating_revenue": 13135149, 
        "long_term_average": 2189191, 
        "short_term_average": 2150731
    }, 
    {
        "date": "2012-07-31", 
        "operating_revenue": 2136839, 
        "accumulated_operating_revenue": 15271988, 
        "long_term_average": 2181712, 
        "short_term_average": 2142062
    }, 
    {
        "date": "2012-08-31", 
        "operating_revenue": 2123846, 
        "accumulated_operating_revenue": 17395834, 
        "long_term_average": 2174479, 
        "short_term_average": 2133216
    }, 
    {
        "date": "2012-09-30", 
        "operating_revenue": 2213459, 
        "accumulated_operating_revenue": 19609293, 
        "long_term_average": 2178810, 
        "short_term_average": 2158048
    }, 
    {
        "date": "2012-10-31", 
        "operating_revenue": 2047614, 
        "accumulated_operating_revenue": 21656907, 
        "long_term_average": 2165690, 
        "short_term_average": 2128306
    }, 
    {
        "date": "2012-11-30", 
        "operating_revenue": 2052075, 
        "accumulated_operating_revenue": 23708982, 
        "long_term_average": 2155362, 
        "short_term_average": 2104382
    }, 
    {
        "date": "2012-12-31", 
        "operating_revenue": 2003207, 
        "accumulated_operating_revenue": 25712189, 
        "long_term_average": 2142682, 
        "short_term_average": 2034298
    }, 
    {
        "accumulated_operating_revenue_yoy": -18.65554965380442, 
        "accumulated_operating_revenue": 1897474, 
        "long_term_average": 2106418, 
        "date": "2013-01-31", 
        "operating_revenue": 1897474, 
        "short_term_average": 1984252
    }, 
    {
        "accumulated_operating_revenue_yoy": -17.89794189591633, 
        "accumulated_operating_revenue": 3691733, 
        "long_term_average": 2075617, 
        "date": "2013-02-28", 
        "operating_revenue": 1794259, 
        "short_term_average": 1898313
    }, 
    {
        "accumulated_operating_revenue_yoy": -18.278949955521174, 
        "accumulated_operating_revenue": 5461381, 
        "long_term_average": 2040884, 
        "date": "2013-03-31", 
        "operating_revenue": 1769648, 
        "short_term_average": 1820460
    }, 
    {
        "accumulated_operating_revenue_yoy": -18.41842248090365, 
        "accumulated_operating_revenue": 7216544, 
        "long_term_average": 2006911, 
        "date": "2013-04-30", 
        "operating_revenue": 1755163, 
        "short_term_average": 1773023
    }, 
    {
        "accumulated_operating_revenue_yoy": -18.259458324913748, 
        "accumulated_operating_revenue": 8988342, 
        "long_term_average": 1975362, 
        "date": "2013-05-31", 
        "operating_revenue": 1771798, 
        "short_term_average": 1765536
    }, 
    {
        "accumulated_operating_revenue_yoy": -18.25904677594445, 
        "accumulated_operating_revenue": 10736796, 
        "long_term_average": 1942819, 
        "date": "2013-06-30", 
        "operating_revenue": 1748454, 
        "short_term_average": 1758471
    }, 
    {
        "accumulated_operating_revenue_yoy": -18.24887499911603, 
        "accumulated_operating_revenue": 12485022, 
        "long_term_average": 1910435, 
        "date": "2013-07-31", 
        "operating_revenue": 1748226, 
        "short_term_average": 1756159
    }, 
    {
        "accumulated_operating_revenue_yoy": -18.782042873023507, 
        "accumulated_operating_revenue": 14128541, 
        "long_term_average": 1870408, 
        "date": "2013-08-31", 
        "operating_revenue": 1643519, 
        "short_term_average": 1713399
    }, 
    {
        "accumulated_operating_revenue_yoy": -20.288033841913627, 
        "accumulated_operating_revenue": 15630953, 
        "long_term_average": 1811154, 
        "date": "2013-09-30", 
        "operating_revenue": 1502412, 
        "short_term_average": 1631385
    }, 
    {
        "accumulated_operating_revenue_yoy": -20.76631718462844, 
        "accumulated_operating_revenue": 17159565, 
        "long_term_average": 1767903, 
        "date": "2013-10-31", 
        "operating_revenue": 1528612, 
        "short_term_average": 1558181
    }, 
    {
        "accumulated_operating_revenue_yoy": -21.37302225797801, 
        "accumulated_operating_revenue": 18641656, 
        "long_term_average": 1720405, 
        "date": "2013-11-30", 
        "operating_revenue": 1482091, 
        "short_term_average": 1504371
    }, 
    {
        "accumulated_operating_revenue_yoy": -21.72832503681425, 
        "accumulated_operating_revenue": 20125361, 
        "long_term_average": 1677113, 
        "date": "2013-12-31", 
        "operating_revenue": 1483705, 
        "short_term_average": 1498136
    }, 
    {
        "accumulated_operating_revenue_yoy": -24.824266366759176, 
        "accumulated_operating_revenue": 1426440, 
        "long_term_average": 1637860, 
        "date": "2014-01-31", 
        "operating_revenue": 1426440, 
        "short_term_average": 1464078
    }, 
    {
        "accumulated_operating_revenue_yoy": -24.724648288486737, 
        "accumulated_operating_revenue": 2778965, 
        "long_term_average": 1601049, 
        "date": "2014-02-28", 
        "operating_revenue": 1352525, 
        "short_term_average": 1420890
    }, 
    {
        "accumulated_operating_revenue_yoy": -23.590132239446397, 
        "accumulated_operating_revenue": 4173034, 
        "long_term_average": 1569751, 
        "date": "2014-03-31", 
        "operating_revenue": 1394069, 
        "short_term_average": 1391011
    }, 
    {
        "accumulated_operating_revenue_yoy": -22.783689810524262, 
        "accumulated_operating_revenue": 5572349, 
        "long_term_average": 1540097, 
        "date": "2014-04-30", 
        "operating_revenue": 1399315, 
        "short_term_average": 1381969
    }, 
    {
        "accumulated_operating_revenue_yoy": -22.72159871086347, 
        "accumulated_operating_revenue": 6946047, 
        "long_term_average": 1506922, 
        "date": "2014-05-31", 
        "operating_revenue": 1373698, 
        "short_term_average": 1389027
    }, 
    {
        "accumulated_operating_revenue_yoy": -22.413753600236046, 
        "accumulated_operating_revenue": 8330277, 
        "long_term_average": 1476570, 
        "date": "2014-06-30", 
        "operating_revenue": 1384230, 
        "short_term_average": 1385747
    }, 
    {
        "accumulated_operating_revenue_yoy": -22.128475224152588, 
        "accumulated_operating_revenue": 9722277, 
        "long_term_average": 1446884, 
        "date": "2014-07-31", 
        "operating_revenue": 1392000, 
        "short_term_average": 1383309
    }, 
    {
        "accumulated_operating_revenue_yoy": -21.652568372063328, 
        "accumulated_operating_revenue": 11069349, 
        "long_term_average": 1422180, 
        "date": "2014-08-31", 
        "operating_revenue": 1347072, 
        "short_term_average": 1374434
    }, 
    {
        "accumulated_operating_revenue_yoy": -20.90718972797116, 
        "accumulated_operating_revenue": 12362960, 
        "long_term_average": 1404780, 
        "date": "2014-09-30", 
        "operating_revenue": 1293611, 
        "short_term_average": 1344227
    }, 
    {
        "accumulated_operating_revenue_yoy": -20.59597664626114, 
        "accumulated_operating_revenue": 13625385, 
        "long_term_average": 1382598, 
        "date": "2014-10-31", 
        "operating_revenue": 1262425, 
        "short_term_average": 1301036
    }, 
    {
        "accumulated_operating_revenue_yoy": -20.37143588530976, 
        "accumulated_operating_revenue": 14844083, 
        "long_term_average": 1360649, 
        "date": "2014-11-30", 
        "operating_revenue": 1218698, 
        "short_term_average": 1258244
    }, 
    {
        "accumulated_operating_revenue_yoy": -18.99511268394142, 
        "accumulated_operating_revenue": 16302526, 
        "long_term_average": 1358543, 
        "date": "2014-12-31", 
        "operating_revenue": 1458443, 
        "short_term_average": 1313188
    }, 
    {
        "accumulated_operating_revenue_yoy": -8.292322144639803, 
        "accumulated_operating_revenue": 1308155, 
        "long_term_average": 1348686, 
        "date": "2015-01-31", 
        "operating_revenue": 1308155, 
        "short_term_average": 1328432
    }, 
    {
        "accumulated_operating_revenue_yoy": -8.989821750183971, 
        "accumulated_operating_revenue": 2529141, 
        "long_term_average": 1337725, 
        "date": "2015-02-28", 
        "operating_revenue": 1220986, 
        "short_term_average": 1329194
    }, 
    {
        "accumulated_operating_revenue_yoy": -9.490912367356701, 
        "accumulated_operating_revenue": 3776975, 
        "long_term_average": 1325538, 
        "date": "2015-03-31", 
        "operating_revenue": 1247834, 
        "short_term_average": 1258991
    }, 
    {
        "accumulated_operating_revenue_yoy": -8.822921895236641, 
        "accumulated_operating_revenue": 5080705, 
        "long_term_average": 1317573, 
        "date": "2015-04-30", 
        "operating_revenue": 1303730, 
        "short_term_average": 1257516
    }, 
    {
        "accumulated_operating_revenue_yoy": -7.970504662580026, 
        "accumulated_operating_revenue": 6392412, 
        "long_term_average": 1312407, 
        "date": "2015-05-31", 
        "operating_revenue": 1311707, 
        "short_term_average": 1287757
    }, 
    {
        "accumulated_operating_revenue_yoy": -8.553521089394746, 
        "accumulated_operating_revenue": 7617745, 
        "long_term_average": 1299166, 
        "date": "2015-06-30", 
        "operating_revenue": 1225333, 
        "short_term_average": 1280256
    }, 
    {
        "accumulated_operating_revenue_yoy": -9.473305481833114, 
        "accumulated_operating_revenue": 8801256, 
        "long_term_average": 1281792, 
        "date": "2015-07-31", 
        "operating_revenue": 1183511, 
        "short_term_average": 1240183
    }, 
    {
        "accumulated_operating_revenue_yoy": -9.808282311814361, 
        "accumulated_operating_revenue": 9983636, 
        "long_term_average": 1268067, 
        "date": "2015-08-31", 
        "operating_revenue": 1182380, 
        "short_term_average": 1197074
    }, 
    {
        "accumulated_operating_revenue_yoy": -9.800808220685015, 
        "accumulated_operating_revenue": 11151290, 
        "long_term_average": 1257571, 
        "date": "2015-09-30", 
        "operating_revenue": 1167654, 
        "short_term_average": 1177848
    }
]