[
    {
        "date": "2012-01-31", 
        "operating_revenue": 25085, 
        "accumulated_operating_revenue": 25085, 
        "long_term_average": 25085, 
        "short_term_average": 25085
    }, 
    {
        "date": "2012-02-29", 
        "operating_revenue": 28458, 
        "accumulated_operating_revenue": 53543, 
        "long_term_average": 26771, 
        "short_term_average": 26771
    }, 
    {
        "date": "2012-03-31", 
        "operating_revenue": 39858, 
        "accumulated_operating_revenue": 93401, 
        "long_term_average": 31133, 
        "short_term_average": 31133
    }, 
    {
        "date": "2012-04-30", 
        "operating_revenue": 36363, 
        "accumulated_operating_revenue": 129764, 
        "long_term_average": 32441, 
        "short_term_average": 34893
    }, 
    {
        "date": "2012-05-31", 
        "operating_revenue": 35904, 
        "accumulated_operating_revenue": 165668, 
        "long_term_average": 33133, 
        "short_term_average": 37375
    }, 
    {
        "date": "2012-06-30", 
        "operating_revenue": 46570, 
        "accumulated_operating_revenue": 212238, 
        "long_term_average": 35373, 
        "short_term_average": 39612
    }, 
    {
        "date": "2012-07-31", 
        "operating_revenue": 49919, 
        "accumulated_operating_revenue": 262157, 
        "long_term_average": 37451, 
        "short_term_average": 44131
    }, 
    {
        "date": "2012-08-31", 
        "operating_revenue": 44864, 
        "accumulated_operating_revenue": 307021, 
        "long_term_average": 38377, 
        "short_term_average": 47117
    }, 
    {
        "date": "2012-09-30", 
        "operating_revenue": 43302, 
        "accumulated_operating_revenue": 350323, 
        "long_term_average": 38924, 
        "short_term_average": 46028
    }, 
    {
        "date": "2012-10-31", 
        "operating_revenue": 44016, 
        "accumulated_operating_revenue": 394339, 
        "long_term_average": 39433, 
        "short_term_average": 44060
    }, 
    {
        "date": "2012-11-30", 
        "operating_revenue": 41528, 
        "accumulated_operating_revenue": 435867, 
        "long_term_average": 39624, 
        "short_term_average": 42948
    }, 
    {
        "date": "2012-12-31", 
        "operating_revenue": 33895, 
        "accumulated_operating_revenue": 469762, 
        "long_term_average": 39146, 
        "short_term_average": 39813
    }, 
    {
        "accumulated_operating_revenue_yoy": 35.92585210285031, 
        "accumulated_operating_revenue": 34097, 
        "long_term_average": 39897, 
        "date": "2013-01-31", 
        "operating_revenue": 34097, 
        "short_term_average": 36506
    }, 
    {
        "accumulated_operating_revenue_yoy": 13.598416226210707, 
        "accumulated_operating_revenue": 60824, 
        "long_term_average": 39753, 
        "date": "2013-02-28", 
        "operating_revenue": 26727, 
        "short_term_average": 31573
    }, 
    {
        "accumulated_operating_revenue_yoy": 8.832881874926393, 
        "accumulated_operating_revenue": 101651, 
        "long_term_average": 39834, 
        "date": "2013-03-31", 
        "operating_revenue": 40827, 
        "short_term_average": 33883
    }, 
    {
        "accumulated_operating_revenue_yoy": 1.7501001818686233, 
        "accumulated_operating_revenue": 132035, 
        "long_term_average": 39336, 
        "date": "2013-04-30", 
        "operating_revenue": 30384, 
        "short_term_average": 32646
    }, 
    {
        "accumulated_operating_revenue_yoy": 0.23118526209044593, 
        "accumulated_operating_revenue": 166051, 
        "long_term_average": 39178, 
        "date": "2013-05-31", 
        "operating_revenue": 34016, 
        "short_term_average": 35075
    }, 
    {
        "accumulated_operating_revenue_yoy": -6.4521904654208955, 
        "accumulated_operating_revenue": 198544, 
        "long_term_average": 38005, 
        "date": "2013-06-30", 
        "operating_revenue": 32493, 
        "short_term_average": 32297
    }, 
    {
        "accumulated_operating_revenue_yoy": -12.344129662759338, 
        "accumulated_operating_revenue": 229796, 
        "long_term_average": 36450, 
        "date": "2013-07-31", 
        "operating_revenue": 31252, 
        "short_term_average": 32587
    }, 
    {
        "accumulated_operating_revenue_yoy": -14.359929776790512, 
        "accumulated_operating_revenue": 262933, 
        "long_term_average": 35472, 
        "date": "2013-08-31", 
        "operating_revenue": 33137, 
        "short_term_average": 32294
    }, 
    {
        "accumulated_operating_revenue_yoy": -14.612800187255761, 
        "accumulated_operating_revenue": 299131, 
        "long_term_average": 34880, 
        "date": "2013-09-30", 
        "operating_revenue": 36198, 
        "short_term_average": 33529
    }, 
    {
        "accumulated_operating_revenue_yoy": -15.814819229140408, 
        "accumulated_operating_revenue": 331975, 
        "long_term_average": 33949, 
        "date": "2013-10-31", 
        "operating_revenue": 32844, 
        "short_term_average": 34059
    }, 
    {
        "accumulated_operating_revenue_yoy": -15.985380861593102, 
        "accumulated_operating_revenue": 366192, 
        "long_term_average": 33340, 
        "date": "2013-11-30", 
        "operating_revenue": 34217, 
        "short_term_average": 34419
    }, 
    {
        "accumulated_operating_revenue_yoy": -13.519612058872365, 
        "accumulated_operating_revenue": 406252, 
        "long_term_average": 33854, 
        "date": "2013-12-31", 
        "operating_revenue": 40060, 
        "short_term_average": 35707
    }, 
    {
        "accumulated_operating_revenue_yoy": 8.689914068686393, 
        "accumulated_operating_revenue": 37060, 
        "long_term_average": 34101, 
        "date": "2014-01-31", 
        "operating_revenue": 37060, 
        "short_term_average": 37112
    }, 
    {
        "accumulated_operating_revenue_yoy": 13.354925687228725, 
        "accumulated_operating_revenue": 68947, 
        "long_term_average": 34531, 
        "date": "2014-02-28", 
        "operating_revenue": 31887, 
        "short_term_average": 36335
    }, 
    {
        "accumulated_operating_revenue_yoy": 10.711158768728296, 
        "accumulated_operating_revenue": 112539, 
        "long_term_average": 34761, 
        "date": "2014-03-31", 
        "operating_revenue": 43592, 
        "short_term_average": 37513
    }, 
    {
        "accumulated_operating_revenue_yoy": 15.005112280834625, 
        "accumulated_operating_revenue": 151847, 
        "long_term_average": 35505, 
        "date": "2014-04-30", 
        "operating_revenue": 39308, 
        "short_term_average": 38262
    }, 
    {
        "accumulated_operating_revenue_yoy": 15.86982312662977, 
        "accumulated_operating_revenue": 192403, 
        "long_term_average": 36050, 
        "date": "2014-05-31", 
        "operating_revenue": 40556, 
        "short_term_average": 41152
    }, 
    {
        "accumulated_operating_revenue_yoy": 16.83304456442904, 
        "accumulated_operating_revenue": 231965, 
        "long_term_average": 36639, 
        "date": "2014-06-30", 
        "operating_revenue": 39562, 
        "short_term_average": 39808
    }, 
    {
        "accumulated_operating_revenue_yoy": 19.071263207366535, 
        "accumulated_operating_revenue": 273621, 
        "long_term_average": 37506, 
        "date": "2014-07-31", 
        "operating_revenue": 41656, 
        "short_term_average": 40591
    }, 
    {
        "accumulated_operating_revenue_yoy": 21.510422807331146, 
        "accumulated_operating_revenue": 319491, 
        "long_term_average": 38567, 
        "date": "2014-08-31", 
        "operating_revenue": 45870, 
        "short_term_average": 42362
    }, 
    {
        "accumulated_operating_revenue_yoy": 23.533836345948764, 
        "accumulated_operating_revenue": 369528, 
        "long_term_average": 39720, 
        "date": "2014-09-30", 
        "operating_revenue": 50037, 
        "short_term_average": 45854
    }, 
    {
        "accumulated_operating_revenue_yoy": 24.26357406431207, 
        "accumulated_operating_revenue": 412524, 
        "long_term_average": 40566, 
        "date": "2014-10-31", 
        "operating_revenue": 42996, 
        "short_term_average": 46301
    }, 
    {
        "accumulated_operating_revenue_yoy": 24.910702582251933, 
        "accumulated_operating_revenue": 457413, 
        "long_term_average": 41456, 
        "date": "2014-11-30", 
        "operating_revenue": 44889, 
        "short_term_average": 45974
    }, 
    {
        "accumulated_operating_revenue_yoy": 26.21500940303063, 
        "accumulated_operating_revenue": 512751, 
        "long_term_average": 42729, 
        "date": "2014-12-31", 
        "operating_revenue": 55338, 
        "short_term_average": 47741
    }, 
    {
        "accumulated_operating_revenue_yoy": 23.2676740420939, 
        "accumulated_operating_revenue": 45683, 
        "long_term_average": 43447, 
        "date": "2015-01-31", 
        "operating_revenue": 45683, 
        "short_term_average": 48636
    }, 
    {
        "accumulated_operating_revenue_yoy": 31.991239647845447, 
        "accumulated_operating_revenue": 91004, 
        "long_term_average": 44567, 
        "date": "2015-02-28", 
        "operating_revenue": 45321, 
        "short_term_average": 48780
    }, 
    {
        "accumulated_operating_revenue_yoy": 25.725304116795066, 
        "accumulated_operating_revenue": 141490, 
        "long_term_average": 45141, 
        "date": "2015-03-31", 
        "operating_revenue": 50486, 
        "short_term_average": 47163
    }, 
    {
        "accumulated_operating_revenue_yoy": 28.30414825449301, 
        "accumulated_operating_revenue": 194826, 
        "long_term_average": 46310, 
        "date": "2015-04-30", 
        "operating_revenue": 53336, 
        "short_term_average": 49714
    }, 
    {
        "accumulated_operating_revenue_yoy": 33.557688809426054, 
        "accumulated_operating_revenue": 256969, 
        "long_term_average": 48109, 
        "date": "2015-05-31", 
        "operating_revenue": 62143, 
        "short_term_average": 55321
    }, 
    {
        "accumulated_operating_revenue_yoy": 41.288987562778864, 
        "accumulated_operating_revenue": 327741, 
        "long_term_average": 50710, 
        "date": "2015-06-30", 
        "operating_revenue": 70772, 
        "short_term_average": 62083
    }, 
    {
        "accumulated_operating_revenue_yoy": 42.1404058898988, 
        "accumulated_operating_revenue": 388926, 
        "long_term_average": 52338, 
        "date": "2015-07-31", 
        "operating_revenue": 61185, 
        "short_term_average": 64700
    }, 
    {
        "accumulated_operating_revenue_yoy": 39.685311949319384, 
        "accumulated_operating_revenue": 446282, 
        "long_term_average": 53295, 
        "date": "2015-08-31", 
        "operating_revenue": 57356, 
        "short_term_average": 63104
    }, 
    {
        "accumulated_operating_revenue_yoy": 38.058279751466735, 
        "accumulated_operating_revenue": 510164, 
        "long_term_average": 54448, 
        "date": "2015-09-30", 
        "operating_revenue": 63882, 
        "short_term_average": 60807
    }, 
    {
        "accumulated_operating_revenue_yoy": 38.53909105894445, 
        "accumulated_operating_revenue": 571507, 
        "long_term_average": 55977, 
        "date": "2015-10-31", 
        "operating_revenue": 61343, 
        "short_term_average": 60860
    }
]