[
    {
        "date": "2011-09-30", 
        "operating_revenue": 80921, 
        "accumulated_operating_revenue": 80921, 
        "long_term_average": 80921, 
        "short_term_average": 80921
    }, 
    {
        "date": "2011-10-31", 
        "operating_revenue": 51920, 
        "accumulated_operating_revenue": 132841, 
        "long_term_average": 66420, 
        "short_term_average": 66420
    }, 
    {
        "date": "2011-11-30", 
        "operating_revenue": 55264, 
        "accumulated_operating_revenue": 188105, 
        "long_term_average": 62701, 
        "short_term_average": 62701
    }, 
    {
        "date": "2011-12-31", 
        "operating_revenue": 50291, 
        "accumulated_operating_revenue": 238396, 
        "long_term_average": 59599, 
        "short_term_average": 52491
    }, 
    {
        "date": "2012-01-31", 
        "operating_revenue": 24967, 
        "accumulated_operating_revenue": 24967, 
        "long_term_average": 52672, 
        "short_term_average": 43507
    }, 
    {
        "date": "2012-02-29", 
        "operating_revenue": 27363, 
        "accumulated_operating_revenue": 52330, 
        "long_term_average": 48454, 
        "short_term_average": 34207
    }, 
    {
        "date": "2012-03-31", 
        "operating_revenue": 35338, 
        "accumulated_operating_revenue": 87668, 
        "long_term_average": 46580, 
        "short_term_average": 29222
    }, 
    {
        "date": "2012-04-30", 
        "operating_revenue": 38352, 
        "accumulated_operating_revenue": 126020, 
        "long_term_average": 45552, 
        "short_term_average": 33684
    }, 
    {
        "date": "2012-05-31", 
        "operating_revenue": 36724, 
        "accumulated_operating_revenue": 162744, 
        "long_term_average": 44571, 
        "short_term_average": 36804
    }, 
    {
        "date": "2012-06-30", 
        "operating_revenue": 38475, 
        "accumulated_operating_revenue": 201219, 
        "long_term_average": 43961, 
        "short_term_average": 37850
    }, 
    {
        "date": "2012-07-31", 
        "operating_revenue": 45342, 
        "accumulated_operating_revenue": 246561, 
        "long_term_average": 44087, 
        "short_term_average": 40180
    }, 
    {
        "date": "2012-08-31", 
        "operating_revenue": 56177, 
        "accumulated_operating_revenue": 302738, 
        "long_term_average": 45094, 
        "short_term_average": 46664
    }, 
    {
        "accumulated_operating_revenue_yoy": 360.23652698310696, 
        "accumulated_operating_revenue": 372428, 
        "long_term_average": 44158, 
        "date": "2012-09-30", 
        "operating_revenue": 69690, 
        "short_term_average": 57069
    }, 
    {
        "accumulated_operating_revenue_yoy": 226.4714959989762, 
        "accumulated_operating_revenue": 433688, 
        "long_term_average": 44936, 
        "date": "2012-10-31", 
        "operating_revenue": 61260, 
        "short_term_average": 62375
    }, 
    {
        "accumulated_operating_revenue_yoy": 162.37899045745726, 
        "accumulated_operating_revenue": 493548, 
        "long_term_average": 45319, 
        "date": "2012-11-30", 
        "operating_revenue": 59860, 
        "short_term_average": 63603
    }, 
    {
        "accumulated_operating_revenue_yoy": 122.89845467205826, 
        "accumulated_operating_revenue": 531381, 
        "long_term_average": 44281, 
        "date": "2012-12-31", 
        "operating_revenue": 37833, 
        "short_term_average": 52984
    }, 
    {
        "accumulated_operating_revenue_yoy": 105.14679376777345, 
        "accumulated_operating_revenue": 51219, 
        "long_term_average": 46469, 
        "date": "2013-01-31", 
        "operating_revenue": 51219, 
        "short_term_average": 49637
    }, 
    {
        "accumulated_operating_revenue_yoy": 73.92700171985477, 
        "accumulated_operating_revenue": 91016, 
        "long_term_average": 47505, 
        "date": "2013-02-28", 
        "operating_revenue": 39797, 
        "short_term_average": 42949
    }, 
    {
        "accumulated_operating_revenue_yoy": 58.11014281151618, 
        "accumulated_operating_revenue": 138612, 
        "long_term_average": 48527, 
        "date": "2013-03-31", 
        "operating_revenue": 47596, 
        "short_term_average": 46204
    }, 
    {
        "accumulated_operating_revenue_yoy": 54.37073480399937, 
        "accumulated_operating_revenue": 194538, 
        "long_term_average": 49991, 
        "date": "2013-04-30", 
        "operating_revenue": 55926, 
        "short_term_average": 47773
    }, 
    {
        "accumulated_operating_revenue_yoy": 55.79437644398565, 
        "accumulated_operating_revenue": 253546, 
        "long_term_average": 51848, 
        "date": "2013-05-31", 
        "operating_revenue": 59008, 
        "short_term_average": 54176
    }, 
    {
        "accumulated_operating_revenue_yoy": 52.37825453858731, 
        "accumulated_operating_revenue": 306614, 
        "long_term_average": 53064, 
        "date": "2013-06-30", 
        "operating_revenue": 53068, 
        "short_term_average": 56000
    }, 
    {
        "accumulated_operating_revenue_yoy": 54.4846914151062, 
        "accumulated_operating_revenue": 380899, 
        "long_term_average": 55476, 
        "date": "2013-07-31", 
        "operating_revenue": 74285, 
        "short_term_average": 62120
    }, 
    {
        "accumulated_operating_revenue_yoy": 50.58268205511036, 
        "accumulated_operating_revenue": 455871, 
        "long_term_average": 57042, 
        "date": "2013-08-31", 
        "operating_revenue": 74972, 
        "short_term_average": 67441
    }, 
    {
        "accumulated_operating_revenue_yoy": 41.68537274318794, 
        "accumulated_operating_revenue": 527676, 
        "long_term_average": 57219, 
        "date": "2013-09-30", 
        "operating_revenue": 71805, 
        "short_term_average": 73687
    }, 
    {
        "accumulated_operating_revenue_yoy": 35.82460201804062, 
        "accumulated_operating_revenue": 589055, 
        "long_term_average": 57229, 
        "date": "2013-10-31", 
        "operating_revenue": 61379, 
        "short_term_average": 69385
    }, 
    {
        "accumulated_operating_revenue_yoy": 30.430272232893252, 
        "accumulated_operating_revenue": 643736, 
        "long_term_average": 56797, 
        "date": "2013-11-30", 
        "operating_revenue": 54681, 
        "short_term_average": 62621
    }, 
    {
        "accumulated_operating_revenue_yoy": 29.20051714306684, 
        "accumulated_operating_revenue": 686547, 
        "long_term_average": 57212, 
        "date": "2013-12-31", 
        "operating_revenue": 42811, 
        "short_term_average": 52957
    }, 
    {
        "accumulated_operating_revenue_yoy": -9.025947402331166, 
        "accumulated_operating_revenue": 46596, 
        "long_term_average": 56827, 
        "date": "2014-01-31", 
        "operating_revenue": 46596, 
        "short_term_average": 48029
    }, 
    {
        "accumulated_operating_revenue_yoy": -11.003559813659137, 
        "accumulated_operating_revenue": 81001, 
        "long_term_average": 56377, 
        "date": "2014-02-28", 
        "operating_revenue": 34405, 
        "short_term_average": 41270
    }, 
    {
        "accumulated_operating_revenue_yoy": -13.026289210169395, 
        "accumulated_operating_revenue": 120556, 
        "long_term_average": 55707, 
        "date": "2014-03-31", 
        "operating_revenue": 39555, 
        "short_term_average": 40185
    }, 
    {
        "accumulated_operating_revenue_yoy": -8.542289938212585, 
        "accumulated_operating_revenue": 177920, 
        "long_term_average": 55827, 
        "date": "2014-04-30", 
        "operating_revenue": 57364, 
        "short_term_average": 43774
    }, 
    {
        "accumulated_operating_revenue_yoy": -7.212892335118677, 
        "accumulated_operating_revenue": 235258, 
        "long_term_average": 55688, 
        "date": "2014-05-31", 
        "operating_revenue": 57338, 
        "short_term_average": 51419
    }, 
    {
        "accumulated_operating_revenue_yoy": -8.037141161199424, 
        "accumulated_operating_revenue": 281971, 
        "long_term_average": 55158, 
        "date": "2014-06-30", 
        "operating_revenue": 46713, 
        "short_term_average": 53805
    }, 
    {
        "accumulated_operating_revenue_yoy": -14.263361153481632, 
        "accumulated_operating_revenue": 326570, 
        "long_term_average": 52684, 
        "date": "2014-07-31", 
        "operating_revenue": 44599, 
        "short_term_average": 49550
    }, 
    {
        "accumulated_operating_revenue_yoy": -17.680440299997148, 
        "accumulated_operating_revenue": 375271, 
        "long_term_average": 50495, 
        "date": "2014-08-31", 
        "operating_revenue": 48701, 
        "short_term_average": 46671
    }, 
    {
        "accumulated_operating_revenue_yoy": -18.125705925605864, 
        "accumulated_operating_revenue": 432031, 
        "long_term_average": 49241, 
        "date": "2014-09-30", 
        "operating_revenue": 56760, 
        "short_term_average": 50020
    }, 
    {
        "accumulated_operating_revenue_yoy": -19.14133654752103, 
        "accumulated_operating_revenue": 476302, 
        "long_term_average": 47816, 
        "date": "2014-10-31", 
        "operating_revenue": 44271, 
        "short_term_average": 49910
    }, 
    {
        "accumulated_operating_revenue_yoy": -16.317248064423925, 
        "accumulated_operating_revenue": 538696, 
        "long_term_average": 48458, 
        "date": "2014-11-30", 
        "operating_revenue": 62394, 
        "short_term_average": 54475
    }, 
    {
        "accumulated_operating_revenue_yoy": -12.273595252764924, 
        "accumulated_operating_revenue": 602283, 
        "long_term_average": 50190, 
        "date": "2014-12-31", 
        "operating_revenue": 63587, 
        "short_term_average": 56750
    }, 
    {
        "accumulated_operating_revenue_yoy": 3.4616705296591985, 
        "accumulated_operating_revenue": 48209, 
        "long_term_average": 50324, 
        "date": "2015-01-31", 
        "operating_revenue": 48209, 
        "short_term_average": 58063
    }, 
    {
        "accumulated_operating_revenue_yoy": 1.5296107455463512, 
        "accumulated_operating_revenue": 82240, 
        "long_term_average": 50293, 
        "date": "2015-02-28", 
        "operating_revenue": 34031, 
        "short_term_average": 48609
    }, 
    {
        "accumulated_operating_revenue_yoy": 10.276551975845251, 
        "accumulated_operating_revenue": 132945, 
        "long_term_average": 51222, 
        "date": "2015-03-31", 
        "operating_revenue": 50705, 
        "short_term_average": 44315
    }, 
    {
        "accumulated_operating_revenue_yoy": 2.268435251798561, 
        "accumulated_operating_revenue": 181956, 
        "long_term_average": 50526, 
        "date": "2015-04-30", 
        "operating_revenue": 49011, 
        "short_term_average": 44582
    }, 
    {
        "accumulated_operating_revenue_yoy": 7.333225650137296, 
        "accumulated_operating_revenue": 252510, 
        "long_term_average": 51627, 
        "date": "2015-05-31", 
        "operating_revenue": 70554, 
        "short_term_average": 56756
    }, 
    {
        "accumulated_operating_revenue_yoy": 9.599214103578028, 
        "accumulated_operating_revenue": 309038, 
        "long_term_average": 52445, 
        "date": "2015-06-30", 
        "operating_revenue": 56528, 
        "short_term_average": 58697
    }, 
    {
        "accumulated_operating_revenue_yoy": 10.311418685121106, 
        "accumulated_operating_revenue": 360244, 
        "long_term_average": 52996, 
        "date": "2015-07-31", 
        "operating_revenue": 51206, 
        "short_term_average": 59429
    }, 
    {
        "accumulated_operating_revenue_yoy": 8.310261117965418, 
        "accumulated_operating_revenue": 406457, 
        "long_term_average": 52789, 
        "date": "2015-08-31", 
        "operating_revenue": 46213, 
        "short_term_average": 51315
    }, 
    {
        "accumulated_operating_revenue_yoy": 5.64103038902301, 
        "accumulated_operating_revenue": 456402, 
        "long_term_average": 52221, 
        "date": "2015-09-30", 
        "operating_revenue": 49945, 
        "short_term_average": 49121
    }, 
    {
        "accumulated_operating_revenue_yoy": 2.905299578838636, 
        "accumulated_operating_revenue": 490140, 
        "long_term_average": 51343, 
        "date": "2015-10-31", 
        "operating_revenue": 33738, 
        "short_term_average": 43298
    }
]