[
    {
        "date": "2012-01-31", 
        "operating_revenue": 83329, 
        "accumulated_operating_revenue": 83329, 
        "long_term_average": 83329, 
        "short_term_average": 83329
    }, 
    {
        "date": "2012-02-29", 
        "operating_revenue": 109571, 
        "accumulated_operating_revenue": 192900, 
        "long_term_average": 96450, 
        "short_term_average": 96450
    }, 
    {
        "date": "2012-03-31", 
        "operating_revenue": 102111, 
        "accumulated_operating_revenue": 295011, 
        "long_term_average": 98337, 
        "short_term_average": 98337
    }, 
    {
        "date": "2012-04-30", 
        "operating_revenue": 100150, 
        "accumulated_operating_revenue": 395161, 
        "long_term_average": 98790, 
        "short_term_average": 103944
    }, 
    {
        "date": "2012-05-31", 
        "operating_revenue": 102137, 
        "accumulated_operating_revenue": 497298, 
        "long_term_average": 99459, 
        "short_term_average": 101466
    }, 
    {
        "date": "2012-06-30", 
        "operating_revenue": 105687, 
        "accumulated_operating_revenue": 602985, 
        "long_term_average": 100497, 
        "short_term_average": 102658
    }, 
    {
        "date": "2012-07-31", 
        "operating_revenue": 81810, 
        "accumulated_operating_revenue": 684795, 
        "long_term_average": 97827, 
        "short_term_average": 96544
    }, 
    {
        "date": "2012-08-31", 
        "operating_revenue": 55458, 
        "accumulated_operating_revenue": 740253, 
        "long_term_average": 92531, 
        "short_term_average": 80985
    }, 
    {
        "date": "2012-09-30", 
        "operating_revenue": 50051, 
        "accumulated_operating_revenue": 790304, 
        "long_term_average": 87811, 
        "short_term_average": 62439
    }, 
    {
        "date": "2012-10-31", 
        "operating_revenue": 36815, 
        "accumulated_operating_revenue": 827119, 
        "long_term_average": 82711, 
        "short_term_average": 47441
    }, 
    {
        "date": "2012-11-30", 
        "operating_revenue": 38496, 
        "accumulated_operating_revenue": 865615, 
        "long_term_average": 78692, 
        "short_term_average": 41787
    }, 
    {
        "date": "2012-12-31", 
        "operating_revenue": 37168, 
        "accumulated_operating_revenue": 902783, 
        "long_term_average": 75231, 
        "short_term_average": 37493
    }, 
    {
        "accumulated_operating_revenue_yoy": -47.197254257221374, 
        "accumulated_operating_revenue": 44000, 
        "long_term_average": 71954, 
        "date": "2013-01-31", 
        "operating_revenue": 44000, 
        "short_term_average": 39888
    }, 
    {
        "accumulated_operating_revenue_yoy": -53.77242094349404, 
        "accumulated_operating_revenue": 89173, 
        "long_term_average": 66588, 
        "date": "2013-02-28", 
        "operating_revenue": 45173, 
        "short_term_average": 42113
    }, 
    {
        "accumulated_operating_revenue_yoy": -49.32866910047422, 
        "accumulated_operating_revenue": 149486, 
        "long_term_average": 63104, 
        "date": "2013-03-31", 
        "operating_revenue": 60313, 
        "short_term_average": 49828
    }, 
    {
        "accumulated_operating_revenue_yoy": -46.388434081298506, 
        "accumulated_operating_revenue": 211852, 
        "long_term_average": 59956, 
        "date": "2013-04-30", 
        "operating_revenue": 62366, 
        "short_term_average": 55950
    }, 
    {
        "accumulated_operating_revenue_yoy": -42.38022272359833, 
        "accumulated_operating_revenue": 286542, 
        "long_term_average": 57668, 
        "date": "2013-05-31", 
        "operating_revenue": 74690, 
        "short_term_average": 65789
    }, 
    {
        "accumulated_operating_revenue_yoy": -38.098294319095835, 
        "accumulated_operating_revenue": 373258, 
        "long_term_average": 56088, 
        "date": "2013-06-30", 
        "operating_revenue": 86716, 
        "short_term_average": 74590
    }, 
    {
        "accumulated_operating_revenue_yoy": -31.478179601194515, 
        "accumulated_operating_revenue": 469234, 
        "long_term_average": 57268, 
        "date": "2013-07-31", 
        "operating_revenue": 95976, 
        "short_term_average": 85794
    }, 
    {
        "accumulated_operating_revenue_yoy": -22.926891211518225, 
        "accumulated_operating_revenue": 570536, 
        "long_term_average": 61088, 
        "date": "2013-08-31", 
        "operating_revenue": 101302, 
        "short_term_average": 94664
    }, 
    {
        "accumulated_operating_revenue_yoy": -14.694851601409079, 
        "accumulated_operating_revenue": 674170, 
        "long_term_average": 65554, 
        "date": "2013-09-30", 
        "operating_revenue": 103634, 
        "short_term_average": 100304
    }, 
    {
        "accumulated_operating_revenue_yoy": -5.36803047687213, 
        "accumulated_operating_revenue": 782719, 
        "long_term_average": 71531, 
        "date": "2013-10-31", 
        "operating_revenue": 108549, 
        "short_term_average": 104495
    }, 
    {
        "accumulated_operating_revenue_yoy": 3.3553022995211497, 
        "accumulated_operating_revenue": 894659, 
        "long_term_average": 77652, 
        "date": "2013-11-30", 
        "operating_revenue": 111940, 
        "short_term_average": 108041
    }, 
    {
        "accumulated_operating_revenue_yoy": 12.03954881737915, 
        "accumulated_operating_revenue": 1011474, 
        "long_term_average": 84289, 
        "date": "2013-12-31", 
        "operating_revenue": 116815, 
        "short_term_average": 112434
    }, 
    {
        "accumulated_operating_revenue_yoy": 191.4590909090909, 
        "accumulated_operating_revenue": 128242, 
        "long_term_average": 91309, 
        "date": "2014-01-31", 
        "operating_revenue": 128242, 
        "short_term_average": 118999
    }, 
    {
        "accumulated_operating_revenue_yoy": 209.30775010373094, 
        "accumulated_operating_revenue": 275819, 
        "long_term_average": 99843, 
        "date": "2014-02-28", 
        "operating_revenue": 147577, 
        "short_term_average": 130878
    }, 
    {
        "accumulated_operating_revenue_yoy": 190.12148294823595, 
        "accumulated_operating_revenue": 433691, 
        "long_term_average": 107973, 
        "date": "2014-03-31", 
        "operating_revenue": 157872, 
        "short_term_average": 144563
    }, 
    {
        "accumulated_operating_revenue_yoy": 182.979155259332, 
        "accumulated_operating_revenue": 599497, 
        "long_term_average": 116593, 
        "date": "2014-04-30", 
        "operating_revenue": 165806, 
        "short_term_average": 157085
    }, 
    {
        "accumulated_operating_revenue_yoy": 167.70665382387224, 
        "accumulated_operating_revenue": 767092, 
        "long_term_average": 124335, 
        "date": "2014-05-31", 
        "operating_revenue": 167595, 
        "short_term_average": 163757
    }, 
    {
        "accumulated_operating_revenue_yoy": 151.12951363400114, 
        "accumulated_operating_revenue": 937361, 
        "long_term_average": 131298, 
        "date": "2014-06-30", 
        "operating_revenue": 170269, 
        "short_term_average": 167890
    }, 
    {
        "accumulated_operating_revenue_yoy": 131.0759663621988, 
        "accumulated_operating_revenue": 1084287, 
        "long_term_average": 135543, 
        "date": "2014-07-31", 
        "operating_revenue": 146926, 
        "short_term_average": 161596
    }, 
    {
        "accumulated_operating_revenue_yoy": 115.85105935471205, 
        "accumulated_operating_revenue": 1231508, 
        "long_term_average": 139370, 
        "date": "2014-08-31", 
        "operating_revenue": 147221, 
        "short_term_average": 154805
    }, 
    {
        "accumulated_operating_revenue_yoy": 105.17184093032914, 
        "accumulated_operating_revenue": 1383207, 
        "long_term_average": 143375, 
        "date": "2014-09-30", 
        "operating_revenue": 151699, 
        "short_term_average": 148615
    }, 
    {
        "accumulated_operating_revenue_yoy": 96.30672054722065, 
        "accumulated_operating_revenue": 1536530, 
        "long_term_average": 147107, 
        "date": "2014-10-31", 
        "operating_revenue": 153323, 
        "short_term_average": 150747
    }, 
    {
        "accumulated_operating_revenue_yoy": 89.01022624262428, 
        "accumulated_operating_revenue": 1690997, 
        "long_term_average": 150651, 
        "date": "2014-11-30", 
        "operating_revenue": 154467, 
        "short_term_average": 153163
    }, 
    {
        "accumulated_operating_revenue_yoy": 83.27411282939552, 
        "accumulated_operating_revenue": 1853770, 
        "long_term_average": 154480, 
        "date": "2014-12-31", 
        "operating_revenue": 162773, 
        "short_term_average": 156854
    }, 
    {
        "accumulated_operating_revenue_yoy": 4.456418334087116, 
        "accumulated_operating_revenue": 133957, 
        "long_term_average": 154957, 
        "date": "2015-01-31", 
        "operating_revenue": 133957, 
        "short_term_average": 150399
    }, 
    {
        "accumulated_operating_revenue_yoy": -8.683230669388259, 
        "accumulated_operating_revenue": 251869, 
        "long_term_average": 152485, 
        "date": "2015-02-28", 
        "operating_revenue": 117912, 
        "short_term_average": 138214
    }, 
    {
        "accumulated_operating_revenue_yoy": -9.687311934072877, 
        "accumulated_operating_revenue": 391678, 
        "long_term_average": 150979, 
        "date": "2015-03-31", 
        "operating_revenue": 139809, 
        "short_term_average": 130559
    }, 
    {
        "accumulated_operating_revenue_yoy": -13.29981634603676, 
        "accumulated_operating_revenue": 519765, 
        "long_term_average": 147836, 
        "date": "2015-04-30", 
        "operating_revenue": 128087, 
        "short_term_average": 128602
    }, 
    {
        "accumulated_operating_revenue_yoy": -16.50779828234423, 
        "accumulated_operating_revenue": 640462, 
        "long_term_average": 143928, 
        "date": "2015-05-31", 
        "operating_revenue": 120697, 
        "short_term_average": 129531
    }, 
    {
        "accumulated_operating_revenue_yoy": -18.52199952846342, 
        "accumulated_operating_revenue": 763743, 
        "long_term_average": 140012, 
        "date": "2015-06-30", 
        "operating_revenue": 123281, 
        "short_term_average": 124021
    }, 
    {
        "accumulated_operating_revenue_yoy": -17.987673005394328, 
        "accumulated_operating_revenue": 889249, 
        "long_term_average": 138227, 
        "date": "2015-07-31", 
        "operating_revenue": 125506, 
        "short_term_average": 123161
    }, 
    {
        "accumulated_operating_revenue_yoy": -17.311296394339298, 
        "accumulated_operating_revenue": 1018318, 
        "long_term_average": 136715, 
        "date": "2015-08-31", 
        "operating_revenue": 129069, 
        "short_term_average": 125952
    }
]