[
    {
        "date": "2011-10-31", 
        "operating_revenue": 78421, 
        "accumulated_operating_revenue": 78421, 
        "long_term_average": 78421, 
        "short_term_average": 78421
    }, 
    {
        "date": "2011-11-30", 
        "operating_revenue": 83790, 
        "accumulated_operating_revenue": 162211, 
        "long_term_average": 81105, 
        "short_term_average": 81105
    }, 
    {
        "date": "2011-12-31", 
        "operating_revenue": 49022, 
        "accumulated_operating_revenue": 211233, 
        "long_term_average": 70411, 
        "short_term_average": 70411
    }, 
    {
        "date": "2012-01-31", 
        "operating_revenue": 51744, 
        "accumulated_operating_revenue": 51744, 
        "long_term_average": 65744, 
        "short_term_average": 61518
    }, 
    {
        "date": "2012-02-29", 
        "operating_revenue": 55494, 
        "accumulated_operating_revenue": 107238, 
        "long_term_average": 63694, 
        "short_term_average": 52086
    }, 
    {
        "date": "2012-03-31", 
        "operating_revenue": 62888, 
        "accumulated_operating_revenue": 170126, 
        "long_term_average": 63559, 
        "short_term_average": 56708
    }, 
    {
        "date": "2012-04-30", 
        "operating_revenue": 77460, 
        "accumulated_operating_revenue": 247586, 
        "long_term_average": 65545, 
        "short_term_average": 65280
    }, 
    {
        "date": "2012-05-31", 
        "operating_revenue": 65428, 
        "accumulated_operating_revenue": 313014, 
        "long_term_average": 65530, 
        "short_term_average": 68592
    }, 
    {
        "date": "2012-06-30", 
        "operating_revenue": 108811, 
        "accumulated_operating_revenue": 421825, 
        "long_term_average": 70339, 
        "short_term_average": 83899
    }, 
    {
        "date": "2012-07-31", 
        "operating_revenue": 109664, 
        "accumulated_operating_revenue": 531489, 
        "long_term_average": 74272, 
        "short_term_average": 94634
    }, 
    {
        "date": "2012-08-31", 
        "operating_revenue": 48317, 
        "accumulated_operating_revenue": 579806, 
        "long_term_average": 71912, 
        "short_term_average": 88930
    }, 
    {
        "date": "2012-09-30", 
        "operating_revenue": 28752, 
        "accumulated_operating_revenue": 608558, 
        "long_term_average": 68315, 
        "short_term_average": 62244
    }, 
    {
        "accumulated_operating_revenue_yoy": 698.9964422794915, 
        "accumulated_operating_revenue": 626581, 
        "long_term_average": 63282, 
        "date": "2012-10-31", 
        "operating_revenue": 18023, 
        "short_term_average": 31697
    }, 
    {
        "accumulated_operating_revenue_yoy": 327.82425359562546, 
        "accumulated_operating_revenue": 693978, 
        "long_term_average": 61916, 
        "date": "2012-11-30", 
        "operating_revenue": 67397, 
        "short_term_average": 38057
    }, 
    {
        "accumulated_operating_revenue_yoy": 270.8217939431812, 
        "accumulated_operating_revenue": 783298, 
        "long_term_average": 65274, 
        "date": "2012-12-31", 
        "operating_revenue": 89320, 
        "short_term_average": 58246
    }, 
    {
        "accumulated_operating_revenue_yoy": 23.97959183673469, 
        "accumulated_operating_revenue": 64152, 
        "long_term_average": 66308, 
        "date": "2013-01-31", 
        "operating_revenue": 64152, 
        "short_term_average": 73623
    }, 
    {
        "accumulated_operating_revenue_yoy": 12.931050560435667, 
        "accumulated_operating_revenue": 121105, 
        "long_term_average": 66430, 
        "date": "2013-02-28", 
        "operating_revenue": 56953, 
        "short_term_average": 70141
    }, 
    {
        "accumulated_operating_revenue_yoy": -7.420970339630626, 
        "accumulated_operating_revenue": 157501, 
        "long_term_average": 64222, 
        "date": "2013-03-31", 
        "operating_revenue": 36396, 
        "short_term_average": 52500
    }, 
    {
        "accumulated_operating_revenue_yoy": -22.062636821144977, 
        "accumulated_operating_revenue": 192962, 
        "long_term_average": 60722, 
        "date": "2013-04-30", 
        "operating_revenue": 35461, 
        "short_term_average": 42936
    }, 
    {
        "accumulated_operating_revenue_yoy": -30.439852530557737, 
        "accumulated_operating_revenue": 217733, 
        "long_term_average": 57334, 
        "date": "2013-05-31", 
        "operating_revenue": 24771, 
        "short_term_average": 32209
    }, 
    {
        "accumulated_operating_revenue_yoy": -43.55479167901381, 
        "accumulated_operating_revenue": 238100, 
        "long_term_average": 49964, 
        "date": "2013-06-30", 
        "operating_revenue": 20367, 
        "short_term_average": 26866
    }, 
    {
        "accumulated_operating_revenue_yoy": -51.56136815625535, 
        "accumulated_operating_revenue": 257446, 
        "long_term_average": 42437, 
        "date": "2013-07-31", 
        "operating_revenue": 19346, 
        "short_term_average": 21494
    }, 
    {
        "accumulated_operating_revenue_yoy": -51.0132699558128, 
        "accumulated_operating_revenue": 284028, 
        "long_term_average": 40626, 
        "date": "2013-08-31", 
        "operating_revenue": 26582, 
        "short_term_average": 22098
    }, 
    {
        "accumulated_operating_revenue_yoy": -49.594779790915574, 
        "accumulated_operating_revenue": 306745, 
        "long_term_average": 40123, 
        "date": "2013-09-30", 
        "operating_revenue": 22717, 
        "short_term_average": 22881
    }, 
    {
        "accumulated_operating_revenue_yoy": -47.6977437873156, 
        "accumulated_operating_revenue": 327716, 
        "long_term_average": 40369, 
        "date": "2013-10-31", 
        "operating_revenue": 20971, 
        "short_term_average": 23423
    }, 
    {
        "accumulated_operating_revenue_yoy": -50.52508869157235, 
        "accumulated_operating_revenue": 343345, 
        "long_term_average": 36055, 
        "date": "2013-11-30", 
        "operating_revenue": 15629, 
        "short_term_average": 19772
    }, 
    {
        "accumulated_operating_revenue_yoy": -54.244361660568515, 
        "accumulated_operating_revenue": 358403, 
        "long_term_average": 29866, 
        "date": "2013-12-31", 
        "operating_revenue": 15058, 
        "short_term_average": 17219
    }, 
    {
        "accumulated_operating_revenue_yoy": -70.69304152637486, 
        "accumulated_operating_revenue": 18801, 
        "long_term_average": 26087, 
        "date": "2014-01-31", 
        "operating_revenue": 18801, 
        "short_term_average": 16496
    }, 
    {
        "accumulated_operating_revenue_yoy": -67.15164526650427, 
        "accumulated_operating_revenue": 39781, 
        "long_term_average": 23089, 
        "date": "2014-02-28", 
        "operating_revenue": 20980, 
        "short_term_average": 18279
    }, 
    {
        "accumulated_operating_revenue_yoy": -58.11836115326252, 
        "accumulated_operating_revenue": 65964, 
        "long_term_average": 22238, 
        "date": "2014-03-31", 
        "operating_revenue": 26183, 
        "short_term_average": 21988
    }, 
    {
        "accumulated_operating_revenue_yoy": -48.04106508017122, 
        "accumulated_operating_revenue": 100261, 
        "long_term_average": 22141, 
        "date": "2014-04-30", 
        "operating_revenue": 34297, 
        "short_term_average": 27153
    }, 
    {
        "accumulated_operating_revenue_yoy": -35.93575617843873, 
        "accumulated_operating_revenue": 139489, 
        "long_term_average": 23346, 
        "date": "2014-05-31", 
        "operating_revenue": 39228, 
        "short_term_average": 33236
    }, 
    {
        "accumulated_operating_revenue_yoy": -25.885762284754303, 
        "accumulated_operating_revenue": 176466, 
        "long_term_average": 24730, 
        "date": "2014-06-30", 
        "operating_revenue": 36977, 
        "short_term_average": 36834
    }, 
    {
        "accumulated_operating_revenue_yoy": -19.059530930758296, 
        "accumulated_operating_revenue": 208378, 
        "long_term_average": 25777, 
        "date": "2014-07-31", 
        "operating_revenue": 31912, 
        "short_term_average": 36039
    }, 
    {
        "accumulated_operating_revenue_yoy": -15.655146675679863, 
        "accumulated_operating_revenue": 239563, 
        "long_term_average": 26161, 
        "date": "2014-08-31", 
        "operating_revenue": 31185, 
        "short_term_average": 33358
    }, 
    {
        "accumulated_operating_revenue_yoy": -11.597907056349737, 
        "accumulated_operating_revenue": 271169, 
        "long_term_average": 26902, 
        "date": "2014-09-30", 
        "operating_revenue": 31606, 
        "short_term_average": 31567
    }, 
    {
        "accumulated_operating_revenue_yoy": -8.341063603852115, 
        "accumulated_operating_revenue": 300381, 
        "long_term_average": 27589, 
        "date": "2014-10-31", 
        "operating_revenue": 29212, 
        "short_term_average": 30667
    }, 
    {
        "accumulated_operating_revenue_yoy": -2.483799094205537, 
        "accumulated_operating_revenue": 334817, 
        "long_term_average": 29156, 
        "date": "2014-11-30", 
        "operating_revenue": 34436, 
        "short_term_average": 31751
    }, 
    {
        "accumulated_operating_revenue_yoy": 2.3158288295577885, 
        "accumulated_operating_revenue": 366703, 
        "long_term_average": 30558, 
        "date": "2014-12-31", 
        "operating_revenue": 31886, 
        "short_term_average": 31844
    }, 
    {
        "accumulated_operating_revenue_yoy": 45.343332801446735, 
        "accumulated_operating_revenue": 27326, 
        "long_term_average": 31269, 
        "date": "2015-01-31", 
        "operating_revenue": 27326, 
        "short_term_average": 31216
    }, 
    {
        "accumulated_operating_revenue_yoy": 87.80573640682738, 
        "accumulated_operating_revenue": 74711, 
        "long_term_average": 33469, 
        "date": "2015-02-28", 
        "operating_revenue": 47385, 
        "short_term_average": 35532
    }, 
    {
        "accumulated_operating_revenue_yoy": 118.80722818507064, 
        "accumulated_operating_revenue": 144334, 
        "long_term_average": 37089, 
        "date": "2015-03-31", 
        "operating_revenue": 69623, 
        "short_term_average": 48111
    }, 
    {
        "accumulated_operating_revenue_yoy": 116.319406349428, 
        "accumulated_operating_revenue": 216884, 
        "long_term_average": 40277, 
        "date": "2015-04-30", 
        "operating_revenue": 72550, 
        "short_term_average": 63186
    }, 
    {
        "accumulated_operating_revenue_yoy": 105.86426169805505, 
        "accumulated_operating_revenue": 287158, 
        "long_term_average": 42864, 
        "date": "2015-05-31", 
        "operating_revenue": 70274, 
        "short_term_average": 70815
    }, 
    {
        "accumulated_operating_revenue_yoy": 101.22459850622782, 
        "accumulated_operating_revenue": 355093, 
        "long_term_average": 45444, 
        "date": "2015-06-30", 
        "operating_revenue": 67935, 
        "short_term_average": 70253
    }, 
    {
        "accumulated_operating_revenue_yoy": 101.27316703298813, 
        "accumulated_operating_revenue": 419409, 
        "long_term_average": 48144, 
        "date": "2015-07-31", 
        "operating_revenue": 64316, 
        "short_term_average": 67508
    }, 
    {
        "accumulated_operating_revenue_yoy": 101.85003527255878, 
        "accumulated_operating_revenue": 483558, 
        "long_term_average": 50891, 
        "date": "2015-08-31", 
        "operating_revenue": 64149, 
        "short_term_average": 65466
    }, 
    {
        "accumulated_operating_revenue_yoy": 101.0045396044533, 
        "accumulated_operating_revenue": 545062, 
        "long_term_average": 53383, 
        "date": "2015-09-30", 
        "operating_revenue": 61504, 
        "short_term_average": 63323
    }
]