[
    {
        "date": "2012-01-31", 
        "operating_revenue": 243638, 
        "accumulated_operating_revenue": 243638, 
        "long_term_average": 243638, 
        "short_term_average": 243638
    }, 
    {
        "date": "2012-02-29", 
        "operating_revenue": 263505, 
        "accumulated_operating_revenue": 507143, 
        "long_term_average": 253571, 
        "short_term_average": 253571
    }, 
    {
        "date": "2012-03-31", 
        "operating_revenue": 317350, 
        "accumulated_operating_revenue": 824493, 
        "long_term_average": 274831, 
        "short_term_average": 274831
    }, 
    {
        "date": "2012-04-30", 
        "operating_revenue": 337302, 
        "accumulated_operating_revenue": 1161795, 
        "long_term_average": 290448, 
        "short_term_average": 306052
    }, 
    {
        "date": "2012-05-31", 
        "operating_revenue": 329767, 
        "accumulated_operating_revenue": 1491562, 
        "long_term_average": 298312, 
        "short_term_average": 328139
    }, 
    {
        "date": "2012-06-30", 
        "operating_revenue": 333162, 
        "accumulated_operating_revenue": 1824724, 
        "long_term_average": 304120, 
        "short_term_average": 333410
    }, 
    {
        "date": "2012-07-31", 
        "operating_revenue": 344963, 
        "accumulated_operating_revenue": 2169687, 
        "long_term_average": 309955, 
        "short_term_average": 335964
    }, 
    {
        "date": "2012-08-31", 
        "operating_revenue": 353921, 
        "accumulated_operating_revenue": 2523608, 
        "long_term_average": 315451, 
        "short_term_average": 344015
    }, 
    {
        "date": "2012-09-30", 
        "operating_revenue": 354639, 
        "accumulated_operating_revenue": 2878247, 
        "long_term_average": 319805, 
        "short_term_average": 351174
    }, 
    {
        "date": "2012-10-31", 
        "operating_revenue": 295430, 
        "accumulated_operating_revenue": 3173677, 
        "long_term_average": 317367, 
        "short_term_average": 334663
    }, 
    {
        "date": "2012-11-30", 
        "operating_revenue": 342663, 
        "accumulated_operating_revenue": 3516340, 
        "long_term_average": 319667, 
        "short_term_average": 330910
    }, 
    {
        "date": "2012-12-31", 
        "operating_revenue": 359199, 
        "accumulated_operating_revenue": 3875539, 
        "long_term_average": 322961, 
        "short_term_average": 332430
    }, 
    {
        "accumulated_operating_revenue_yoy": 72.84167494397425, 
        "accumulated_operating_revenue": 421108, 
        "long_term_average": 337750, 
        "date": "2013-01-31", 
        "operating_revenue": 421108, 
        "short_term_average": 374323
    }, 
    {
        "accumulated_operating_revenue_yoy": 39.14320024135204, 
        "accumulated_operating_revenue": 705655, 
        "long_term_average": 339504, 
        "date": "2013-02-28", 
        "operating_revenue": 284547, 
        "short_term_average": 354951
    }, 
    {
        "accumulated_operating_revenue_yoy": 34.310176071840516, 
        "accumulated_operating_revenue": 1107378, 
        "long_term_average": 346535, 
        "date": "2013-03-31", 
        "operating_revenue": 401723, 
        "short_term_average": 369126
    }, 
    {
        "accumulated_operating_revenue_yoy": 31.951333927241897, 
        "accumulated_operating_revenue": 1533004, 
        "long_term_average": 353895, 
        "date": "2013-04-30", 
        "operating_revenue": 425626, 
        "short_term_average": 370632
    }, 
    {
        "accumulated_operating_revenue_yoy": 30.128281626911924, 
        "accumulated_operating_revenue": 1940944, 
        "long_term_average": 360410, 
        "date": "2013-05-31", 
        "operating_revenue": 407940, 
        "short_term_average": 411763
    }, 
    {
        "accumulated_operating_revenue_yoy": 26.35182087811636, 
        "accumulated_operating_revenue": 2305572, 
        "long_term_average": 363032, 
        "date": "2013-06-30", 
        "operating_revenue": 364628, 
        "short_term_average": 399398
    }, 
    {
        "accumulated_operating_revenue_yoy": 24.056695735375655, 
        "accumulated_operating_revenue": 2691642, 
        "long_term_average": 366457, 
        "date": "2013-07-31", 
        "operating_revenue": 386070, 
        "short_term_average": 386212
    }, 
    {
        "accumulated_operating_revenue_yoy": 23.61626686870544, 
        "accumulated_operating_revenue": 3119590, 
        "long_term_average": 372626, 
        "date": "2013-08-31", 
        "operating_revenue": 427948, 
        "short_term_average": 392882
    }, 
    {
        "accumulated_operating_revenue_yoy": 22.69586314169701, 
        "accumulated_operating_revenue": 3531490, 
        "long_term_average": 377398, 
        "date": "2013-09-30", 
        "operating_revenue": 411900, 
        "short_term_average": 408639
    }, 
    {
        "accumulated_operating_revenue_yoy": 22.597227128028464, 
        "accumulated_operating_revenue": 3890840, 
        "long_term_average": 382725, 
        "date": "2013-10-31", 
        "operating_revenue": 359350, 
        "short_term_average": 399732
    }, 
    {
        "accumulated_operating_revenue_yoy": 21.769567220462186, 
        "accumulated_operating_revenue": 4281832, 
        "long_term_average": 386752, 
        "date": "2013-11-30", 
        "operating_revenue": 390992, 
        "short_term_average": 387414
    }, 
    {
        "accumulated_operating_revenue_yoy": 21.11066357479566, 
        "accumulated_operating_revenue": 4693691, 
        "long_term_average": 391140, 
        "date": "2013-12-31", 
        "operating_revenue": 411859, 
        "short_term_average": 387400
    }, 
    {
        "accumulated_operating_revenue_yoy": 16.975692696410423, 
        "accumulated_operating_revenue": 492594, 
        "long_term_average": 397098, 
        "date": "2014-01-31", 
        "operating_revenue": 492594, 
        "short_term_average": 431815
    }, 
    {
        "accumulated_operating_revenue_yoy": 12.646689954722918, 
        "accumulated_operating_revenue": 794897, 
        "long_term_average": 398577, 
        "date": "2014-02-28", 
        "operating_revenue": 302303, 
        "short_term_average": 402252
    }, 
    {
        "accumulated_operating_revenue_yoy": 15.236260788998878, 
        "accumulated_operating_revenue": 1276101, 
        "long_term_average": 405201, 
        "date": "2014-03-31", 
        "operating_revenue": 481204, 
        "short_term_average": 425367
    }, 
    {
        "accumulated_operating_revenue_yoy": 10.97244364659192, 
        "accumulated_operating_revenue": 1701212, 
        "long_term_average": 405158, 
        "date": "2014-04-30", 
        "operating_revenue": 425111, 
        "short_term_average": 402872
    }, 
    {
        "accumulated_operating_revenue_yoy": 9.308769341104123, 
        "accumulated_operating_revenue": 2121622, 
        "long_term_average": 406197, 
        "date": "2014-05-31", 
        "operating_revenue": 420410, 
        "short_term_average": 442241
    }, 
    {
        "accumulated_operating_revenue_yoy": 10.825513148147184, 
        "accumulated_operating_revenue": 2555162, 
        "long_term_average": 411940, 
        "date": "2014-06-30", 
        "operating_revenue": 433540, 
        "short_term_average": 426353
    }, 
    {
        "accumulated_operating_revenue_yoy": 12.866124098227031, 
        "accumulated_operating_revenue": 3037952, 
        "long_term_average": 420000, 
        "date": "2014-07-31", 
        "operating_revenue": 482790, 
        "short_term_average": 445580
    }, 
    {
        "accumulated_operating_revenue_yoy": 12.123067454377018, 
        "accumulated_operating_revenue": 3497780, 
        "long_term_average": 422656, 
        "date": "2014-08-31", 
        "operating_revenue": 459828, 
        "short_term_average": 458719
    }, 
    {
        "accumulated_operating_revenue_yoy": 11.758011490900442, 
        "accumulated_operating_revenue": 3946723, 
        "long_term_average": 425743, 
        "date": "2014-09-30", 
        "operating_revenue": 448943, 
        "short_term_average": 463853
    }, 
    {
        "accumulated_operating_revenue_yoy": 11.771725385777879, 
        "accumulated_operating_revenue": 4348859, 
        "long_term_average": 429309, 
        "date": "2014-10-31", 
        "operating_revenue": 402136, 
        "short_term_average": 436969
    }, 
    {
        "accumulated_operating_revenue_yoy": 11.10389197894733, 
        "accumulated_operating_revenue": 4757282, 
        "long_term_average": 430761, 
        "date": "2014-11-30", 
        "operating_revenue": 408423, 
        "short_term_average": 419834
    }, 
    {
        "accumulated_operating_revenue_yoy": 9.812384326109239, 
        "accumulated_operating_revenue": 5154254, 
        "long_term_average": 429521, 
        "date": "2014-12-31", 
        "operating_revenue": 396972, 
        "short_term_average": 402510
    }, 
    {
        "accumulated_operating_revenue_yoy": -6.693138771483209, 
        "accumulated_operating_revenue": 459624, 
        "long_term_average": 426773, 
        "date": "2015-01-31", 
        "operating_revenue": 459624, 
        "short_term_average": 421673
    }, 
    {
        "accumulated_operating_revenue_yoy": -5.938002030451743, 
        "accumulated_operating_revenue": 747696, 
        "long_term_average": 425587, 
        "date": "2015-02-28", 
        "operating_revenue": 288072, 
        "short_term_average": 381556
    }, 
    {
        "accumulated_operating_revenue_yoy": -13.629015258196647, 
        "accumulated_operating_revenue": 1102181, 
        "long_term_average": 415027, 
        "date": "2015-03-31", 
        "operating_revenue": 354485, 
        "short_term_average": 367393
    }, 
    {
        "accumulated_operating_revenue_yoy": -15.204513017777913, 
        "accumulated_operating_revenue": 1442551, 
        "long_term_average": 407966, 
        "date": "2015-04-30", 
        "operating_revenue": 340370, 
        "short_term_average": 327642
    }, 
    {
        "accumulated_operating_revenue_yoy": -16.570105325076756, 
        "accumulated_operating_revenue": 1770067, 
        "long_term_average": 400224, 
        "date": "2015-05-31", 
        "operating_revenue": 327516, 
        "short_term_average": 340790
    }, 
    {
        "accumulated_operating_revenue_yoy": -16.737647162880474, 
        "accumulated_operating_revenue": 2127488, 
        "long_term_average": 393881, 
        "date": "2015-06-30", 
        "operating_revenue": 357421, 
        "short_term_average": 341769
    }, 
    {
        "accumulated_operating_revenue_yoy": -17.73438158338249, 
        "accumulated_operating_revenue": 2499190, 
        "long_term_average": 384624, 
        "date": "2015-07-31", 
        "operating_revenue": 371702, 
        "short_term_average": 352213
    }, 
    {
        "accumulated_operating_revenue_yoy": -16.612022482831968, 
        "accumulated_operating_revenue": 2916728, 
        "long_term_average": 381100, 
        "date": "2015-08-31", 
        "operating_revenue": 417538, 
        "short_term_average": 382220
    }, 
    {
        "accumulated_operating_revenue_yoy": -14.91330909212529, 
        "accumulated_operating_revenue": 3358136, 
        "long_term_average": 380472, 
        "date": "2015-09-30", 
        "operating_revenue": 441408, 
        "short_term_average": 410216
    }
]