[
    {
        "date": "2012-01-31", 
        "operating_revenue": 263935, 
        "accumulated_operating_revenue": 263935, 
        "long_term_average": 263935, 
        "short_term_average": 263935
    }, 
    {
        "date": "2012-02-29", 
        "operating_revenue": 304738, 
        "accumulated_operating_revenue": 568673, 
        "long_term_average": 284336, 
        "short_term_average": 284336
    }, 
    {
        "date": "2012-03-31", 
        "operating_revenue": 359748, 
        "accumulated_operating_revenue": 928421, 
        "long_term_average": 309473, 
        "short_term_average": 309473
    }, 
    {
        "date": "2012-04-30", 
        "operating_revenue": 364464, 
        "accumulated_operating_revenue": 1292885, 
        "long_term_average": 323221, 
        "short_term_average": 342983
    }, 
    {
        "date": "2012-05-31", 
        "operating_revenue": 378631, 
        "accumulated_operating_revenue": 1671516, 
        "long_term_average": 334303, 
        "short_term_average": 367614
    }, 
    {
        "date": "2012-06-30", 
        "operating_revenue": 360189, 
        "accumulated_operating_revenue": 2031705, 
        "long_term_average": 338617, 
        "short_term_average": 367761
    }, 
    {
        "date": "2012-07-31", 
        "operating_revenue": 310302, 
        "accumulated_operating_revenue": 2342007, 
        "long_term_average": 334572, 
        "short_term_average": 349707
    }, 
    {
        "date": "2012-08-31", 
        "operating_revenue": 237150, 
        "accumulated_operating_revenue": 2579157, 
        "long_term_average": 322394, 
        "short_term_average": 302547
    }, 
    {
        "date": "2012-09-30", 
        "operating_revenue": 178731, 
        "accumulated_operating_revenue": 2757888, 
        "long_term_average": 306432, 
        "short_term_average": 242061
    }, 
    {
        "date": "2012-10-31", 
        "operating_revenue": 258627, 
        "accumulated_operating_revenue": 3016515, 
        "long_term_average": 301651, 
        "short_term_average": 224836
    }, 
    {
        "date": "2012-11-30", 
        "operating_revenue": 274677, 
        "accumulated_operating_revenue": 3291192, 
        "long_term_average": 299199, 
        "short_term_average": 237345
    }, 
    {
        "date": "2012-12-31", 
        "operating_revenue": 187294, 
        "accumulated_operating_revenue": 3478486, 
        "long_term_average": 289873, 
        "short_term_average": 240199
    }, 
    {
        "accumulated_operating_revenue_yoy": 46.72210961032072, 
        "accumulated_operating_revenue": 387251, 
        "long_term_average": 300150, 
        "date": "2013-01-31", 
        "operating_revenue": 387251, 
        "short_term_average": 283074
    }, 
    {
        "accumulated_operating_revenue_yoy": 24.067434184496186, 
        "accumulated_operating_revenue": 705538, 
        "long_term_average": 301279, 
        "date": "2013-02-28", 
        "operating_revenue": 318287, 
        "short_term_average": 297610
    }, 
    {
        "accumulated_operating_revenue_yoy": 13.290522295381082, 
        "accumulated_operating_revenue": 1051813, 
        "long_term_average": 300156, 
        "date": "2013-03-31", 
        "operating_revenue": 346275, 
        "short_term_average": 350604
    }, 
    {
        "accumulated_operating_revenue_yoy": 12.064878160083843, 
        "accumulated_operating_revenue": 1448870, 
        "long_term_average": 302872, 
        "date": "2013-04-30", 
        "operating_revenue": 397057, 
        "short_term_average": 353873
    }, 
    {
        "accumulated_operating_revenue_yoy": 10.278393984861646, 
        "accumulated_operating_revenue": 1843321, 
        "long_term_average": 304190, 
        "date": "2013-05-31", 
        "operating_revenue": 394451, 
        "short_term_average": 379261
    }, 
    {
        "accumulated_operating_revenue_yoy": 6.8514868054171245, 
        "accumulated_operating_revenue": 2170907, 
        "long_term_average": 301474, 
        "date": "2013-06-30", 
        "operating_revenue": 327586, 
        "short_term_average": 373031
    }, 
    {
        "accumulated_operating_revenue_yoy": 7.932384489030135, 
        "accumulated_operating_revenue": 2527784, 
        "long_term_average": 305355, 
        "date": "2013-07-31", 
        "operating_revenue": 356877, 
        "short_term_average": 359638
    }, 
    {
        "accumulated_operating_revenue_yoy": 12.246055591032263, 
        "accumulated_operating_revenue": 2895002, 
        "long_term_average": 316194, 
        "date": "2013-08-31", 
        "operating_revenue": 367218, 
        "short_term_average": 350560
    }, 
    {
        "accumulated_operating_revenue_yoy": 19.75609596908939, 
        "accumulated_operating_revenue": 3302739, 
        "long_term_average": 335278, 
        "date": "2013-09-30", 
        "operating_revenue": 407737, 
        "short_term_average": 377277
    }, 
    {
        "accumulated_operating_revenue_yoy": 24.382209271294855, 
        "accumulated_operating_revenue": 3752008, 
        "long_term_average": 351164, 
        "date": "2013-10-31", 
        "operating_revenue": 449269, 
        "short_term_average": 408074
    }, 
    {
        "accumulated_operating_revenue_yoy": 29.61042686054171, 
        "accumulated_operating_revenue": 4265728, 
        "long_term_average": 371085, 
        "date": "2013-11-30", 
        "operating_revenue": 513720, 
        "short_term_average": 456908
    }, 
    {
        "accumulated_operating_revenue_yoy": 39.37885620353222, 
        "accumulated_operating_revenue": 4848274, 
        "long_term_average": 404022, 
        "date": "2013-12-31", 
        "operating_revenue": 582546, 
        "short_term_average": 515178
    }, 
    {
        "accumulated_operating_revenue_yoy": 93.5873632346979, 
        "accumulated_operating_revenue": 749669, 
        "long_term_average": 434224, 
        "date": "2014-01-31", 
        "operating_revenue": 749669, 
        "short_term_average": 615311
    }, 
    {
        "accumulated_operating_revenue_yoy": 93.45520723192797, 
        "accumulated_operating_revenue": 1364900, 
        "long_term_average": 458969, 
        "date": "2014-02-28", 
        "operating_revenue": 615231, 
        "short_term_average": 649148
    }, 
    {
        "accumulated_operating_revenue_yoy": 89.37957602729763, 
        "accumulated_operating_revenue": 1991919, 
        "long_term_average": 482365, 
        "date": "2014-03-31", 
        "operating_revenue": 627019, 
        "short_term_average": 663973
    }, 
    {
        "accumulated_operating_revenue_yoy": 86.40699303595215, 
        "accumulated_operating_revenue": 2700795, 
        "long_term_average": 508349, 
        "date": "2014-04-30", 
        "operating_revenue": 708876, 
        "short_term_average": 650375
    }, 
    {
        "accumulated_operating_revenue_yoy": 86.96499415999709, 
        "accumulated_operating_revenue": 3446365, 
        "long_term_average": 537609, 
        "date": "2014-05-31", 
        "operating_revenue": 745570, 
        "short_term_average": 693821
    }, 
    {
        "accumulated_operating_revenue_yoy": 94.6265316754702, 
        "accumulated_operating_revenue": 4225161, 
        "long_term_average": 575210, 
        "date": "2014-06-30", 
        "operating_revenue": 778796, 
        "short_term_average": 744414
    }, 
    {
        "accumulated_operating_revenue_yoy": 99.77387308409263, 
        "accumulated_operating_revenue": 5049852, 
        "long_term_average": 614195, 
        "date": "2014-07-31", 
        "operating_revenue": 824691, 
        "short_term_average": 783019
    }, 
    {
        "accumulated_operating_revenue_yoy": 100.7459753050257, 
        "accumulated_operating_revenue": 5811600, 
        "long_term_average": 647072, 
        "date": "2014-08-31", 
        "operating_revenue": 761748, 
        "short_term_average": 788411
    }, 
    {
        "accumulated_operating_revenue_yoy": 102.05792828316133, 
        "accumulated_operating_revenue": 6673446, 
        "long_term_average": 684915, 
        "date": "2014-09-30", 
        "operating_revenue": 861846, 
        "short_term_average": 816095
    }, 
    {
        "accumulated_operating_revenue_yoy": 104.49170151023132, 
        "accumulated_operating_revenue": 7672545, 
        "long_term_average": 730734, 
        "date": "2014-10-31", 
        "operating_revenue": 999099, 
        "short_term_average": 874231
    }, 
    {
        "accumulated_operating_revenue_yoy": 103.37339839764748, 
        "accumulated_operating_revenue": 8675356, 
        "long_term_average": 771491, 
        "date": "2014-11-30", 
        "operating_revenue": 1002811, 
        "short_term_average": 954585
    }, 
    {
        "accumulated_operating_revenue_yoy": 100.77604937344714, 
        "accumulated_operating_revenue": 9734173, 
        "long_term_average": 811181, 
        "date": "2014-12-31", 
        "operating_revenue": 1058817, 
        "short_term_average": 1020242
    }, 
    {
        "accumulated_operating_revenue_yoy": 41.059854415748816, 
        "accumulated_operating_revenue": 1057482, 
        "long_term_average": 836832, 
        "date": "2015-01-31", 
        "operating_revenue": 1057482, 
        "short_term_average": 1039703
    }, 
    {
        "accumulated_operating_revenue_yoy": 36.09209465894938, 
        "accumulated_operating_revenue": 1857521, 
        "long_term_average": 852232, 
        "date": "2015-02-28", 
        "operating_revenue": 800039, 
        "short_term_average": 972112
    }, 
    {
        "accumulated_operating_revenue_yoy": 41.704958886380425, 
        "accumulated_operating_revenue": 2822648, 
        "long_term_average": 880408, 
        "date": "2015-03-31", 
        "operating_revenue": 965127, 
        "short_term_average": 940882
    }, 
    {
        "accumulated_operating_revenue_yoy": 44.8761568353022, 
        "accumulated_operating_revenue": 3912808, 
        "long_term_average": 912182, 
        "date": "2015-04-30", 
        "operating_revenue": 1090160, 
        "short_term_average": 951775
    }, 
    {
        "accumulated_operating_revenue_yoy": 46.498557175458785, 
        "accumulated_operating_revenue": 5048875, 
        "long_term_average": 944723, 
        "date": "2015-05-31", 
        "operating_revenue": 1136067, 
        "short_term_average": 1063784
    }, 
    {
        "accumulated_operating_revenue_yoy": 50.353181807746495, 
        "accumulated_operating_revenue": 6352664, 
        "long_term_average": 988473, 
        "date": "2015-06-30", 
        "operating_revenue": 1303789, 
        "short_term_average": 1176672
    }, 
    {
        "accumulated_operating_revenue_yoy": 54.539994439440996, 
        "accumulated_operating_revenue": 7804041, 
        "long_term_average": 1040696, 
        "date": "2015-07-31", 
        "operating_revenue": 1451377, 
        "short_term_average": 1297077
    }, 
    {
        "accumulated_operating_revenue_yoy": 59.769151352467475, 
        "accumulated_operating_revenue": 9285144, 
        "long_term_average": 1100643, 
        "date": "2015-08-31", 
        "operating_revenue": 1481103, 
        "short_term_average": 1412089
    }
]