[
    {
        "date": "2012-01-31", 
        "operating_revenue": 131611, 
        "accumulated_operating_revenue": 131611, 
        "long_term_average": 131611, 
        "short_term_average": 131611
    }, 
    {
        "date": "2012-02-29", 
        "operating_revenue": 163576, 
        "accumulated_operating_revenue": 295187, 
        "long_term_average": 147593, 
        "short_term_average": 147593
    }, 
    {
        "date": "2012-03-31", 
        "operating_revenue": 164401, 
        "accumulated_operating_revenue": 459588, 
        "long_term_average": 153196, 
        "short_term_average": 153196
    }, 
    {
        "date": "2012-04-30", 
        "operating_revenue": 180475, 
        "accumulated_operating_revenue": 640063, 
        "long_term_average": 160015, 
        "short_term_average": 169484
    }, 
    {
        "date": "2012-05-31", 
        "operating_revenue": 153259, 
        "accumulated_operating_revenue": 793322, 
        "long_term_average": 158664, 
        "short_term_average": 166045
    }, 
    {
        "date": "2012-06-30", 
        "operating_revenue": 115717, 
        "accumulated_operating_revenue": 909039, 
        "long_term_average": 151506, 
        "short_term_average": 149817
    }, 
    {
        "date": "2012-07-31", 
        "operating_revenue": 181460, 
        "accumulated_operating_revenue": 1090499, 
        "long_term_average": 155785, 
        "short_term_average": 150145
    }, 
    {
        "date": "2012-08-31", 
        "operating_revenue": 180131, 
        "accumulated_operating_revenue": 1270630, 
        "long_term_average": 158828, 
        "short_term_average": 159102
    }, 
    {
        "date": "2012-09-30", 
        "operating_revenue": 207362, 
        "accumulated_operating_revenue": 1477992, 
        "long_term_average": 164221, 
        "short_term_average": 189651
    }, 
    {
        "date": "2012-10-31", 
        "operating_revenue": 210696, 
        "accumulated_operating_revenue": 1688688, 
        "long_term_average": 168868, 
        "short_term_average": 199396
    }, 
    {
        "date": "2012-11-30", 
        "operating_revenue": 220132, 
        "accumulated_operating_revenue": 1908820, 
        "long_term_average": 173529, 
        "short_term_average": 212730
    }, 
    {
        "date": "2012-12-31", 
        "operating_revenue": 175953, 
        "accumulated_operating_revenue": 2084773, 
        "long_term_average": 173731, 
        "short_term_average": 202260
    }, 
    {
        "accumulated_operating_revenue_yoy": 24.88241864281861, 
        "accumulated_operating_revenue": 164359, 
        "long_term_average": 176460, 
        "date": "2013-01-31", 
        "operating_revenue": 164359, 
        "short_term_average": 186814
    }, 
    {
        "accumulated_operating_revenue_yoy": 12.437878361851979, 
        "accumulated_operating_revenue": 331902, 
        "long_term_average": 176790, 
        "date": "2013-02-28", 
        "operating_revenue": 167543, 
        "short_term_average": 169285
    }, 
    {
        "accumulated_operating_revenue_yoy": 22.72274297849378, 
        "accumulated_operating_revenue": 564019, 
        "long_term_average": 182433, 
        "date": "2013-03-31", 
        "operating_revenue": 232117, 
        "short_term_average": 188006
    }, 
    {
        "accumulated_operating_revenue_yoy": 22.55809193782487, 
        "accumulated_operating_revenue": 784449, 
        "long_term_average": 185763, 
        "date": "2013-04-30", 
        "operating_revenue": 220430, 
        "short_term_average": 206696
    }, 
    {
        "accumulated_operating_revenue_yoy": 27.60228507466073, 
        "accumulated_operating_revenue": 1012297, 
        "long_term_average": 191979, 
        "date": "2013-05-31", 
        "operating_revenue": 227848, 
        "short_term_average": 226798
    }, 
    {
        "accumulated_operating_revenue_yoy": 41.81470761980509, 
        "accumulated_operating_revenue": 1289151, 
        "long_term_average": 205407, 
        "date": "2013-06-30", 
        "operating_revenue": 276854, 
        "short_term_average": 241710
    }, 
    {
        "accumulated_operating_revenue_yoy": 42.379956331917775, 
        "accumulated_operating_revenue": 1552652, 
        "long_term_average": 212243, 
        "date": "2013-07-31", 
        "operating_revenue": 263501, 
        "short_term_average": 256067
    }, 
    {
        "accumulated_operating_revenue_yoy": 36.363300095228354, 
        "accumulated_operating_revenue": 1732673, 
        "long_term_average": 212234, 
        "date": "2013-08-31", 
        "operating_revenue": 180021, 
        "short_term_average": 240125
    }, 
    {
        "accumulated_operating_revenue_yoy": 30.43717422015816, 
        "accumulated_operating_revenue": 1927851, 
        "long_term_average": 211219, 
        "date": "2013-09-30", 
        "operating_revenue": 195178, 
        "short_term_average": 212900
    }, 
    {
        "accumulated_operating_revenue_yoy": 28.057462361312453, 
        "accumulated_operating_revenue": 2162491, 
        "long_term_average": 213214, 
        "date": "2013-10-31", 
        "operating_revenue": 234640, 
        "short_term_average": 203279
    }, 
    {
        "accumulated_operating_revenue_yoy": 26.121059083622345, 
        "accumulated_operating_revenue": 2407424, 
        "long_term_average": 215281, 
        "date": "2013-11-30", 
        "operating_revenue": 244933, 
        "short_term_average": 224917
    }, 
    {
        "accumulated_operating_revenue_yoy": 27.629482922121497, 
        "accumulated_operating_revenue": 2660785, 
        "long_term_average": 221732, 
        "date": "2013-12-31", 
        "operating_revenue": 253361, 
        "short_term_average": 244311
    }, 
    {
        "accumulated_operating_revenue_yoy": 73.55849086451, 
        "accumulated_operating_revenue": 285259, 
        "long_term_average": 231807, 
        "date": "2014-01-31", 
        "operating_revenue": 285259, 
        "short_term_average": 261184
    }, 
    {
        "accumulated_operating_revenue_yoy": 38.722273442160635, 
        "accumulated_operating_revenue": 460422, 
        "long_term_average": 232442, 
        "date": "2014-02-28", 
        "operating_revenue": 175163, 
        "short_term_average": 237927
    }, 
    {
        "accumulated_operating_revenue_yoy": 38.285412370859845, 
        "accumulated_operating_revenue": 779956, 
        "long_term_average": 239726, 
        "date": "2014-03-31", 
        "operating_revenue": 319534, 
        "short_term_average": 259985
    }, 
    {
        "accumulated_operating_revenue_yoy": 26.009211561235972, 
        "accumulated_operating_revenue": 988478, 
        "long_term_average": 238734, 
        "date": "2014-04-30", 
        "operating_revenue": 208522, 
        "short_term_average": 234406
    }, 
    {
        "accumulated_operating_revenue_yoy": 20.118996697609496, 
        "accumulated_operating_revenue": 1215961, 
        "long_term_average": 238704, 
        "date": "2014-05-31", 
        "operating_revenue": 227483, 
        "short_term_average": 251846
    }, 
    {
        "accumulated_operating_revenue_yoy": 15.669925400515533, 
        "accumulated_operating_revenue": 1491160, 
        "long_term_average": 238566, 
        "date": "2014-06-30", 
        "operating_revenue": 275199, 
        "short_term_average": 237068
    }, 
    {
        "accumulated_operating_revenue_yoy": 21.250415418265007, 
        "accumulated_operating_revenue": 1882597, 
        "long_term_average": 249227, 
        "date": "2014-07-31", 
        "operating_revenue": 391437, 
        "short_term_average": 298039
    }, 
    {
        "accumulated_operating_revenue_yoy": 32.048747801806805, 
        "accumulated_operating_revenue": 2287973, 
        "long_term_average": 268007, 
        "date": "2014-08-31", 
        "operating_revenue": 405376, 
        "short_term_average": 357337
    }, 
    {
        "accumulated_operating_revenue_yoy": 43.28622907060763, 
        "accumulated_operating_revenue": 2762345, 
        "long_term_average": 291273, 
        "date": "2014-09-30", 
        "operating_revenue": 474372, 
        "short_term_average": 423728
    }, 
    {
        "accumulated_operating_revenue_yoy": 38.17232071717292, 
        "accumulated_operating_revenue": 2987964, 
        "long_term_average": 290521, 
        "date": "2014-10-31", 
        "operating_revenue": 225619, 
        "short_term_average": 368455
    }, 
    {
        "accumulated_operating_revenue_yoy": 34.32997261803487, 
        "accumulated_operating_revenue": 3233892, 
        "long_term_average": 290604, 
        "date": "2014-11-30", 
        "operating_revenue": 245928, 
        "short_term_average": 315306
    }, 
    {
        "accumulated_operating_revenue_yoy": 33.403751148627194, 
        "accumulated_operating_revenue": 3549587, 
        "long_term_average": 295798, 
        "date": "2014-12-31", 
        "operating_revenue": 315695, 
        "short_term_average": 262414
    }, 
    {
        "accumulated_operating_revenue_yoy": 128.15336238295725, 
        "accumulated_operating_revenue": 650828, 
        "long_term_average": 326263, 
        "date": "2015-01-31", 
        "operating_revenue": 650828, 
        "short_term_average": 404150
    }, 
    {
        "accumulated_operating_revenue_yoy": 176.77956309646368, 
        "accumulated_operating_revenue": 1274354, 
        "long_term_average": 363626, 
        "date": "2015-02-28", 
        "operating_revenue": 623526, 
        "short_term_average": 530016
    }, 
    {
        "accumulated_operating_revenue_yoy": 151.71086574114437, 
        "accumulated_operating_revenue": 1963234, 
        "long_term_average": 394405, 
        "date": "2015-03-31", 
        "operating_revenue": 688880, 
        "short_term_average": 654411
    }, 
    {
        "accumulated_operating_revenue_yoy": 155.21144628408524, 
        "accumulated_operating_revenue": 2522709, 
        "long_term_average": 423651, 
        "date": "2015-04-30", 
        "operating_revenue": 559475, 
        "short_term_average": 623960
    }, 
    {
        "accumulated_operating_revenue_yoy": 122.51725178685831, 
        "accumulated_operating_revenue": 2705723, 
        "long_term_average": 419945, 
        "date": "2015-05-31", 
        "operating_revenue": 183014, 
        "short_term_average": 477123
    }, 
    {
        "accumulated_operating_revenue_yoy": 100.19548539392152, 
        "accumulated_operating_revenue": 2985235, 
        "long_term_average": 420305, 
        "date": "2015-06-30", 
        "operating_revenue": 279512, 
        "short_term_average": 340667
    }, 
    {
        "accumulated_operating_revenue_yoy": 82.0735930207049, 
        "accumulated_operating_revenue": 3427712, 
        "long_term_average": 424558, 
        "date": "2015-07-31", 
        "operating_revenue": 442477, 
        "short_term_average": 301667
    }, 
    {
        "accumulated_operating_revenue_yoy": 68.79582932141246, 
        "accumulated_operating_revenue": 3862003, 
        "long_term_average": 426968, 
        "date": "2015-08-31", 
        "operating_revenue": 434291, 
        "short_term_average": 385426
    }
]