[
    {
        "date": "2012-01-31", 
        "operating_revenue": 538563, 
        "accumulated_operating_revenue": 538563, 
        "long_term_average": 538563, 
        "short_term_average": 538563
    }, 
    {
        "date": "2012-02-29", 
        "operating_revenue": 653520, 
        "accumulated_operating_revenue": 1192083, 
        "long_term_average": 596041, 
        "short_term_average": 596041
    }, 
    {
        "date": "2012-03-31", 
        "operating_revenue": 728803, 
        "accumulated_operating_revenue": 1920886, 
        "long_term_average": 640295, 
        "short_term_average": 640295
    }, 
    {
        "date": "2012-04-30", 
        "operating_revenue": 941447, 
        "accumulated_operating_revenue": 2862333, 
        "long_term_average": 715583, 
        "short_term_average": 774590
    }, 
    {
        "date": "2012-05-31", 
        "operating_revenue": 931854, 
        "accumulated_operating_revenue": 3794187, 
        "long_term_average": 758837, 
        "short_term_average": 867368
    }, 
    {
        "date": "2012-06-30", 
        "operating_revenue": 638209, 
        "accumulated_operating_revenue": 4432396, 
        "long_term_average": 738732, 
        "short_term_average": 837170
    }, 
    {
        "date": "2012-07-31", 
        "operating_revenue": 753996, 
        "accumulated_operating_revenue": 5186392, 
        "long_term_average": 740913, 
        "short_term_average": 774686
    }, 
    {
        "date": "2012-08-31", 
        "operating_revenue": 761411, 
        "accumulated_operating_revenue": 5947803, 
        "long_term_average": 743475, 
        "short_term_average": 717872
    }, 
    {
        "date": "2012-09-30", 
        "operating_revenue": 724064, 
        "accumulated_operating_revenue": 6671867, 
        "long_term_average": 741318, 
        "short_term_average": 746490
    }, 
    {
        "date": "2012-10-31", 
        "operating_revenue": 741700, 
        "accumulated_operating_revenue": 7413567, 
        "long_term_average": 741356, 
        "short_term_average": 742391
    }, 
    {
        "date": "2012-11-30", 
        "operating_revenue": 469569, 
        "accumulated_operating_revenue": 7883136, 
        "long_term_average": 716648, 
        "short_term_average": 645111
    }, 
    {
        "date": "2012-12-31", 
        "operating_revenue": 410747, 
        "accumulated_operating_revenue": 8293883, 
        "long_term_average": 691156, 
        "short_term_average": 540672
    }, 
    {
        "accumulated_operating_revenue_yoy": -2.0580693437907915, 
        "accumulated_operating_revenue": 527479, 
        "long_term_average": 690233, 
        "date": "2013-01-31", 
        "operating_revenue": 527479, 
        "short_term_average": 469265
    }, 
    {
        "accumulated_operating_revenue_yoy": -29.851444907779072, 
        "accumulated_operating_revenue": 836229, 
        "long_term_average": 661502, 
        "date": "2013-02-28", 
        "operating_revenue": 308750, 
        "short_term_average": 415658
    }, 
    {
        "accumulated_operating_revenue_yoy": -30.58630236255561, 
        "accumulated_operating_revenue": 1333358, 
        "long_term_average": 642196, 
        "date": "2013-03-31", 
        "operating_revenue": 497129, 
        "short_term_average": 444452
    }, 
    {
        "accumulated_operating_revenue_yoy": -36.64772757048184, 
        "accumulated_operating_revenue": 1813353, 
        "long_term_average": 603741, 
        "date": "2013-04-30", 
        "operating_revenue": 479995, 
        "short_term_average": 428624
    }, 
    {
        "accumulated_operating_revenue_yoy": -36.3060386849673, 
        "accumulated_operating_revenue": 2416668, 
        "long_term_average": 576363, 
        "date": "2013-05-31", 
        "operating_revenue": 603315, 
        "short_term_average": 526813
    }, 
    {
        "accumulated_operating_revenue_yoy": -32.808440401083296, 
        "accumulated_operating_revenue": 2978196, 
        "long_term_average": 569973, 
        "date": "2013-06-30", 
        "operating_revenue": 561528, 
        "short_term_average": 548279
    }, 
    {
        "accumulated_operating_revenue_yoy": -32.99102728833455, 
        "accumulated_operating_revenue": 3475348, 
        "long_term_average": 548569, 
        "date": "2013-07-31", 
        "operating_revenue": 497152, 
        "short_term_average": 553998
    }, 
    {
        "accumulated_operating_revenue_yoy": -32.30789587348472, 
        "accumulated_operating_revenue": 4026193, 
        "long_term_average": 531022, 
        "date": "2013-08-31", 
        "operating_revenue": 550845, 
        "short_term_average": 536508
    }, 
    {
        "accumulated_operating_revenue_yoy": -29.601159615441976, 
        "accumulated_operating_revenue": 4696917, 
        "long_term_average": 526577, 
        "date": "2013-09-30", 
        "operating_revenue": 670724, 
        "short_term_average": 572907
    }, 
    {
        "accumulated_operating_revenue_yoy": -28.554001063185915, 
        "accumulated_operating_revenue": 5296697, 
        "long_term_average": 514751, 
        "date": "2013-10-31", 
        "operating_revenue": 599780, 
        "short_term_average": 607116
    }, 
    {
        "accumulated_operating_revenue_yoy": -25.337175459106632, 
        "accumulated_operating_revenue": 5885772, 
        "long_term_average": 524709, 
        "date": "2013-11-30", 
        "operating_revenue": 589075, 
        "short_term_average": 619859
    }, 
    {
        "accumulated_operating_revenue_yoy": -22.989244000668926, 
        "accumulated_operating_revenue": 6387182, 
        "long_term_average": 532265, 
        "date": "2013-12-31", 
        "operating_revenue": 501410, 
        "short_term_average": 563421
    }, 
    {
        "accumulated_operating_revenue_yoy": -15.057661063284037, 
        "accumulated_operating_revenue": 448053, 
        "long_term_average": 525646, 
        "date": "2014-01-31", 
        "operating_revenue": 448053, 
        "short_term_average": 512846
    }, 
    {
        "accumulated_operating_revenue_yoy": 0.264879596378504, 
        "accumulated_operating_revenue": 838444, 
        "long_term_average": 532449, 
        "date": "2014-02-28", 
        "operating_revenue": 390391, 
        "short_term_average": 446618
    }, 
    {
        "accumulated_operating_revenue_yoy": -5.207753656557354, 
        "accumulated_operating_revenue": 1263920, 
        "long_term_average": 526478, 
        "date": "2014-03-31", 
        "operating_revenue": 425476, 
        "short_term_average": 421306
    }, 
    {
        "accumulated_operating_revenue_yoy": -7.409202731073321, 
        "accumulated_operating_revenue": 1678998, 
        "long_term_average": 521068, 
        "date": "2014-04-30", 
        "operating_revenue": 415078, 
        "short_term_average": 410315
    }, 
    {
        "accumulated_operating_revenue_yoy": -15.100626151378673, 
        "accumulated_operating_revenue": 2051736, 
        "long_term_average": 501854, 
        "date": "2014-05-31", 
        "operating_revenue": 372738, 
        "short_term_average": 404430
    }, 
    {
        "accumulated_operating_revenue_yoy": -17.946132490944184, 
        "accumulated_operating_revenue": 2443725, 
        "long_term_average": 487725, 
        "date": "2014-06-30", 
        "operating_revenue": 391989, 
        "short_term_average": 393268
    }, 
    {
        "accumulated_operating_revenue_yoy": -14.996685224040874, 
        "accumulated_operating_revenue": 2954161, 
        "long_term_average": 488832, 
        "date": "2014-07-31", 
        "operating_revenue": 510436, 
        "short_term_average": 425054
    }, 
    {
        "accumulated_operating_revenue_yoy": -13.408100406513052, 
        "accumulated_operating_revenue": 3486357, 
        "long_term_average": 487278, 
        "date": "2014-08-31", 
        "operating_revenue": 532196, 
        "short_term_average": 478207
    }, 
    {
        "accumulated_operating_revenue_yoy": -12.668267291076251, 
        "accumulated_operating_revenue": 4101899, 
        "long_term_average": 482680, 
        "date": "2014-09-30", 
        "operating_revenue": 615542, 
        "short_term_average": 552724
    }, 
    {
        "accumulated_operating_revenue_yoy": -12.713205984786368, 
        "accumulated_operating_revenue": 4623317, 
        "long_term_average": 476150, 
        "date": "2014-10-31", 
        "operating_revenue": 521418, 
        "short_term_average": 556385
    }, 
    {
        "accumulated_operating_revenue_yoy": -15.13045357516397, 
        "accumulated_operating_revenue": 4995228, 
        "long_term_average": 458053, 
        "date": "2014-11-30", 
        "operating_revenue": 371911, 
        "short_term_average": 502957
    }, 
    {
        "accumulated_operating_revenue_yoy": -15.446859037365773, 
        "accumulated_operating_revenue": 5400563, 
        "long_term_average": 450046, 
        "date": "2014-12-31", 
        "operating_revenue": 405335, 
        "short_term_average": 432888
    }, 
    {
        "accumulated_operating_revenue_yoy": -19.385653036582724, 
        "accumulated_operating_revenue": 361195, 
        "long_term_average": 442808, 
        "date": "2015-01-31", 
        "operating_revenue": 361195, 
        "short_term_average": 379480
    }, 
    {
        "accumulated_operating_revenue_yoy": -25.930294688732943, 
        "accumulated_operating_revenue": 621033, 
        "long_term_average": 431929, 
        "date": "2015-02-28", 
        "operating_revenue": 259838, 
        "short_term_average": 342122
    }, 
    {
        "accumulated_operating_revenue_yoy": -23.57498892334958, 
        "accumulated_operating_revenue": 965951, 
        "long_term_average": 425216, 
        "date": "2015-03-31", 
        "operating_revenue": 344918, 
        "short_term_average": 321983
    }, 
    {
        "accumulated_operating_revenue_yoy": -20.313127234219458, 
        "accumulated_operating_revenue": 1337941, 
        "long_term_average": 421625, 
        "date": "2015-04-30", 
        "operating_revenue": 371990, 
        "short_term_average": 325582
    }, 
    {
        "accumulated_operating_revenue_yoy": -15.338328127985276, 
        "accumulated_operating_revenue": 1737034, 
        "long_term_average": 423821, 
        "date": "2015-05-31", 
        "operating_revenue": 399093, 
        "short_term_average": 372000
    }, 
    {
        "accumulated_operating_revenue_yoy": -4.965165884049965, 
        "accumulated_operating_revenue": 2322390, 
        "long_term_average": 439935, 
        "date": "2015-06-30", 
        "operating_revenue": 585356, 
        "short_term_average": 452146
    }, 
    {
        "accumulated_operating_revenue_yoy": -0.6591719273255587, 
        "accumulated_operating_revenue": 2934688, 
        "long_term_average": 448424, 
        "date": "2015-07-31", 
        "operating_revenue": 612298, 
        "short_term_average": 532249
    }, 
    {
        "accumulated_operating_revenue_yoy": 6.196324702260841, 
        "accumulated_operating_revenue": 3702383, 
        "long_term_average": 468049, 
        "date": "2015-08-31", 
        "operating_revenue": 767695, 
        "short_term_average": 655116
    }
]