[
    {
        "date": "2011-09-30", 
        "operating_revenue": 889158, 
        "accumulated_operating_revenue": 889158, 
        "long_term_average": 889158, 
        "short_term_average": 889158
    }, 
    {
        "date": "2011-10-31", 
        "operating_revenue": 886003, 
        "accumulated_operating_revenue": 1775161, 
        "long_term_average": 887580, 
        "short_term_average": 887580
    }, 
    {
        "date": "2011-11-30", 
        "operating_revenue": 813681, 
        "accumulated_operating_revenue": 2588842, 
        "long_term_average": 862947, 
        "short_term_average": 862947
    }, 
    {
        "date": "2011-12-31", 
        "operating_revenue": 710689, 
        "accumulated_operating_revenue": 3299531, 
        "long_term_average": 824882, 
        "short_term_average": 803457
    }, 
    {
        "date": "2012-01-31", 
        "operating_revenue": 651617, 
        "accumulated_operating_revenue": 651617, 
        "long_term_average": 790229, 
        "short_term_average": 725329
    }, 
    {
        "date": "2012-02-29", 
        "operating_revenue": 745250, 
        "accumulated_operating_revenue": 1396867, 
        "long_term_average": 782733, 
        "short_term_average": 702518
    }, 
    {
        "date": "2012-03-31", 
        "operating_revenue": 796648, 
        "accumulated_operating_revenue": 2193515, 
        "long_term_average": 784720, 
        "short_term_average": 731171
    }, 
    {
        "date": "2012-04-30", 
        "operating_revenue": 840573, 
        "accumulated_operating_revenue": 3034088, 
        "long_term_average": 791702, 
        "short_term_average": 794157
    }, 
    {
        "date": "2012-05-31", 
        "operating_revenue": 861757, 
        "accumulated_operating_revenue": 3895845, 
        "long_term_average": 799486, 
        "short_term_average": 832992
    }, 
    {
        "date": "2012-06-30", 
        "operating_revenue": 908327, 
        "accumulated_operating_revenue": 4804172, 
        "long_term_average": 810370, 
        "short_term_average": 870219
    }, 
    {
        "date": "2012-07-31", 
        "operating_revenue": 922783, 
        "accumulated_operating_revenue": 5726955, 
        "long_term_average": 820589, 
        "short_term_average": 897622
    }, 
    {
        "date": "2012-08-31", 
        "operating_revenue": 964735, 
        "accumulated_operating_revenue": 6691690, 
        "long_term_average": 832601, 
        "short_term_average": 931948
    }, 
    {
        "accumulated_operating_revenue_yoy": 765.8211476475497, 
        "accumulated_operating_revenue": 7698518, 
        "long_term_average": 842407, 
        "date": "2012-09-30", 
        "operating_revenue": 1006828, 
        "short_term_average": 964782
    }, 
    {
        "accumulated_operating_revenue_yoy": 381.8214235215848, 
        "accumulated_operating_revenue": 8553106, 
        "long_term_average": 839789, 
        "date": "2012-10-31", 
        "operating_revenue": 854588, 
        "short_term_average": 942050
    }, 
    {
        "accumulated_operating_revenue_yoy": 260.5051602222152, 
        "accumulated_operating_revenue": 9332909, 
        "long_term_average": 836966, 
        "date": "2012-11-30", 
        "operating_revenue": 779803, 
        "short_term_average": 880406
    }, 
    {
        "accumulated_operating_revenue_yoy": 204.76394978559074, 
        "accumulated_operating_revenue": 10055781, 
        "long_term_average": 837981, 
        "date": "2012-12-31", 
        "operating_revenue": 722872, 
        "short_term_average": 785754
    }, 
    {
        "accumulated_operating_revenue_yoy": 46.06770541591149, 
        "accumulated_operating_revenue": 951802, 
        "long_term_average": 862997, 
        "date": "2013-01-31", 
        "operating_revenue": 951802, 
        "short_term_average": 818159
    }, 
    {
        "accumulated_operating_revenue_yoy": 27.408622295465495, 
        "accumulated_operating_revenue": 1779729, 
        "long_term_average": 869886, 
        "date": "2013-02-28", 
        "operating_revenue": 827927, 
        "short_term_average": 834200
    }, 
    {
        "accumulated_operating_revenue_yoy": 30.71526750443922, 
        "accumulated_operating_revenue": 2867259, 
        "long_term_average": 894127, 
        "date": "2013-03-31", 
        "operating_revenue": 1087530, 
        "short_term_average": 955753
    }, 
    {
        "accumulated_operating_revenue_yoy": 35.30078890262906, 
        "accumulated_operating_revenue": 4105145, 
        "long_term_average": 927236, 
        "date": "2013-04-30", 
        "operating_revenue": 1237886, 
        "short_term_average": 1051114
    }, 
    {
        "accumulated_operating_revenue_yoy": 39.25202363030357, 
        "accumulated_operating_revenue": 5425043, 
        "long_term_average": 965414, 
        "date": "2013-05-31", 
        "operating_revenue": 1319898, 
        "short_term_average": 1215104
    }, 
    {
        "accumulated_operating_revenue_yoy": 39.7735967821302, 
        "accumulated_operating_revenue": 6714964, 
        "long_term_average": 997214, 
        "date": "2013-06-30", 
        "operating_revenue": 1289921, 
        "short_term_average": 1282568
    }, 
    {
        "accumulated_operating_revenue_yoy": 40.296056106604645, 
        "accumulated_operating_revenue": 8034692, 
        "long_term_average": 1030293, 
        "date": "2013-07-31", 
        "operating_revenue": 1319728, 
        "short_term_average": 1309849
    }, 
    {
        "accumulated_operating_revenue_yoy": 38.55251812322448, 
        "accumulated_operating_revenue": 9271505, 
        "long_term_average": 1052966, 
        "date": "2013-08-31", 
        "operating_revenue": 1236813, 
        "short_term_average": 1282154
    }, 
    {
        "accumulated_operating_revenue_yoy": 35.23010532676549, 
        "accumulated_operating_revenue": 10410714, 
        "long_term_average": 1063998, 
        "date": "2013-09-30", 
        "operating_revenue": 1139209, 
        "short_term_average": 1231916
    }, 
    {
        "accumulated_operating_revenue_yoy": 34.10037242611047, 
        "accumulated_operating_revenue": 11469747, 
        "long_term_average": 1081035, 
        "date": "2013-10-31", 
        "operating_revenue": 1059033, 
        "short_term_average": 1145018
    }, 
    {
        "accumulated_operating_revenue_yoy": 35.38904108033197, 
        "accumulated_operating_revenue": 12635736, 
        "long_term_average": 1113217, 
        "date": "2013-11-30", 
        "operating_revenue": 1165989, 
        "short_term_average": 1121410
    }, 
    {
        "accumulated_operating_revenue_yoy": 36.574334703589905, 
        "accumulated_operating_revenue": 13733616, 
        "long_term_average": 1144468, 
        "date": "2013-12-31", 
        "operating_revenue": 1097880, 
        "short_term_average": 1107634
    }, 
    {
        "accumulated_operating_revenue_yoy": 28.055625014446285, 
        "accumulated_operating_revenue": 1218836, 
        "long_term_average": 1166720, 
        "date": "2014-01-31", 
        "operating_revenue": 1218836, 
        "short_term_average": 1160901
    }, 
    {
        "accumulated_operating_revenue_yoy": 17.985603426139598, 
        "accumulated_operating_revenue": 2099824, 
        "long_term_average": 1171142, 
        "date": "2014-02-28", 
        "operating_revenue": 880988, 
        "short_term_average": 1065901
    }, 
    {
        "accumulated_operating_revenue_yoy": 12.385522200819668, 
        "accumulated_operating_revenue": 3222384, 
        "long_term_average": 1174061, 
        "date": "2014-03-31", 
        "operating_revenue": 1122560, 
        "short_term_average": 1074128
    }, 
    {
        "accumulated_operating_revenue_yoy": 7.143791510409499, 
        "accumulated_operating_revenue": 4398408, 
        "long_term_average": 1168906, 
        "date": "2014-04-30", 
        "operating_revenue": 1176024, 
        "short_term_average": 1059857
    }, 
    {
        "accumulated_operating_revenue_yoy": 4.337311243431619, 
        "accumulated_operating_revenue": 5660344, 
        "long_term_average": 1164076, 
        "date": "2014-05-31", 
        "operating_revenue": 1261936, 
        "short_term_average": 1186840
    }, 
    {
        "accumulated_operating_revenue_yoy": 4.469286804813845, 
        "accumulated_operating_revenue": 7015075, 
        "long_term_average": 1169477, 
        "date": "2014-06-30", 
        "operating_revenue": 1354731, 
        "short_term_average": 1264230
    }, 
    {
        "accumulated_operating_revenue_yoy": 4.9152475290901005, 
        "accumulated_operating_revenue": 8429617, 
        "long_term_average": 1177378, 
        "date": "2014-07-31", 
        "operating_revenue": 1414542, 
        "short_term_average": 1343736
    }, 
    {
        "accumulated_operating_revenue_yoy": 6.223930203348863, 
        "accumulated_operating_revenue": 9848557, 
        "long_term_average": 1192555, 
        "date": "2014-08-31", 
        "operating_revenue": 1418940, 
        "short_term_average": 1396071
    }, 
    {
        "accumulated_operating_revenue_yoy": 7.465751148288197, 
        "accumulated_operating_revenue": 11187952, 
        "long_term_average": 1209237, 
        "date": "2014-09-30", 
        "operating_revenue": 1339395, 
        "short_term_average": 1390959
    }, 
    {
        "accumulated_operating_revenue_yoy": 7.27572282108751, 
        "accumulated_operating_revenue": 12304254, 
        "long_term_average": 1214010, 
        "date": "2014-10-31", 
        "operating_revenue": 1116302, 
        "short_term_average": 1291545
    }, 
    {
        "accumulated_operating_revenue_yoy": 5.99557477300887, 
        "accumulated_operating_revenue": 13393321, 
        "long_term_average": 1207600, 
        "date": "2014-11-30", 
        "operating_revenue": 1089067, 
        "short_term_average": 1181588
    }, 
    {
        "accumulated_operating_revenue_yoy": 5.705081604145623, 
        "accumulated_operating_revenue": 14517130, 
        "long_term_average": 1209760, 
        "date": "2014-12-31", 
        "operating_revenue": 1123809, 
        "short_term_average": 1109726
    }, 
    {
        "accumulated_operating_revenue_yoy": 4.225917186561605, 
        "accumulated_operating_revenue": 1270343, 
        "long_term_average": 1214053, 
        "date": "2015-01-31", 
        "operating_revenue": 1270343, 
        "short_term_average": 1161073
    }, 
    {
        "accumulated_operating_revenue_yoy": 10.679275977415251, 
        "accumulated_operating_revenue": 2324070, 
        "long_term_average": 1228448, 
        "date": "2015-02-28", 
        "operating_revenue": 1053727, 
        "short_term_average": 1149293
    }, 
    {
        "accumulated_operating_revenue_yoy": 8.67426104399724, 
        "accumulated_operating_revenue": 3501902, 
        "long_term_average": 1233054, 
        "date": "2015-03-31", 
        "operating_revenue": 1177832, 
        "short_term_average": 1167300
    }, 
    {
        "accumulated_operating_revenue_yoy": 7.051051198524558, 
        "accumulated_operating_revenue": 4708542, 
        "long_term_average": 1235605, 
        "date": "2015-04-30", 
        "operating_revenue": 1206640, 
        "short_term_average": 1146066
    }, 
    {
        "accumulated_operating_revenue_yoy": 4.431550449937318, 
        "accumulated_operating_revenue": 5911185, 
        "long_term_average": 1230664, 
        "date": "2015-05-31", 
        "operating_revenue": 1202643, 
        "short_term_average": 1195705
    }, 
    {
        "accumulated_operating_revenue_yoy": 1.2366225592741347, 
        "accumulated_operating_revenue": 7101825, 
        "long_term_average": 1216990, 
        "date": "2015-06-30", 
        "operating_revenue": 1190640, 
        "short_term_average": 1199974
    }, 
    {
        "accumulated_operating_revenue_yoy": -2.8063433961471795, 
        "accumulated_operating_revenue": 8193053, 
        "long_term_average": 1190047, 
        "date": "2015-07-31", 
        "operating_revenue": 1091228, 
        "short_term_average": 1161503
    }, 
    {
        "accumulated_operating_revenue_yoy": -5.108413344208699, 
        "accumulated_operating_revenue": 9345452, 
        "long_term_average": 1167835, 
        "date": "2015-08-31", 
        "operating_revenue": 1152399, 
        "short_term_average": 1144755
    }, 
    {
        "accumulated_operating_revenue_yoy": -5.079973528667266, 
        "accumulated_operating_revenue": 10619607, 
        "long_term_average": 1162398, 
        "date": "2015-09-30", 
        "operating_revenue": 1274155, 
        "short_term_average": 1172594
    }
]