[
    {
        "date": "2011-09-30", 
        "operating_revenue": 1455453, 
        "accumulated_operating_revenue": 1455453, 
        "long_term_average": 1455453, 
        "short_term_average": 1455453
    }, 
    {
        "date": "2011-10-31", 
        "operating_revenue": 1437520, 
        "accumulated_operating_revenue": 2892973, 
        "long_term_average": 1446486, 
        "short_term_average": 1446486
    }, 
    {
        "date": "2011-11-30", 
        "operating_revenue": 1485007, 
        "accumulated_operating_revenue": 4377980, 
        "long_term_average": 1459326, 
        "short_term_average": 1459326
    }, 
    {
        "date": "2011-12-31", 
        "operating_revenue": 1556578, 
        "accumulated_operating_revenue": 5934558, 
        "long_term_average": 1483639, 
        "short_term_average": 1493035
    }, 
    {
        "date": "2012-01-31", 
        "operating_revenue": 1001753, 
        "accumulated_operating_revenue": 1001753, 
        "long_term_average": 1387262, 
        "short_term_average": 1347779
    }, 
    {
        "date": "2012-02-29", 
        "operating_revenue": 1169504, 
        "accumulated_operating_revenue": 2171257, 
        "long_term_average": 1350969, 
        "short_term_average": 1242611
    }, 
    {
        "date": "2012-03-31", 
        "operating_revenue": 1366206, 
        "accumulated_operating_revenue": 3537463, 
        "long_term_average": 1353145, 
        "short_term_average": 1179154
    }, 
    {
        "date": "2012-04-30", 
        "operating_revenue": 1142439, 
        "accumulated_operating_revenue": 4679902, 
        "long_term_average": 1326807, 
        "short_term_average": 1226049
    }, 
    {
        "date": "2012-05-31", 
        "operating_revenue": 1270981, 
        "accumulated_operating_revenue": 5950883, 
        "long_term_average": 1320604, 
        "short_term_average": 1259875
    }, 
    {
        "date": "2012-06-30", 
        "operating_revenue": 1204937, 
        "accumulated_operating_revenue": 7155820, 
        "long_term_average": 1309037, 
        "short_term_average": 1206119
    }, 
    {
        "date": "2012-07-31", 
        "operating_revenue": 1164697, 
        "accumulated_operating_revenue": 8320517, 
        "long_term_average": 1295915, 
        "short_term_average": 1213538
    }, 
    {
        "date": "2012-08-31", 
        "operating_revenue": 1083747, 
        "accumulated_operating_revenue": 9404264, 
        "long_term_average": 1278235, 
        "short_term_average": 1151127
    }, 
    {
        "accumulated_operating_revenue_yoy": 627.4985176436477, 
        "accumulated_operating_revenue": 10588399, 
        "long_term_average": 1255625, 
        "date": "2012-09-30", 
        "operating_revenue": 1184135, 
        "short_term_average": 1144193
    }, 
    {
        "accumulated_operating_revenue_yoy": 304.3111705501572, 
        "accumulated_operating_revenue": 11696613, 
        "long_term_average": 1228183, 
        "date": "2012-10-31", 
        "operating_revenue": 1108214, 
        "short_term_average": 1125365
    }, 
    {
        "accumulated_operating_revenue_yoy": 194.0020968574548, 
        "accumulated_operating_revenue": 12871353, 
        "long_term_average": 1202327, 
        "date": "2012-11-30", 
        "operating_revenue": 1174740, 
        "short_term_average": 1155696
    }, 
    {
        "accumulated_operating_revenue_yoy": 133.22473215359932, 
        "accumulated_operating_revenue": 13840857, 
        "long_term_average": 1153404, 
        "date": "2012-12-31", 
        "operating_revenue": 969504, 
        "short_term_average": 1084152
    }, 
    {
        "accumulated_operating_revenue_yoy": 5.865118447361775, 
        "accumulated_operating_revenue": 1060507, 
        "long_term_average": 1158300, 
        "date": "2013-01-31", 
        "operating_revenue": 1060507, 
        "short_term_average": 1068250
    }, 
    {
        "accumulated_operating_revenue_yoy": -24.1196689291042, 
        "accumulated_operating_revenue": 1647557, 
        "long_term_average": 1109763, 
        "date": "2013-02-28", 
        "operating_revenue": 587050, 
        "short_term_average": 872353
    }, 
    {
        "accumulated_operating_revenue_yoy": -25.936836653839208, 
        "accumulated_operating_revenue": 2619957, 
        "long_term_average": 1076945, 
        "date": "2013-03-31", 
        "operating_revenue": 972400, 
        "short_term_average": 873319
    }, 
    {
        "accumulated_operating_revenue_yoy": -18.455514666760116, 
        "accumulated_operating_revenue": 3816202, 
        "long_term_average": 1081429, 
        "date": "2013-04-30", 
        "operating_revenue": 1196245, 
        "short_term_average": 918565
    }, 
    {
        "accumulated_operating_revenue_yoy": -16.52608528851937, 
        "accumulated_operating_revenue": 4967435, 
        "long_term_average": 1071450, 
        "date": "2013-05-31", 
        "operating_revenue": 1151233, 
        "short_term_average": 1106626
    }, 
    {
        "accumulated_operating_revenue_yoy": -16.31269372343072, 
        "accumulated_operating_revenue": 5988513, 
        "long_term_average": 1056129, 
        "date": "2013-06-30", 
        "operating_revenue": 1021078, 
        "short_term_average": 1122852
    }, 
    {
        "accumulated_operating_revenue_yoy": -15.232575091187242, 
        "accumulated_operating_revenue": 7053088, 
        "long_term_average": 1047785, 
        "date": "2013-07-31", 
        "operating_revenue": 1064575, 
        "short_term_average": 1078962
    }, 
    {
        "accumulated_operating_revenue_yoy": -15.255452207636877, 
        "accumulated_operating_revenue": 7969601, 
        "long_term_average": 1033849, 
        "date": "2013-08-31", 
        "operating_revenue": 916513, 
        "short_term_average": 1000722
    }, 
    {
        "accumulated_operating_revenue_yoy": -14.143337439399478, 
        "accumulated_operating_revenue": 9090846, 
        "long_term_average": 1028608, 
        "date": "2013-09-30", 
        "operating_revenue": 1121245, 
        "short_term_average": 1034111
    }, 
    {
        "accumulated_operating_revenue_yoy": -13.150276922045723, 
        "accumulated_operating_revenue": 10158476, 
        "long_term_average": 1025226, 
        "date": "2013-10-31", 
        "operating_revenue": 1067630, 
        "short_term_average": 1035129
    }, 
    {
        "accumulated_operating_revenue_yoy": -11.383752741456163, 
        "accumulated_operating_revenue": 11406110, 
        "long_term_average": 1031301, 
        "date": "2013-11-30", 
        "operating_revenue": 1247634, 
        "short_term_average": 1145503
    }, 
    {
        "accumulated_operating_revenue_yoy": -7.634823479499861, 
        "accumulated_operating_revenue": 12784132, 
        "long_term_average": 1065344, 
        "date": "2013-12-31", 
        "operating_revenue": 1378022, 
        "short_term_average": 1231095
    }, 
    {
        "accumulated_operating_revenue_yoy": -9.328085528902685, 
        "accumulated_operating_revenue": 961582, 
        "long_term_average": 1057100, 
        "date": "2014-01-31", 
        "operating_revenue": 961582, 
        "short_term_average": 1195746
    }, 
    {
        "accumulated_operating_revenue_yoy": 19.17032309049095, 
        "accumulated_operating_revenue": 1963399, 
        "long_term_average": 1091664, 
        "date": "2014-02-28", 
        "operating_revenue": 1001817, 
        "short_term_average": 1113807
    }, 
    {
        "accumulated_operating_revenue_yoy": 22.789801512009547, 
        "accumulated_operating_revenue": 3217040, 
        "long_term_average": 1115101, 
        "date": "2014-03-31", 
        "operating_revenue": 1253641, 
        "short_term_average": 1072346
    }, 
    {
        "accumulated_operating_revenue_yoy": 19.56201479900697, 
        "accumulated_operating_revenue": 4562728, 
        "long_term_average": 1127554, 
        "date": "2014-04-30", 
        "operating_revenue": 1345688, 
        "short_term_average": 1200382
    }, 
    {
        "accumulated_operating_revenue_yoy": 17.31018121022218, 
        "accumulated_operating_revenue": 5827307, 
        "long_term_average": 1137000, 
        "date": "2014-05-31", 
        "operating_revenue": 1264579, 
        "short_term_average": 1287969
    }, 
    {
        "accumulated_operating_revenue_yoy": 18.913476517459344, 
        "accumulated_operating_revenue": 7121149, 
        "long_term_average": 1159730, 
        "date": "2014-06-30", 
        "operating_revenue": 1293842, 
        "short_term_average": 1301369
    }, 
    {
        "accumulated_operating_revenue_yoy": 17.792858957665068, 
        "accumulated_operating_revenue": 8308034, 
        "long_term_average": 1169923, 
        "date": "2014-07-31", 
        "operating_revenue": 1186885, 
        "short_term_average": 1248435
    }, 
    {
        "accumulated_operating_revenue_yoy": 18.51524310941037, 
        "accumulated_operating_revenue": 9445192, 
        "long_term_average": 1188310, 
        "date": "2014-08-31", 
        "operating_revenue": 1137158, 
        "short_term_average": 1205961
    }, 
    {
        "accumulated_operating_revenue_yoy": 17.888973149473657, 
        "accumulated_operating_revenue": 10717105, 
        "long_term_average": 1200865, 
        "date": "2014-09-30", 
        "operating_revenue": 1271913, 
        "short_term_average": 1198652
    }, 
    {
        "accumulated_operating_revenue_yoy": 17.315815876318457, 
        "accumulated_operating_revenue": 11917499, 
        "long_term_average": 1211929, 
        "date": "2014-10-31", 
        "operating_revenue": 1200394, 
        "short_term_average": 1203155
    }, 
    {
        "accumulated_operating_revenue_yoy": 14.220211798763996, 
        "accumulated_operating_revenue": 13028083, 
        "long_term_average": 1200508, 
        "date": "2014-11-30", 
        "operating_revenue": 1110584, 
        "short_term_average": 1194297
    }, 
    {
        "accumulated_operating_revenue_yoy": 12.72358577023454, 
        "accumulated_operating_revenue": 14410732, 
        "long_term_average": 1200894, 
        "date": "2014-12-31", 
        "operating_revenue": 1382649, 
        "short_term_average": 1231209
    }, 
    {
        "accumulated_operating_revenue_yoy": 25.16436455757283, 
        "accumulated_operating_revenue": 1203558, 
        "long_term_average": 1221059, 
        "date": "2015-01-31", 
        "operating_revenue": 1203558, 
        "short_term_average": 1232263
    }, 
    {
        "accumulated_operating_revenue_yoy": 2.0137017488549196, 
        "accumulated_operating_revenue": 2002936, 
        "long_term_average": 1204189, 
        "date": "2015-02-28", 
        "operating_revenue": 799378, 
        "short_term_average": 1128528
    }, 
    {
        "accumulated_operating_revenue_yoy": -3.589510854698729, 
        "accumulated_operating_revenue": 3101564, 
        "long_term_average": 1191271, 
        "date": "2015-03-31", 
        "operating_revenue": 1098628, 
        "short_term_average": 1033854
    }, 
    {
        "accumulated_operating_revenue_yoy": -6.044958191678312, 
        "accumulated_operating_revenue": 4286913, 
        "long_term_average": 1177909, 
        "date": "2015-04-30", 
        "operating_revenue": 1185349, 
        "short_term_average": 1027785
    }, 
    {
        "accumulated_operating_revenue_yoy": -8.081142798894927, 
        "accumulated_operating_revenue": 5356394, 
        "long_term_average": 1161651, 
        "date": "2015-05-31", 
        "operating_revenue": 1069481, 
        "short_term_average": 1117819
    }, 
    {
        "accumulated_operating_revenue_yoy": -9.552671907300352, 
        "accumulated_operating_revenue": 6440889, 
        "long_term_average": 1144206, 
        "date": "2015-06-30", 
        "operating_revenue": 1084495, 
        "short_term_average": 1113108
    }, 
    {
        "accumulated_operating_revenue_yoy": -10.95274766569323, 
        "accumulated_operating_revenue": 7398076, 
        "long_term_average": 1125064, 
        "date": "2015-07-31", 
        "operating_revenue": 957187, 
        "short_term_average": 1037054
    }, 
    {
        "accumulated_operating_revenue_yoy": -10.175589866251528, 
        "accumulated_operating_revenue": 8484088, 
        "long_term_average": 1120802, 
        "date": "2015-08-31", 
        "operating_revenue": 1086012, 
        "short_term_average": 1042564
    }, 
    {
        "accumulated_operating_revenue_yoy": -10.878982710349483, 
        "accumulated_operating_revenue": 9551193, 
        "long_term_average": 1103735, 
        "date": "2015-09-30", 
        "operating_revenue": 1067105, 
        "short_term_average": 1036768
    }
]