[
    {
        "date": "2011-09-30", 
        "operating_revenue": 30788579, 
        "accumulated_operating_revenue": 30788579, 
        "long_term_average": 30788579, 
        "short_term_average": 30788579
    }, 
    {
        "date": "2011-10-31", 
        "operating_revenue": 27728228, 
        "accumulated_operating_revenue": 58516807, 
        "long_term_average": 29258403, 
        "short_term_average": 29258403
    }, 
    {
        "date": "2011-11-30", 
        "operating_revenue": 27790048, 
        "accumulated_operating_revenue": 86306855, 
        "long_term_average": 28768951, 
        "short_term_average": 28768951
    }, 
    {
        "date": "2011-12-31", 
        "operating_revenue": 26677814, 
        "accumulated_operating_revenue": 112984669, 
        "long_term_average": 28246167, 
        "short_term_average": 27398696
    }, 
    {
        "date": "2012-01-31", 
        "operating_revenue": 21153624, 
        "accumulated_operating_revenue": 21153624, 
        "long_term_average": 26827658, 
        "short_term_average": 25207162
    }, 
    {
        "date": "2012-02-29", 
        "operating_revenue": 26672058, 
        "accumulated_operating_revenue": 47825682, 
        "long_term_average": 26801725, 
        "short_term_average": 24834498
    }, 
    {
        "date": "2012-03-31", 
        "operating_revenue": 33059460, 
        "accumulated_operating_revenue": 80885142, 
        "long_term_average": 27695687, 
        "short_term_average": 26961714
    }, 
    {
        "date": "2012-04-30", 
        "operating_revenue": 30521995, 
        "accumulated_operating_revenue": 111407137, 
        "long_term_average": 28048975, 
        "short_term_average": 30084504
    }, 
    {
        "date": "2012-05-31", 
        "operating_revenue": 31255612, 
        "accumulated_operating_revenue": 142662749, 
        "long_term_average": 28405268, 
        "short_term_average": 31612355
    }, 
    {
        "date": "2012-06-30", 
        "operating_revenue": 29297507, 
        "accumulated_operating_revenue": 171960256, 
        "long_term_average": 28494492, 
        "short_term_average": 30358371
    }, 
    {
        "date": "2012-07-31", 
        "operating_revenue": 31166875, 
        "accumulated_operating_revenue": 203127131, 
        "long_term_average": 28737436, 
        "short_term_average": 30573331
    }, 
    {
        "date": "2012-08-31", 
        "operating_revenue": 32159667, 
        "accumulated_operating_revenue": 235286798, 
        "long_term_average": 29022622, 
        "short_term_average": 30874683
    }, 
    {
        "accumulated_operating_revenue_yoy": 777.5704101186352, 
        "accumulated_operating_revenue": 270191459, 
        "long_term_average": 29365629, 
        "date": "2012-09-30", 
        "operating_revenue": 34904661, 
        "short_term_average": 32743734
    }, 
    {
        "accumulated_operating_revenue_yoy": 412.94282000041454, 
        "accumulated_operating_revenue": 300157760, 
        "long_term_average": 29552135, 
        "date": "2012-10-31", 
        "operating_revenue": 29966301, 
        "short_term_average": 32343543
    }, 
    {
        "accumulated_operating_revenue_yoy": 284.14246006299265, 
        "accumulated_operating_revenue": 331541276, 
        "long_term_average": 29851590, 
        "date": "2012-11-30", 
        "operating_revenue": 31383516, 
        "short_term_average": 32084826
    }, 
    {
        "accumulated_operating_revenue_yoy": 219.6225976464117, 
        "accumulated_operating_revenue": 361124534, 
        "long_term_average": 30093711, 
        "date": "2012-12-31", 
        "operating_revenue": 29583258, 
        "short_term_average": 30311025
    }, 
    {
        "accumulated_operating_revenue_yoy": 51.794879213131516, 
        "accumulated_operating_revenue": 32110118, 
        "long_term_average": 31006752, 
        "date": "2013-01-31", 
        "operating_revenue": 32110118, 
        "short_term_average": 31025630
    }, 
    {
        "accumulated_operating_revenue_yoy": 11.973732021218224, 
        "accumulated_operating_revenue": 53552201, 
        "long_term_average": 30570921, 
        "date": "2013-02-28", 
        "operating_revenue": 21442083, 
        "short_term_average": 27711819
    }, 
    {
        "accumulated_operating_revenue_yoy": 7.028808826224228, 
        "accumulated_operating_revenue": 86570404, 
        "long_term_average": 30567483, 
        "date": "2013-03-31", 
        "operating_revenue": 33018203, 
        "short_term_average": 28856801
    }, 
    {
        "accumulated_operating_revenue_yoy": 8.749434966630549, 
        "accumulated_operating_revenue": 121154632, 
        "long_term_average": 30906002, 
        "date": "2013-04-30", 
        "operating_revenue": 34584228, 
        "short_term_average": 29681504
    }, 
    {
        "accumulated_operating_revenue_yoy": 9.248814489057686, 
        "accumulated_operating_revenue": 155857362, 
        "long_term_average": 31193262, 
        "date": "2013-05-31", 
        "operating_revenue": 34702730, 
        "short_term_average": 34101720
    }, 
    {
        "accumulated_operating_revenue_yoy": 8.87706168569556, 
        "accumulated_operating_revenue": 187225274, 
        "long_term_average": 31365796, 
        "date": "2013-06-30", 
        "operating_revenue": 31367912, 
        "short_term_average": 33551623
    }, 
    {
        "accumulated_operating_revenue_yoy": 8.999886381499673, 
        "accumulated_operating_revenue": 221408342, 
        "long_term_average": 31617145, 
        "date": "2013-07-31", 
        "operating_revenue": 34183068, 
        "short_term_average": 33417903
    }, 
    {
        "accumulated_operating_revenue_yoy": 9.25670976235564, 
        "accumulated_operating_revenue": 257066614, 
        "long_term_average": 31908695, 
        "date": "2013-08-31", 
        "operating_revenue": 35658272, 
        "short_term_average": 33736417
    }, 
    {
        "accumulated_operating_revenue_yoy": 9.16784864024884, 
        "accumulated_operating_revenue": 294962203, 
        "long_term_average": 32157939, 
        "date": "2013-09-30", 
        "operating_revenue": 37895589, 
        "short_term_average": 35912309
    }, 
    {
        "accumulated_operating_revenue_yoy": 10.244642017584352, 
        "accumulated_operating_revenue": 330907848, 
        "long_term_average": 32656218, 
        "date": "2013-10-31", 
        "operating_revenue": 35945645, 
        "short_term_average": 36499835
    }, 
    {
        "accumulated_operating_revenue_yoy": 11.105989409294546, 
        "accumulated_operating_revenue": 368362215, 
        "long_term_average": 33162122, 
        "date": "2013-11-30", 
        "operating_revenue": 37454367, 
        "short_term_average": 37098533
    }, 
    {
        "accumulated_operating_revenue_yoy": 12.497488193366557, 
        "accumulated_operating_revenue": 406256030, 
        "long_term_average": 33854669, 
        "date": "2013-12-31", 
        "operating_revenue": 37893815, 
        "short_term_average": 37097942
    }, 
    {
        "accumulated_operating_revenue_yoy": 3.446514896021248, 
        "accumulated_operating_revenue": 33216798, 
        "long_term_average": 33946892, 
        "date": "2014-01-31", 
        "operating_revenue": 33216798, 
        "short_term_average": 36188326
    }, 
    {
        "accumulated_operating_revenue_yoy": 19.055317632976468, 
        "accumulated_operating_revenue": 63756743, 
        "long_term_average": 34705047, 
        "date": "2014-02-28", 
        "operating_revenue": 30539945, 
        "short_term_average": 33883519
    }, 
    {
        "accumulated_operating_revenue_yoy": 18.289088728291024, 
        "accumulated_operating_revenue": 102403342, 
        "long_term_average": 35174080, 
        "date": "2014-03-31", 
        "operating_revenue": 38646599, 
        "short_term_average": 34134447
    }, 
    {
        "accumulated_operating_revenue_yoy": 17.024585572592883, 
        "accumulated_operating_revenue": 141780706, 
        "long_term_average": 35573508, 
        "date": "2014-04-30", 
        "operating_revenue": 39377364, 
        "short_term_average": 36187969
    }, 
    {
        "accumulated_operating_revenue_yoy": 14.866585512976924, 
        "accumulated_operating_revenue": 179028030, 
        "long_term_average": 35785558, 
        "date": "2014-05-31", 
        "operating_revenue": 37247324, 
        "short_term_average": 38423762
    }, 
    {
        "accumulated_operating_revenue_yoy": 15.39436283586371, 
        "accumulated_operating_revenue": 216047412, 
        "long_term_average": 36256514, 
        "date": "2014-06-30", 
        "operating_revenue": 37019382, 
        "short_term_average": 37881356
    }, 
    {
        "accumulated_operating_revenue_yoy": 14.922574597482871, 
        "accumulated_operating_revenue": 254448167, 
        "long_term_average": 36607987, 
        "date": "2014-07-31", 
        "operating_revenue": 38400755, 
        "short_term_average": 37555820
    }, 
    {
        "accumulated_operating_revenue_yoy": 13.836757113858432, 
        "accumulated_operating_revenue": 292636297, 
        "long_term_average": 36818809, 
        "date": "2014-08-31", 
        "operating_revenue": 38188130, 
        "short_term_average": 37869422
    }, 
    {
        "accumulated_operating_revenue_yoy": 13.70820959050133, 
        "accumulated_operating_revenue": 335396240, 
        "long_term_average": 37224172, 
        "date": "2014-09-30", 
        "operating_revenue": 42759943, 
        "short_term_average": 39782942
    }, 
    {
        "accumulated_operating_revenue_yoy": 13.197657977576888, 
        "accumulated_operating_revenue": 374579934, 
        "long_term_average": 37494009, 
        "date": "2014-10-31", 
        "operating_revenue": 39183694, 
        "short_term_average": 40043922
    }, 
    {
        "accumulated_operating_revenue_yoy": 12.116073034255155, 
        "accumulated_operating_revenue": 412993250, 
        "long_term_average": 37573922, 
        "date": "2014-11-30", 
        "operating_revenue": 38413316, 
        "short_term_average": 40118984
    }, 
    {
        "accumulated_operating_revenue_yoy": 11.399465012248557, 
        "accumulated_operating_revenue": 452567044, 
        "long_term_average": 37713920, 
        "date": "2014-12-31", 
        "operating_revenue": 39573794, 
        "short_term_average": 39056934
    }, 
    {
        "accumulated_operating_revenue_yoy": 23.251377209808123, 
        "accumulated_operating_revenue": 40940161, 
        "long_term_average": 38357533, 
        "date": "2015-01-31", 
        "operating_revenue": 40940161, 
        "short_term_average": 39642423
    }, 
    {
        "accumulated_operating_revenue_yoy": 6.171665638566261, 
        "accumulated_operating_revenue": 67691596, 
        "long_term_average": 38041824, 
        "date": "2015-02-28", 
        "operating_revenue": 26751435, 
        "short_term_average": 35755130
    }, 
    {
        "accumulated_operating_revenue_yoy": 5.478984269868849, 
        "accumulated_operating_revenue": 108014005, 
        "long_term_average": 38181475, 
        "date": "2015-03-31", 
        "operating_revenue": 40322409, 
        "short_term_average": 36004668
    }, 
    {
        "accumulated_operating_revenue_yoy": 5.037532398801852, 
        "accumulated_operating_revenue": 148922955, 
        "long_term_average": 38309107, 
        "date": "2015-04-30", 
        "operating_revenue": 40908950, 
        "short_term_average": 35994264
    }, 
    {
        "accumulated_operating_revenue_yoy": 6.34979226437335, 
        "accumulated_operating_revenue": 190395938, 
        "long_term_average": 38661246, 
        "date": "2015-05-31", 
        "operating_revenue": 41472983, 
        "short_term_average": 40901447
    }, 
    {
        "accumulated_operating_revenue_yoy": 7.605849034655411, 
        "accumulated_operating_revenue": 232479652, 
        "long_term_average": 39083273, 
        "date": "2015-06-30", 
        "operating_revenue": 42083714, 
        "short_term_average": 41488549
    }, 
    {
        "accumulated_operating_revenue_yoy": 8.214050526054685, 
        "accumulated_operating_revenue": 275348668, 
        "long_term_average": 39455628, 
        "date": "2015-07-31", 
        "operating_revenue": 42869016, 
        "short_term_average": 42141904
    }, 
    {
        "accumulated_operating_revenue_yoy": 9.883775627464285, 
        "accumulated_operating_revenue": 321559812, 
        "long_term_average": 40124213, 
        "date": "2015-08-31", 
        "operating_revenue": 46211144, 
        "short_term_average": 43721291
    }, 
    {
        "accumulated_operating_revenue_yoy": 11.20396609097347, 
        "accumulated_operating_revenue": 372973921, 
        "long_term_average": 40845393, 
        "date": "2015-09-30", 
        "operating_revenue": 51414109, 
        "short_term_average": 46831423
    }
]