[
    {
        "date": "2011-09-30", 
        "operating_revenue": 2973085, 
        "accumulated_operating_revenue": 2973085, 
        "long_term_average": 2973085, 
        "short_term_average": 2973085
    }, 
    {
        "date": "2011-10-31", 
        "operating_revenue": 2977923, 
        "accumulated_operating_revenue": 5951008, 
        "long_term_average": 2975504, 
        "short_term_average": 2975504
    }, 
    {
        "date": "2011-11-30", 
        "operating_revenue": 2140165, 
        "accumulated_operating_revenue": 8091173, 
        "long_term_average": 2697057, 
        "short_term_average": 2697057
    }, 
    {
        "date": "2011-12-31", 
        "operating_revenue": 3202127, 
        "accumulated_operating_revenue": 11293300, 
        "long_term_average": 2823325, 
        "short_term_average": 2773405
    }, 
    {
        "date": "2012-01-31", 
        "operating_revenue": 1680075, 
        "accumulated_operating_revenue": 1680075, 
        "long_term_average": 2594675, 
        "short_term_average": 2340789
    }, 
    {
        "date": "2012-02-29", 
        "operating_revenue": 2884923, 
        "accumulated_operating_revenue": 4564998, 
        "long_term_average": 2643049, 
        "short_term_average": 2589041
    }, 
    {
        "date": "2012-03-31", 
        "operating_revenue": 3450925, 
        "accumulated_operating_revenue": 8015923, 
        "long_term_average": 2758460, 
        "short_term_average": 2671974
    }, 
    {
        "date": "2012-04-30", 
        "operating_revenue": 2412917, 
        "accumulated_operating_revenue": 10428840, 
        "long_term_average": 2715267, 
        "short_term_average": 2916255
    }, 
    {
        "date": "2012-05-31", 
        "operating_revenue": 2388852, 
        "accumulated_operating_revenue": 12817692, 
        "long_term_average": 2678999, 
        "short_term_average": 2750898
    }, 
    {
        "date": "2012-06-30", 
        "operating_revenue": 2115793, 
        "accumulated_operating_revenue": 14933485, 
        "long_term_average": 2622678, 
        "short_term_average": 2305854
    }, 
    {
        "date": "2012-07-31", 
        "operating_revenue": 1233498, 
        "accumulated_operating_revenue": 16166983, 
        "long_term_average": 2496389, 
        "short_term_average": 1912714
    }, 
    {
        "date": "2012-08-31", 
        "operating_revenue": 1712326, 
        "accumulated_operating_revenue": 17879309, 
        "long_term_average": 2431050, 
        "short_term_average": 1687205
    }, 
    {
        "accumulated_operating_revenue_yoy": 550.810891716853, 
        "accumulated_operating_revenue": 19349161, 
        "long_term_average": 2305781, 
        "date": "2012-09-30", 
        "operating_revenue": 1469852, 
        "short_term_average": 1471892
    }, 
    {
        "accumulated_operating_revenue_yoy": 255.3501356408864, 
        "accumulated_operating_revenue": 21146915, 
        "long_term_average": 2207433, 
        "date": "2012-10-31", 
        "operating_revenue": 1797754, 
        "short_term_average": 1659977
    }, 
    {
        "accumulated_operating_revenue_yoy": 190.97478202480653, 
        "accumulated_operating_revenue": 23543273, 
        "long_term_average": 2228783, 
        "date": "2012-11-30", 
        "operating_revenue": 2396358, 
        "short_term_average": 1887988
    }, 
    {
        "accumulated_operating_revenue_yoy": 136.691312548148, 
        "accumulated_operating_revenue": 26730260, 
        "long_term_average": 2227521, 
        "date": "2012-12-31", 
        "operating_revenue": 3186987, 
        "short_term_average": 2460366
    }, 
    {
        "accumulated_operating_revenue_yoy": -28.917935211225686, 
        "accumulated_operating_revenue": 1194232, 
        "long_term_average": 2187034, 
        "date": "2013-01-31", 
        "operating_revenue": 1194232, 
        "short_term_average": 2259192
    }, 
    {
        "accumulated_operating_revenue_yoy": -55.00843592921618, 
        "accumulated_operating_revenue": 2053864, 
        "long_term_average": 2018260, 
        "date": "2013-02-28", 
        "operating_revenue": 859632, 
        "short_term_average": 1746950
    }, 
    {
        "accumulated_operating_revenue_yoy": -60.2748429594446, 
        "accumulated_operating_revenue": 3184338, 
        "long_term_average": 1824889, 
        "date": "2013-03-31", 
        "operating_revenue": 1130474, 
        "short_term_average": 1061446
    }, 
    {
        "accumulated_operating_revenue_yoy": -56.812406748976876, 
        "accumulated_operating_revenue": 4503965, 
        "long_term_average": 1733782, 
        "date": "2013-04-30", 
        "operating_revenue": 1319627, 
        "short_term_average": 1103244
    }, 
    {
        "accumulated_operating_revenue_yoy": -54.76350968645525, 
        "accumulated_operating_revenue": 5798274, 
        "long_term_average": 1642570, 
        "date": "2013-05-31", 
        "operating_revenue": 1294309, 
        "short_term_average": 1248136
    }, 
    {
        "accumulated_operating_revenue_yoy": -52.109082374275, 
        "accumulated_operating_revenue": 7151783, 
        "long_term_average": 1579046, 
        "date": "2013-06-30", 
        "operating_revenue": 1353509, 
        "short_term_average": 1322481
    }, 
    {
        "accumulated_operating_revenue_yoy": -46.963567661325555, 
        "accumulated_operating_revenue": 8574391, 
        "long_term_average": 1594805, 
        "date": "2013-07-31", 
        "operating_revenue": 1422608, 
        "short_term_average": 1356808
    }, 
    {
        "accumulated_operating_revenue_yoy": -44.6123616969761, 
        "accumulated_operating_revenue": 9902927, 
        "long_term_average": 1562823, 
        "date": "2013-08-31", 
        "operating_revenue": 1328536, 
        "short_term_average": 1368217
    }, 
    {
        "accumulated_operating_revenue_yoy": -40.66123073760149, 
        "accumulated_operating_revenue": 11481554, 
        "long_term_average": 1571887, 
        "date": "2013-09-30", 
        "operating_revenue": 1578627, 
        "short_term_average": 1443257
    }, 
    {
        "accumulated_operating_revenue_yoy": -39.306064265165865, 
        "accumulated_operating_revenue": 12834895, 
        "long_term_average": 1534853, 
        "date": "2013-10-31", 
        "operating_revenue": 1353341, 
        "short_term_average": 1420168
    }, 
    {
        "accumulated_operating_revenue_yoy": -39.281658077022676, 
        "accumulated_operating_revenue": 14295085, 
        "long_term_average": 1456839, 
        "date": "2013-11-30", 
        "operating_revenue": 1460190, 
        "short_term_average": 1464052
    }, 
    {
        "accumulated_operating_revenue_yoy": -33.26326792182343, 
        "accumulated_operating_revenue": 17838902, 
        "long_term_average": 1486575, 
        "date": "2013-12-31", 
        "operating_revenue": 3543817, 
        "short_term_average": 2119116
    }, 
    {
        "accumulated_operating_revenue_yoy": 19.041023854661407, 
        "accumulated_operating_revenue": 1421626, 
        "long_term_average": 1505524, 
        "date": "2014-01-31", 
        "operating_revenue": 1421626, 
        "short_term_average": 2141877
    }, 
    {
        "accumulated_operating_revenue_yoy": 34.93152419050142, 
        "accumulated_operating_revenue": 2771310, 
        "long_term_average": 1546362, 
        "date": "2014-02-28", 
        "operating_revenue": 1349684, 
        "short_term_average": 2105042
    }, 
    {
        "accumulated_operating_revenue_yoy": 36.67647718301261, 
        "accumulated_operating_revenue": 4352241, 
        "long_term_average": 1583900, 
        "date": "2014-03-31", 
        "operating_revenue": 1580931, 
        "short_term_average": 1450747
    }, 
    {
        "accumulated_operating_revenue_yoy": 41.567796374971834, 
        "accumulated_operating_revenue": 6376164, 
        "long_term_average": 1642591, 
        "date": "2014-04-30", 
        "operating_revenue": 2023923, 
        "short_term_average": 1651512
    }, 
    {
        "accumulated_operating_revenue_yoy": 51.174677153925465, 
        "accumulated_operating_revenue": 8765522, 
        "long_term_average": 1733845, 
        "date": "2014-05-31", 
        "operating_revenue": 2389358, 
        "short_term_average": 1998070
    }, 
    {
        "accumulated_operating_revenue_yoy": 56.57671660339806, 
        "accumulated_operating_revenue": 11198027, 
        "long_term_average": 1823762, 
        "date": "2014-06-30", 
        "operating_revenue": 2432505, 
        "short_term_average": 2281928
    }, 
    {
        "accumulated_operating_revenue_yoy": 45.99358718304309, 
        "accumulated_operating_revenue": 12518061, 
        "long_term_average": 1815214, 
        "date": "2014-07-31", 
        "operating_revenue": 1320034, 
        "short_term_average": 2047299
    }, 
    {
        "accumulated_operating_revenue_yoy": 40.31823116539181, 
        "accumulated_operating_revenue": 13895612, 
        "long_term_average": 1819298, 
        "date": "2014-08-31", 
        "operating_revenue": 1377551, 
        "short_term_average": 1710030
    }, 
    {
        "accumulated_operating_revenue_yoy": 36.852102076077855, 
        "accumulated_operating_revenue": 15712748, 
        "long_term_average": 1839174, 
        "date": "2014-09-30", 
        "operating_revenue": 1817136, 
        "short_term_average": 1504907
    }, 
    {
        "accumulated_operating_revenue_yoy": 36.93253431368157, 
        "accumulated_operating_revenue": 17575147, 
        "long_term_average": 1881596, 
        "date": "2014-10-31", 
        "operating_revenue": 1862399, 
        "short_term_average": 1685695
    }, 
    {
        "accumulated_operating_revenue_yoy": 35.61275081610218, 
        "accumulated_operating_revenue": 19385958, 
        "long_term_average": 1910814, 
        "date": "2014-11-30", 
        "operating_revenue": 1810811, 
        "short_term_average": 1830115
    }, 
    {
        "accumulated_operating_revenue_yoy": 19.01672535675122, 
        "accumulated_operating_revenue": 21231277, 
        "long_term_average": 1769273, 
        "date": "2014-12-31", 
        "operating_revenue": 1845319, 
        "short_term_average": 1839509
    }, 
    {
        "accumulated_operating_revenue_yoy": 270.46185142927885, 
        "accumulated_operating_revenue": 5266582, 
        "long_term_average": 2089686, 
        "date": "2015-01-31", 
        "operating_revenue": 5266582, 
        "short_term_average": 2974237
    }, 
    {
        "accumulated_operating_revenue_yoy": 133.93514258599723, 
        "accumulated_operating_revenue": 6483068, 
        "long_term_average": 2078586, 
        "date": "2015-02-28", 
        "operating_revenue": 1216486, 
        "short_term_average": 2776129
    }, 
    {
        "accumulated_operating_revenue_yoy": 84.4498730653932, 
        "accumulated_operating_revenue": 8027703, 
        "long_term_average": 2075561, 
        "date": "2015-03-31", 
        "operating_revenue": 1544635, 
        "short_term_average": 2675901
    }, 
    {
        "accumulated_operating_revenue_yoy": 48.837576950655595, 
        "accumulated_operating_revenue": 9490128, 
        "long_term_average": 2028770, 
        "date": "2015-04-30", 
        "operating_revenue": 1462425, 
        "short_term_average": 1407848
    }, 
    {
        "accumulated_operating_revenue_yoy": 24.048870107222363, 
        "accumulated_operating_revenue": 10873531, 
        "long_term_average": 1944940, 
        "date": "2015-05-31", 
        "operating_revenue": 1383403, 
        "short_term_average": 1463487
    }, 
    {
        "accumulated_operating_revenue_yoy": 10.972959790148746, 
        "accumulated_operating_revenue": 12426782, 
        "long_term_average": 1871669, 
        "date": "2015-06-30", 
        "operating_revenue": 1553251, 
        "short_term_average": 1466359
    }, 
    {
        "accumulated_operating_revenue_yoy": 9.793944924856973, 
        "accumulated_operating_revenue": 13744073, 
        "long_term_average": 1871440, 
        "date": "2015-07-31", 
        "operating_revenue": 1317291, 
        "short_term_average": 1417981
    }, 
    {
        "accumulated_operating_revenue_yoy": 8.904847084101082, 
        "accumulated_operating_revenue": 15132995, 
        "long_term_average": 1872388, 
        "date": "2015-08-31", 
        "operating_revenue": 1388922, 
        "short_term_average": 1419821
    }, 
    {
        "accumulated_operating_revenue_yoy": 4.043124729041668, 
        "accumulated_operating_revenue": 16348034, 
        "long_term_average": 1822213, 
        "date": "2015-09-30", 
        "operating_revenue": 1215039, 
        "short_term_average": 1307084
    }
]