[
    {
        "date": "2011-09-30", 
        "operating_revenue": 1440275, 
        "accumulated_operating_revenue": 1440275, 
        "long_term_average": 1440275, 
        "short_term_average": 1440275
    }, 
    {
        "date": "2011-10-31", 
        "operating_revenue": 1609271, 
        "accumulated_operating_revenue": 3049546, 
        "long_term_average": 1524773, 
        "short_term_average": 1524773
    }, 
    {
        "date": "2011-11-30", 
        "operating_revenue": 1704346, 
        "accumulated_operating_revenue": 4753892, 
        "long_term_average": 1584630, 
        "short_term_average": 1584630
    }, 
    {
        "date": "2011-12-31", 
        "operating_revenue": 1263013, 
        "accumulated_operating_revenue": 6016905, 
        "long_term_average": 1504226, 
        "short_term_average": 1525543
    }, 
    {
        "date": "2012-01-31", 
        "operating_revenue": 969815, 
        "accumulated_operating_revenue": 969815, 
        "long_term_average": 1397344, 
        "short_term_average": 1312391
    }, 
    {
        "date": "2012-02-29", 
        "operating_revenue": 1076186, 
        "accumulated_operating_revenue": 2046001, 
        "long_term_average": 1343817, 
        "short_term_average": 1103004
    }, 
    {
        "date": "2012-03-31", 
        "operating_revenue": 1258794, 
        "accumulated_operating_revenue": 3304795, 
        "long_term_average": 1331671, 
        "short_term_average": 1101598
    }, 
    {
        "date": "2012-04-30", 
        "operating_revenue": 1054480, 
        "accumulated_operating_revenue": 4359275, 
        "long_term_average": 1297022, 
        "short_term_average": 1129820
    }, 
    {
        "date": "2012-05-31", 
        "operating_revenue": 1148148, 
        "accumulated_operating_revenue": 5507423, 
        "long_term_average": 1280480, 
        "short_term_average": 1153807
    }, 
    {
        "date": "2012-06-30", 
        "operating_revenue": 1518360, 
        "accumulated_operating_revenue": 7025783, 
        "long_term_average": 1304268, 
        "short_term_average": 1240329
    }, 
    {
        "date": "2012-07-31", 
        "operating_revenue": 1166048, 
        "accumulated_operating_revenue": 8191831, 
        "long_term_average": 1291703, 
        "short_term_average": 1277518
    }, 
    {
        "date": "2012-08-31", 
        "operating_revenue": 1198793, 
        "accumulated_operating_revenue": 9390624, 
        "long_term_average": 1283960, 
        "short_term_average": 1294400
    }, 
    {
        "accumulated_operating_revenue_yoy": 647.3922688375484, 
        "accumulated_operating_revenue": 10764504, 
        "long_term_average": 1278427, 
        "date": "2012-09-30", 
        "operating_revenue": 1373880, 
        "short_term_average": 1246240
    }, 
    {
        "accumulated_operating_revenue_yoy": 294.54390915893714, 
        "accumulated_operating_revenue": 12031798, 
        "long_term_average": 1249929, 
        "date": "2012-10-31", 
        "operating_revenue": 1267294, 
        "short_term_average": 1279989
    }, 
    {
        "accumulated_operating_revenue_yoy": 179.19046120526087, 
        "accumulated_operating_revenue": 13272413, 
        "long_term_average": 1211285, 
        "date": "2012-11-30", 
        "operating_revenue": 1240615, 
        "short_term_average": 1293929
    }, 
    {
        "accumulated_operating_revenue_yoy": 150.61136913413125, 
        "accumulated_operating_revenue": 15079048, 
        "long_term_average": 1256587, 
        "date": "2012-12-31", 
        "operating_revenue": 1806635, 
        "short_term_average": 1438181
    }, 
    {
        "accumulated_operating_revenue_yoy": 13.62414481112377, 
        "accumulated_operating_revenue": 1101944, 
        "long_term_average": 1267598, 
        "date": "2013-01-31", 
        "operating_revenue": 1101944, 
        "short_term_average": 1383064
    }, 
    {
        "accumulated_operating_revenue_yoy": 2.6222861083645608, 
        "accumulated_operating_revenue": 2099653, 
        "long_term_average": 1261058, 
        "date": "2013-02-28", 
        "operating_revenue": 997709, 
        "short_term_average": 1302096
    }, 
    {
        "accumulated_operating_revenue_yoy": 0.5311675913331991, 
        "accumulated_operating_revenue": 3322349, 
        "long_term_average": 1258050, 
        "date": "2013-03-31", 
        "operating_revenue": 1222696, 
        "short_term_average": 1107449
    }, 
    {
        "accumulated_operating_revenue_yoy": 4.4186017170286345, 
        "accumulated_operating_revenue": 4551894, 
        "long_term_average": 1272638, 
        "date": "2013-04-30", 
        "operating_revenue": 1229545, 
        "short_term_average": 1149983
    }, 
    {
        "accumulated_operating_revenue_yoy": 10.028102072421168, 
        "accumulated_operating_revenue": 6059713, 
        "long_term_average": 1302611, 
        "date": "2013-05-31", 
        "operating_revenue": 1507819, 
        "short_term_average": 1320020
    }, 
    {
        "accumulated_operating_revenue_yoy": 9.599513676980914, 
        "accumulated_operating_revenue": 7700224, 
        "long_term_average": 1312790, 
        "date": "2013-06-30", 
        "operating_revenue": 1640511, 
        "short_term_average": 1459291
    }, 
    {
        "accumulated_operating_revenue_yoy": 10.178896512879723, 
        "accumulated_operating_revenue": 9025669, 
        "long_term_average": 1326073, 
        "date": "2013-07-31", 
        "operating_revenue": 1325445, 
        "short_term_average": 1491258
    }, 
    {
        "accumulated_operating_revenue_yoy": 12.623602009834489, 
        "accumulated_operating_revenue": 10576059, 
        "long_term_average": 1355373, 
        "date": "2013-08-31", 
        "operating_revenue": 1550390, 
        "short_term_average": 1505448
    }, 
    {
        "accumulated_operating_revenue_yoy": 13.523660727888624, 
        "accumulated_operating_revenue": 12220259, 
        "long_term_average": 1377900, 
        "date": "2013-09-30", 
        "operating_revenue": 1644200, 
        "short_term_average": 1506678
    }, 
    {
        "accumulated_operating_revenue_yoy": 14.846052102935904, 
        "accumulated_operating_revenue": 13818045, 
        "long_term_average": 1405441, 
        "date": "2013-10-31", 
        "operating_revenue": 1597786, 
        "short_term_average": 1597458
    }, 
    {
        "accumulated_operating_revenue_yoy": 18.216242969533873, 
        "accumulated_operating_revenue": 15690148, 
        "long_term_average": 1458065, 
        "date": "2013-11-30", 
        "operating_revenue": 1872103, 
        "short_term_average": 1704696
    }, 
    {
        "accumulated_operating_revenue_yoy": 16.724855574436795, 
        "accumulated_operating_revenue": 17600997, 
        "long_term_average": 1466749, 
        "date": "2013-12-31", 
        "operating_revenue": 1910849, 
        "short_term_average": 1793579
    }, 
    {
        "accumulated_operating_revenue_yoy": 2.7737344184459465, 
        "accumulated_operating_revenue": 1132509, 
        "long_term_average": 1469296, 
        "date": "2014-01-31", 
        "operating_revenue": 1132509, 
        "short_term_average": 1638487
    }, 
    {
        "accumulated_operating_revenue_yoy": 6.674531458293346, 
        "accumulated_operating_revenue": 2239795, 
        "long_term_average": 1478428, 
        "date": "2014-02-28", 
        "operating_revenue": 1107286, 
        "short_term_average": 1383548
    }, 
    {
        "accumulated_operating_revenue_yoy": 16.492788686558818, 
        "accumulated_operating_revenue": 3870297, 
        "long_term_average": 1512412, 
        "date": "2014-03-31", 
        "operating_revenue": 1630502, 
        "short_term_average": 1290099
    }, 
    {
        "accumulated_operating_revenue_yoy": 19.16452799647795, 
        "accumulated_operating_revenue": 5424243, 
        "long_term_average": 1539445, 
        "date": "2014-04-30", 
        "operating_revenue": 1553946, 
        "short_term_average": 1430578
    }, 
    {
        "accumulated_operating_revenue_yoy": 20.755025856835132, 
        "accumulated_operating_revenue": 7317408, 
        "long_term_average": 1571557, 
        "date": "2014-05-31", 
        "operating_revenue": 1893165, 
        "short_term_average": 1692537
    }, 
    {
        "accumulated_operating_revenue_yoy": 22.37719318295156, 
        "accumulated_operating_revenue": 9423318, 
        "long_term_average": 1610340, 
        "date": "2014-06-30", 
        "operating_revenue": 2105910, 
        "short_term_average": 1851007
    }, 
    {
        "accumulated_operating_revenue_yoy": 28.0720465153331, 
        "accumulated_operating_revenue": 11559359, 
        "long_term_average": 1677890, 
        "date": "2014-07-31", 
        "operating_revenue": 2136041, 
        "short_term_average": 2045038
    }, 
    {
        "accumulated_operating_revenue_yoy": 28.441823178180076, 
        "accumulated_operating_revenue": 13584083, 
        "long_term_average": 1717418, 
        "date": "2014-08-31", 
        "operating_revenue": 2024724, 
        "short_term_average": 2088891
    }, 
    {
        "accumulated_operating_revenue_yoy": 26.904830740494123, 
        "accumulated_operating_revenue": 15508099, 
        "long_term_average": 1740736, 
        "date": "2014-09-30", 
        "operating_revenue": 1924016, 
        "short_term_average": 2028260
    }, 
    {
        "accumulated_operating_revenue_yoy": 28.10645789617851, 
        "accumulated_operating_revenue": 17701808, 
        "long_term_average": 1790396, 
        "date": "2014-10-31", 
        "operating_revenue": 2193709, 
        "short_term_average": 2047483
    }, 
    {
        "accumulated_operating_revenue_yoy": 23.28256559466488, 
        "accumulated_operating_revenue": 19343217, 
        "long_term_average": 1771172, 
        "date": "2014-11-30", 
        "operating_revenue": 1641409, 
        "short_term_average": 1919711
    }, 
    {
        "accumulated_operating_revenue_yoy": 20.704406687871145, 
        "accumulated_operating_revenue": 21245179, 
        "long_term_average": 1770431, 
        "date": "2014-12-31", 
        "operating_revenue": 1901962, 
        "short_term_average": 1912360
    }, 
    {
        "accumulated_operating_revenue_yoy": 41.36355649270778, 
        "accumulated_operating_revenue": 1600955, 
        "long_term_average": 1809468, 
        "date": "2015-01-31", 
        "operating_revenue": 1600955, 
        "short_term_average": 1714775
    }, 
    {
        "accumulated_operating_revenue_yoy": 40.95973068963901, 
        "accumulated_operating_revenue": 3157209, 
        "long_term_average": 1846882, 
        "date": "2015-02-28", 
        "operating_revenue": 1556254, 
        "short_term_average": 1686390
    }, 
    {
        "accumulated_operating_revenue_yoy": 25.81589991672474, 
        "accumulated_operating_revenue": 4869449, 
        "long_term_average": 1853694, 
        "date": "2015-03-31", 
        "operating_revenue": 1712240, 
        "short_term_average": 1623149
    }, 
    {
        "accumulated_operating_revenue_yoy": 18.874006935161276, 
        "accumulated_operating_revenue": 6448015, 
        "long_term_average": 1855745, 
        "date": "2015-04-30", 
        "operating_revenue": 1578566, 
        "short_term_average": 1615686
    }, 
    {
        "accumulated_operating_revenue_yoy": 9.540605088577813, 
        "accumulated_operating_revenue": 8015533, 
        "long_term_average": 1828608, 
        "date": "2015-05-31", 
        "operating_revenue": 1567518, 
        "short_term_average": 1619441
    }, 
    {
        "accumulated_operating_revenue_yoy": 8.14019011138115, 
        "accumulated_operating_revenue": 10190394, 
        "long_term_average": 1834354, 
        "date": "2015-06-30", 
        "operating_revenue": 2174861, 
        "short_term_average": 1773648
    }, 
    {
        "accumulated_operating_revenue_yoy": 2.3365136423222084, 
        "accumulated_operating_revenue": 11829445, 
        "long_term_average": 1792938, 
        "date": "2015-07-31", 
        "operating_revenue": 1639051, 
        "short_term_average": 1793810
    }, 
    {
        "accumulated_operating_revenue_yoy": 0.6030219338324125, 
        "accumulated_operating_revenue": 13665998, 
        "long_term_average": 1777257, 
        "date": "2015-08-31", 
        "operating_revenue": 1836553, 
        "short_term_average": 1883488
    }
]