[
    {
        "date": "2011-09-30", 
        "operating_revenue": 371786, 
        "accumulated_operating_revenue": 371786, 
        "long_term_average": 371786, 
        "short_term_average": 371786
    }, 
    {
        "date": "2011-10-31", 
        "operating_revenue": 410491, 
        "accumulated_operating_revenue": 782277, 
        "long_term_average": 391138, 
        "short_term_average": 391138
    }, 
    {
        "date": "2011-11-30", 
        "operating_revenue": 414699, 
        "accumulated_operating_revenue": 1196976, 
        "long_term_average": 398992, 
        "short_term_average": 398992
    }, 
    {
        "date": "2011-12-31", 
        "operating_revenue": 394948, 
        "accumulated_operating_revenue": 1591924, 
        "long_term_average": 397981, 
        "short_term_average": 406712
    }, 
    {
        "date": "2012-01-31", 
        "operating_revenue": 407068, 
        "accumulated_operating_revenue": 407068, 
        "long_term_average": 399798, 
        "short_term_average": 405571
    }, 
    {
        "date": "2012-02-29", 
        "operating_revenue": 357115, 
        "accumulated_operating_revenue": 764183, 
        "long_term_average": 392684, 
        "short_term_average": 386377
    }, 
    {
        "date": "2012-03-31", 
        "operating_revenue": 409930, 
        "accumulated_operating_revenue": 1174113, 
        "long_term_average": 395148, 
        "short_term_average": 391371
    }, 
    {
        "date": "2012-04-30", 
        "operating_revenue": 368794, 
        "accumulated_operating_revenue": 1542907, 
        "long_term_average": 391853, 
        "short_term_average": 378613
    }, 
    {
        "date": "2012-05-31", 
        "operating_revenue": 476176, 
        "accumulated_operating_revenue": 2019083, 
        "long_term_average": 401223, 
        "short_term_average": 418300
    }, 
    {
        "date": "2012-06-30", 
        "operating_revenue": 384437, 
        "accumulated_operating_revenue": 2403520, 
        "long_term_average": 399544, 
        "short_term_average": 409802
    }, 
    {
        "date": "2012-07-31", 
        "operating_revenue": 362606, 
        "accumulated_operating_revenue": 2766126, 
        "long_term_average": 396186, 
        "short_term_average": 407739
    }, 
    {
        "date": "2012-08-31", 
        "operating_revenue": 390094, 
        "accumulated_operating_revenue": 3156220, 
        "long_term_average": 395678, 
        "short_term_average": 379045
    }, 
    {
        "accumulated_operating_revenue_yoy": 840.3197000424976, 
        "accumulated_operating_revenue": 3495977, 
        "long_term_average": 393009, 
        "date": "2012-09-30", 
        "operating_revenue": 339757, 
        "short_term_average": 364152
    }, 
    {
        "accumulated_operating_revenue_yoy": 399.6260915251247, 
        "accumulated_operating_revenue": 3908460, 
        "long_term_average": 393175, 
        "date": "2012-10-31", 
        "operating_revenue": 412483, 
        "short_term_average": 380778
    }, 
    {
        "accumulated_operating_revenue_yoy": 260.9404866931333, 
        "accumulated_operating_revenue": 4320371, 
        "long_term_average": 392943, 
        "date": "2012-11-30", 
        "operating_revenue": 411911, 
        "short_term_average": 388050
    }, 
    {
        "accumulated_operating_revenue_yoy": 195.7259894316563, 
        "accumulated_operating_revenue": 4707733, 
        "long_term_average": 392311, 
        "date": "2012-12-31", 
        "operating_revenue": 387362, 
        "short_term_average": 403918
    }, 
    {
        "accumulated_operating_revenue_yoy": 17.49584835948785, 
        "accumulated_operating_revenue": 478288, 
        "long_term_average": 398246, 
        "date": "2013-01-31", 
        "operating_revenue": 478288, 
        "short_term_average": 425853
    }, 
    {
        "accumulated_operating_revenue_yoy": 2.8521963979832057, 
        "accumulated_operating_revenue": 785979, 
        "long_term_average": 394127, 
        "date": "2013-02-28", 
        "operating_revenue": 307691, 
        "short_term_average": 391113
    }, 
    {
        "accumulated_operating_revenue_yoy": -1.8119209990861185, 
        "accumulated_operating_revenue": 1152839, 
        "long_term_average": 390538, 
        "date": "2013-03-31", 
        "operating_revenue": 366860, 
        "short_term_average": 384279
    }, 
    {
        "accumulated_operating_revenue_yoy": -0.6195447943395163, 
        "accumulated_operating_revenue": 1533348, 
        "long_term_average": 391514, 
        "date": "2013-04-30", 
        "operating_revenue": 380509, 
        "short_term_average": 351686
    }, 
    {
        "accumulated_operating_revenue_yoy": -0.5319246410375403, 
        "accumulated_operating_revenue": 2008343, 
        "long_term_average": 391416, 
        "date": "2013-05-31", 
        "operating_revenue": 474995, 
        "short_term_average": 407454
    }, 
    {
        "accumulated_operating_revenue_yoy": -1.784008454267075, 
        "accumulated_operating_revenue": 2360641, 
        "long_term_average": 388737, 
        "date": "2013-06-30", 
        "operating_revenue": 352298, 
        "short_term_average": 402600
    }, 
    {
        "accumulated_operating_revenue_yoy": 0.19200137665457034, 
        "accumulated_operating_revenue": 2771437, 
        "long_term_average": 392753, 
        "date": "2013-07-31", 
        "operating_revenue": 410796, 
        "short_term_average": 412696
    }, 
    {
        "accumulated_operating_revenue_yoy": 2.277090950567451, 
        "accumulated_operating_revenue": 3228090, 
        "long_term_average": 398300, 
        "date": "2013-08-31", 
        "operating_revenue": 456653, 
        "short_term_average": 406582
    }, 
    {
        "accumulated_operating_revenue_yoy": 4.63867468235632, 
        "accumulated_operating_revenue": 3658144, 
        "long_term_average": 405825, 
        "date": "2013-09-30", 
        "operating_revenue": 430054, 
        "short_term_average": 432501
    }, 
    {
        "accumulated_operating_revenue_yoy": 5.591716430512273, 
        "accumulated_operating_revenue": 4127010, 
        "long_term_average": 410523, 
        "date": "2013-10-31", 
        "operating_revenue": 468866, 
        "short_term_average": 451857
    }, 
    {
        "accumulated_operating_revenue_yoy": 6.975998126086857, 
        "accumulated_operating_revenue": 4621760, 
        "long_term_average": 417426, 
        "date": "2013-11-30", 
        "operating_revenue": 494750, 
        "short_term_average": 464556
    }, 
    {
        "accumulated_operating_revenue_yoy": 7.8896360520021, 
        "accumulated_operating_revenue": 5079156, 
        "long_term_average": 423263, 
        "date": "2013-12-31", 
        "operating_revenue": 457396, 
        "short_term_average": 473670
    }, 
    {
        "accumulated_operating_revenue_yoy": 12.825745157729235, 
        "accumulated_operating_revenue": 539632, 
        "long_term_average": 428375, 
        "date": "2014-01-31", 
        "operating_revenue": 539632, 
        "short_term_average": 497259
    }, 
    {
        "accumulated_operating_revenue_yoy": 14.223026314952437, 
        "accumulated_operating_revenue": 897769, 
        "long_term_average": 432578, 
        "date": "2014-02-28", 
        "operating_revenue": 358137, 
        "short_term_average": 451721
    }, 
    {
        "accumulated_operating_revenue_yoy": 16.773547737368357, 
        "accumulated_operating_revenue": 1346211, 
        "long_term_average": 439377, 
        "date": "2014-03-31", 
        "operating_revenue": 448442, 
        "short_term_average": 448737
    }, 
    {
        "accumulated_operating_revenue_yoy": 18.510670767497007, 
        "accumulated_operating_revenue": 1817181, 
        "long_term_average": 446915, 
        "date": "2014-04-30", 
        "operating_revenue": 470970, 
        "short_term_average": 425849
    }, 
    {
        "accumulated_operating_revenue_yoy": 19.593366272593872, 
        "accumulated_operating_revenue": 2401845, 
        "long_term_average": 456054, 
        "date": "2014-05-31", 
        "operating_revenue": 584664, 
        "short_term_average": 501358
    }, 
    {
        "accumulated_operating_revenue_yoy": 20.485537614571637, 
        "accumulated_operating_revenue": 2844231, 
        "long_term_average": 463562, 
        "date": "2014-06-30", 
        "operating_revenue": 442386, 
        "short_term_average": 499340
    }, 
    {
        "accumulated_operating_revenue_yoy": 19.75007911058415, 
        "accumulated_operating_revenue": 3318798, 
        "long_term_average": 468876, 
        "date": "2014-07-31", 
        "operating_revenue": 474567, 
        "short_term_average": 500539
    }, 
    {
        "accumulated_operating_revenue_yoy": 18.70744000322172, 
        "accumulated_operating_revenue": 3831983, 
        "long_term_average": 473587, 
        "date": "2014-08-31", 
        "operating_revenue": 513185, 
        "short_term_average": 476712
    }, 
    {
        "accumulated_operating_revenue_yoy": 17.42703403693239, 
        "accumulated_operating_revenue": 4295650, 
        "long_term_average": 476388, 
        "date": "2014-09-30", 
        "operating_revenue": 463667, 
        "short_term_average": 483806
    }, 
    {
        "accumulated_operating_revenue_yoy": 16.88428184084846, 
        "accumulated_operating_revenue": 4823826, 
        "long_term_average": 481331, 
        "date": "2014-10-31", 
        "operating_revenue": 528176, 
        "short_term_average": 501676
    }, 
    {
        "accumulated_operating_revenue_yoy": 15.560479124835561, 
        "accumulated_operating_revenue": 5340928, 
        "long_term_average": 483193, 
        "date": "2014-11-30", 
        "operating_revenue": 517102, 
        "short_term_average": 502981
    }, 
    {
        "accumulated_operating_revenue_yoy": 14.911453792716742, 
        "accumulated_operating_revenue": 5836532, 
        "long_term_average": 486377, 
        "date": "2014-12-31", 
        "operating_revenue": 495604, 
        "short_term_average": 513627
    }, 
    {
        "accumulated_operating_revenue_yoy": 0.30780235419693425, 
        "accumulated_operating_revenue": 541293, 
        "long_term_average": 486516, 
        "date": "2015-01-31", 
        "operating_revenue": 541293, 
        "short_term_average": 517999
    }, 
    {
        "accumulated_operating_revenue_yoy": 5.738669969669258, 
        "accumulated_operating_revenue": 949289, 
        "long_term_average": 490671, 
        "date": "2015-02-28", 
        "operating_revenue": 407996, 
        "short_term_average": 481631
    }, 
    {
        "accumulated_operating_revenue_yoy": 7.234898541164796, 
        "accumulated_operating_revenue": 1443608, 
        "long_term_average": 494494, 
        "date": "2015-03-31", 
        "operating_revenue": 494319, 
        "short_term_average": 481202
    }, 
    {
        "accumulated_operating_revenue_yoy": 7.2530474399633285, 
        "accumulated_operating_revenue": 1948982, 
        "long_term_average": 497361, 
        "date": "2015-04-30", 
        "operating_revenue": 505374, 
        "short_term_average": 469229
    }, 
    {
        "accumulated_operating_revenue_yoy": 3.419995878168658, 
        "accumulated_operating_revenue": 2483988, 
        "long_term_average": 493222, 
        "date": "2015-05-31", 
        "operating_revenue": 535006, 
        "short_term_average": 511566
    }, 
    {
        "accumulated_operating_revenue_yoy": 4.963134147683504, 
        "accumulated_operating_revenue": 2985394, 
        "long_term_average": 498141, 
        "date": "2015-06-30", 
        "operating_revenue": 501406, 
        "short_term_average": 513928
    }, 
    {
        "accumulated_operating_revenue_yoy": 4.9255182147271395, 
        "accumulated_operating_revenue": 3482266, 
        "long_term_average": 500000, 
        "date": "2015-07-31", 
        "operating_revenue": 496872, 
        "short_term_average": 511094
    }, 
    {
        "accumulated_operating_revenue_yoy": 3.714317104225149, 
        "accumulated_operating_revenue": 3974315, 
        "long_term_average": 498238, 
        "date": "2015-08-31", 
        "operating_revenue": 492049, 
        "short_term_average": 496775
    }
]