[
    {
        "date": "2013-09-30", 
        "operating_revenue": 1703657, 
        "accumulated_operating_revenue": 1703657, 
        "long_term_average": 1703657, 
        "short_term_average": 1703657
    }, 
    {
        "date": "2013-10-31", 
        "operating_revenue": 3024574, 
        "accumulated_operating_revenue": 4728231, 
        "long_term_average": 2364115, 
        "short_term_average": 2364115
    }, 
    {
        "date": "2013-11-30", 
        "operating_revenue": 4024633, 
        "accumulated_operating_revenue": 8752864, 
        "long_term_average": 2917621, 
        "short_term_average": 2917621
    }, 
    {
        "date": "2013-12-31", 
        "operating_revenue": 3144070, 
        "accumulated_operating_revenue": 11896934, 
        "long_term_average": 2974233, 
        "short_term_average": 3397759
    }, 
    {
        "date": "2014-01-31", 
        "operating_revenue": 3293735, 
        "accumulated_operating_revenue": 3293735, 
        "long_term_average": 3038133, 
        "short_term_average": 3487479
    }, 
    {
        "date": "2014-02-28", 
        "operating_revenue": 2563623, 
        "accumulated_operating_revenue": 5857358, 
        "long_term_average": 2959048, 
        "short_term_average": 3000476
    }, 
    {
        "date": "2014-03-31", 
        "operating_revenue": 2652127, 
        "accumulated_operating_revenue": 8509485, 
        "long_term_average": 2915202, 
        "short_term_average": 2836495
    }, 
    {
        "date": "2014-04-30", 
        "operating_revenue": 4186795, 
        "accumulated_operating_revenue": 12696280, 
        "long_term_average": 3074151, 
        "short_term_average": 3134181
    }, 
    {
        "date": "2014-05-31", 
        "operating_revenue": 4339320, 
        "accumulated_operating_revenue": 17035600, 
        "long_term_average": 3214726, 
        "short_term_average": 3726080
    }, 
    {
        "date": "2014-06-30", 
        "operating_revenue": 3141433, 
        "accumulated_operating_revenue": 20177033, 
        "long_term_average": 3207396, 
        "short_term_average": 3889182
    }, 
    {
        "date": "2014-07-31", 
        "operating_revenue": 3665880, 
        "accumulated_operating_revenue": 23842913, 
        "long_term_average": 3249077, 
        "short_term_average": 3715544
    }, 
    {
        "date": "2014-08-31", 
        "operating_revenue": 3169210, 
        "accumulated_operating_revenue": 27012123, 
        "long_term_average": 3242421, 
        "short_term_average": 3325507
    }, 
    {
        "accumulated_operating_revenue_yoy": 1674.5972340676556, 
        "accumulated_operating_revenue": 30233050, 
        "long_term_average": 3368860, 
        "date": "2014-09-30", 
        "operating_revenue": 3220927, 
        "short_term_average": 3352005
    }, 
    {
        "accumulated_operating_revenue_yoy": 617.6559690082823, 
        "accumulated_operating_revenue": 33932432, 
        "long_term_average": 3425094, 
        "date": "2014-10-31", 
        "operating_revenue": 3699382, 
        "short_term_average": 3363173
    }, 
    {
        "accumulated_operating_revenue_yoy": 329.60739479100783, 
        "accumulated_operating_revenue": 37602951, 
        "long_term_average": 3395585, 
        "date": "2014-11-30", 
        "operating_revenue": 3670519, 
        "short_term_average": 3530276
    }, 
    {
        "accumulated_operating_revenue_yoy": 253.53934047209137, 
        "accumulated_operating_revenue": 42060342, 
        "long_term_average": 3505028, 
        "date": "2014-12-31", 
        "operating_revenue": 4457391, 
        "short_term_average": 3942430
    }, 
    {
        "accumulated_operating_revenue_yoy": 18.47498356728759, 
        "accumulated_operating_revenue": 3902252, 
        "long_term_average": 3555738, 
        "date": "2015-01-31", 
        "operating_revenue": 3902252, 
        "short_term_average": 4010054
    }, 
    {
        "accumulated_operating_revenue_yoy": 41.64915308232825, 
        "accumulated_operating_revenue": 8296898, 
        "long_term_average": 3708323, 
        "date": "2015-02-28", 
        "operating_revenue": 4394646, 
        "short_term_average": 4251429
    }, 
    {
        "accumulated_operating_revenue_yoy": 57.63412239401092, 
        "accumulated_operating_revenue": 13413852, 
        "long_term_average": 3913725, 
        "date": "2015-03-31", 
        "operating_revenue": 5116954, 
        "short_term_average": 4471284
    }, 
    {
        "accumulated_operating_revenue_yoy": 52.15804156808136, 
        "accumulated_operating_revenue": 19318411, 
        "long_term_average": 4056872, 
        "date": "2015-04-30", 
        "operating_revenue": 5904559, 
        "short_term_average": 5138719
    }, 
    {
        "accumulated_operating_revenue_yoy": 49.07058747563925, 
        "accumulated_operating_revenue": 25395069, 
        "long_term_average": 4201650, 
        "date": "2015-05-31", 
        "operating_revenue": 6076658, 
        "short_term_average": 5699390
    }, 
    {
        "accumulated_operating_revenue_yoy": 48.880710062772856, 
        "accumulated_operating_revenue": 30039710, 
        "long_term_average": 4326918, 
        "date": "2015-06-30", 
        "operating_revenue": 4644641, 
        "short_term_average": 5541952
    }, 
    {
        "accumulated_operating_revenue_yoy": 40.0937502896563, 
        "accumulated_operating_revenue": 33402431, 
        "long_term_average": 4301655, 
        "date": "2015-07-31", 
        "operating_revenue": 3362721, 
        "short_term_average": 4694673
    }, 
    {
        "accumulated_operating_revenue_yoy": 35.08303660545304, 
        "accumulated_operating_revenue": 36488796, 
        "long_term_average": 4294751, 
        "date": "2015-08-31", 
        "operating_revenue": 3086365, 
        "short_term_average": 3697909
    }, 
    {
        "accumulated_operating_revenue_yoy": 33.156902793466095, 
        "accumulated_operating_revenue": 40257393, 
        "long_term_average": 4340390, 
        "date": "2015-09-30", 
        "operating_revenue": 3768597, 
        "short_term_average": 3405894
    }
]