[
    {
        "date": "2014-10-31", 
        "operating_revenue": 241487, 
        "accumulated_operating_revenue": 241487, 
        "long_term_average": 241487, 
        "short_term_average": 241487
    }, 
    {
        "date": "2014-11-30", 
        "operating_revenue": 254775, 
        "accumulated_operating_revenue": 496262, 
        "long_term_average": 248131, 
        "short_term_average": 248131
    }, 
    {
        "date": "2014-12-31", 
        "operating_revenue": 253612, 
        "accumulated_operating_revenue": 749874, 
        "long_term_average": 249958, 
        "short_term_average": 249958
    }, 
    {
        "date": "2015-01-31", 
        "operating_revenue": 254992, 
        "accumulated_operating_revenue": 254992, 
        "long_term_average": 251216, 
        "short_term_average": 254459
    }, 
    {
        "date": "2015-02-28", 
        "operating_revenue": 256207, 
        "accumulated_operating_revenue": 511199, 
        "long_term_average": 252214, 
        "short_term_average": 254937
    }, 
    {
        "date": "2015-03-31", 
        "operating_revenue": 299601, 
        "accumulated_operating_revenue": 810800, 
        "long_term_average": 260112, 
        "short_term_average": 270266
    }, 
    {
        "date": "2015-04-30", 
        "operating_revenue": 285013, 
        "accumulated_operating_revenue": 1095813, 
        "long_term_average": 263669, 
        "short_term_average": 280273
    }, 
    {
        "date": "2015-05-31", 
        "operating_revenue": 281324, 
        "accumulated_operating_revenue": 1377137, 
        "long_term_average": 265876, 
        "short_term_average": 288646
    }, 
    {
        "date": "2015-06-30", 
        "operating_revenue": 281266, 
        "accumulated_operating_revenue": 1658403, 
        "long_term_average": 267586, 
        "short_term_average": 282534
    }, 
    {
        "date": "2015-07-31", 
        "operating_revenue": 236342, 
        "accumulated_operating_revenue": 1894745, 
        "long_term_average": 264461, 
        "short_term_average": 266310
    }, 
    {
        "date": "2015-08-31", 
        "operating_revenue": 244767, 
        "accumulated_operating_revenue": 2139512, 
        "long_term_average": 262671, 
        "short_term_average": 254125
    }, 
    {
        "date": "2015-09-30", 
        "operating_revenue": 265507, 
        "accumulated_operating_revenue": 2405019, 
        "long_term_average": 262907, 
        "short_term_average": 248872
    }
]